<!DOCTYPE html>
<meta charset="utf-8" />
<!-- version 1 -->
<title>[Gen 8] M4A VGC replay: El Cadaver vs. Eeveekid10TestsM4a</title>
<style>
html,body {font-family:Verdana, sans-serif;font-size:10pt;margin:0;padding:0;}body{padding:12px 0;} .battle-log {font-family:Verdana, sans-serif;font-size:10pt;} .battle-log-inline {border:1px solid #AAAAAA;background:#EEF2F5;color:black;max-width:640px;margin:0 auto 80px;padding-bottom:5px;} .battle-log .inner {padding:4px 8px 0px 8px;} .battle-log .inner-preempt {padding:0 8px 4px 8px;} .battle-log .inner-after {margin-top:0.5em;} .battle-log h2 {margin:0.5em -8px;padding:4px 8px;border:1px solid #AAAAAA;background:#E0E7EA;border-left:0;border-right:0;font-family:Verdana, sans-serif;font-size:13pt;} .battle-log .chat {vertical-align:middle;padding:3px 0 3px 0;font-size:8pt;} .battle-log .chat strong {color:#40576A;} .battle-log .chat em {padding:1px 4px 1px 3px;color:#000000;font-style:normal;} .chat.mine {background:rgba(0,0,0,0.05);margin-left:-8px;margin-right:-8px;padding-left:8px;padding-right:8px;} .spoiler {color:#BBBBBB;background:#BBBBBB;padding:0px 3px;} .spoiler:hover, .spoiler:active, .spoiler-shown {color:#000000;background:#E2E2E2;padding:0px 3px;} .spoiler a {color:#BBBBBB;} .spoiler:hover a, .spoiler:active a, .spoiler-shown a {color:#2288CC;} .chat code, .chat .spoiler:hover code, .chat .spoiler:active code, .chat .spoiler-shown code {border:1px solid #C0C0C0;background:#EEEEEE;color:black;padding:0 2px;} .chat .spoiler code {border:1px solid #CCCCCC;background:#CCCCCC;color:#CCCCCC;} .battle-log .rated {padding:3px 4px;} .battle-log .rated strong {color:white;background:#89A;padding:1px 4px;border-radius:4px;} .spacer {margin-top:0.5em;} .message-announce {background:#6688AA;color:white;padding:1px 4px 2px;} .message-announce a, .broadcast-green a, .broadcast-blue a, .broadcast-red a {color:#DDEEFF;} .broadcast-green {background-color:#559955;color:white;padding:2px 4px;} .broadcast-blue {background-color:#6688AA;color:white;padding:2px 4px;} .infobox {border:1px solid #6688AA;padding:2px 4px;} .infobox-limited {max-height:200px;overflow:auto;overflow-x:hidden;} .broadcast-red {background-color:#AA5544;color:white;padding:2px 4px;} .message-learn-canlearn {font-weight:bold;color:#228822;text-decoration:underline;} .message-learn-cannotlearn {font-weight:bold;color:#CC2222;text-decoration:underline;} .message-effect-weak {font-weight:bold;color:#CC2222;} .message-effect-resist {font-weight:bold;color:#6688AA;} .message-effect-immune {font-weight:bold;color:#666666;} .message-learn-list {margin-top:0;margin-bottom:0;} .message-throttle-notice, .message-error {color:#992222;} .message-overflow, .chat small.message-overflow {font-size:0pt;} .message-overflow::before {font-size:9pt;content:'...';} .subtle {color:#3A4A66;}
</style>
<div class="wrapper replay-wrapper" style="max-width:1180px;margin:0 auto">
<input type="hidden" name="replayid" value="dragonheaven-gen8m4avgc-269" />
<div class="battle"></div><div class="battle-log"></div><div class="replay-controls"></div><div class="replay-controls-2"></div>
<h1 style="font-weight:normal;text-align:center"><strong>[Gen 8] M4A VGC</strong><br /><a href="http://pokemonshowdown.com/users/elcadaver" class="subtle" target="_blank">El Cadaver</a> vs. <a href="http://pokemonshowdown.com/users/eeveekid10testsm4a" class="subtle" target="_blank">Eeveekid10TestsM4a</a></h1>
<script type="text/plain" class="battle-log-data">|j|☆El Cadaver
|j|☆Eeveekid10TestsM4a

|t:|1621044414
|player|p1|El Cadaver|pokemonranger-gen4|
|player|p2|Eeveekid10TestsM4a|liza|
|teamsize|p1|6
|teamsize|p2|6
|gametype|doubles
|gen|8
|tier|[Gen 8] M4A VGC
|clearpoke
|poke|p1|Orbeetle, L50, F|
|poke|p1|Excadrill, L50, M|
|poke|p1|Flygon, L50, M|
|poke|p1|Zapdos, L50|
|poke|p1|Incineroar, L50, F|
|poke|p1|Persian-Alola, L50, F|
|poke|p2|Slowking, L50, M|
|poke|p2|Cursola, L50, F|
|poke|p2|Jellicent, L50, F|
|poke|p2|Glastrier, L50|
|poke|p2|Arctozolt, L50|
|poke|p2|Amoonguss, L50, M|
|rule|Species Clause: Limit one of each Pokémon
|rule|Item Clause: Limit one of each item
|rule|Dynamax Clause: You cannot dynamax
|raw|<img src="https:\/\/www.smogon.com\/forums\/attachments\/banner_2-png.302358\/" height="65" width="381">
|-message|Welcome to Megas for All!
|-message|This is a National Dex-based format where we aim to give a new Mega Evolution to every Pokémon.
|-message|Just like any official format, you can still only Mega Evolve one Pokémon per team!
|-message|You can find our thread and metagame resources here:
|-message|https:\/\/www.smogon.com\/forums\/threads\/3671140\/
|teampreview|4
|inactive|Battle timer is ON: inactive players will automatically lose when time's up. (requested by Eeveekid10TestsM4a)
|inactive|Time left: 90 sec this turn | 420 sec total | 90 sec grace
|c|☆El Cadaver|hf
|c|☆Eeveekid10TestsM4a|Glhf
|inactive|El Cadaver has 60 seconds left.
|
|t:|1621044473
|start
|switch|p1a: Orbeetle|Orbeetle, L50, F|48\/48
|switch|p1b: Incineroar|Incineroar, L50, F|48\/48
|switch|p2a: Slowking|Slowking, L50, M|202\/202
|switch|p2b: Amoonguss|Amoonguss, L50, M|221\/221
|-item|p2a: Slowking|Slowkinite|[from] ability: Frisk|[of] p1a: Orbeetle|[identify]
|-item|p2b: Amoonguss|Eject Button|[from] ability: Frisk|[of] p1a: Orbeetle|[identify]
|-ability|p1b: Incineroar|Intimidate|boost
|-immune|p2a: Slowking|[from] ability: Oblivious
|-unboost|p2b: Amoonguss|atk|1
|turn|1
|inactive|Time left: 55 sec this turn | 420 sec total
|
|t:|1621044491
|detailschange|p1a: Orbeetle|Orbeetle-Mega, L50, F
|-mega|p1a: Orbeetle|Orbeetle|Orbeetlite
|-fieldstart|move: Gravity
|-start|p1a: Orbeetle|typechange|Bug\/Psychic|[silent]
|raw|<ul class="utilichart"><li class="result"><span class="col pokemonnamecol" style="white-space: nowrap">Orbeetle-Mega<\/span> <span class="col typecol"><img src="https:\/\/play.pokemonshowdown.com\/sprites\/types\/Bug.png" alt="Bug" height="14" width="32"><img src="https:\/\/play.pokemonshowdown.com\/sprites\/types\/Psychic.png" alt="Psychic" height="14" width="32"><\/span> <span style="float: left ; min-height: 26px"><span class="col abilitycol">Gravitas<\/span><span class="col abilitycol"><\/span><\/span><span style="float: left ; min-height: 26px"><span class="col statcol"><em>HP<\/em><br>60<\/span> <span class="col statcol"><em>Atk<\/em><br>45<\/span> <span class="col statcol"><em>Def<\/em><br>130<\/span> <span class="col statcol"><em>SpA<\/em><br>130<\/span> <span class="col statcol"><em>SpD<\/em><br>140<\/span> <span class="col statcol"><em>Spe<\/em><br>100<\/span> <\/span><\/li><li style="clear: both"><\/li><\/ul>
|detailschange|p2a: Slowking|Slowking-Mega, L50, M
|-mega|p2a: Slowking|Slowking|Slowkinite
|-activate|p2a: Slowking|ability: Counter-Clockwise Spiral|p2a: Slowking
|-fieldstart|move: Trick Room|[of] p2a: Slowking
|-start|p2a: Slowking|typechange|Water\/Psychic|[silent]
|raw|<ul class="utilichart"><li class="result"><span class="col pokemonnamecol" style="white-space: nowrap">Slowking-Mega<\/span> <span class="col typecol"><img src="https:\/\/play.pokemonshowdown.com\/sprites\/types\/Water.png" alt="Water" height="14" width="32"><img src="https:\/\/play.pokemonshowdown.com\/sprites\/types\/Psychic.png" alt="Psychic" height="14" width="32"><\/span> <span style="float: left ; min-height: 26px"><span class="col abilitycol">Counter-Clockwise Spiral<\/span><span class="col abilitycol"><\/span><\/span><span style="float: left ; min-height: 26px"><span class="col statcol"><em>HP<\/em><br>95<\/span> <span class="col statcol"><em>Atk<\/em><br>75<\/span> <span class="col statcol"><em>Def<\/em><br>80<\/span> <span class="col statcol"><em>SpA<\/em><br>110<\/span> <span class="col statcol"><em>SpD<\/em><br>110<\/span> <span class="col statcol"><em>Spe<\/em><br>120<\/span> <\/span><\/li><li style="clear: both"><\/li><\/ul>
|move|p2b: Amoonguss|Protect|p2b: Amoonguss
|-singleturn|p2b: Amoonguss|Protect
|move|p2a: Slowking|Protect|p2a: Slowking
|-singleturn|p2a: Slowking|Protect
|move|p1b: Incineroar|Fake Out|p2b: Amoonguss
|-activate|p2b: Amoonguss|move: Protect
|move|p1a: Orbeetle|Hypnosis|p2b: Amoonguss
|-activate|p2b: Amoonguss|move: Protect
|
|upkeep
|turn|2
|inactive|Time left: 55 sec this turn | 415 sec total
|inactive|Eeveekid10TestsM4a has 30 seconds left.
|
|t:|1621044524
|move|p1a: Orbeetle|Protect|p1a: Orbeetle
|-singleturn|p1a: Orbeetle|Protect
|move|p2b: Amoonguss|Spore|p1a: Orbeetle
|-activate|p1a: Orbeetle|move: Protect
|move|p1b: Incineroar|Taunt|p2b: Amoonguss
|-start|p2b: Amoonguss|move: Taunt
|move|p2a: Slowking|Substitute|p2a: Slowking
|-start|p2a: Slowking|Substitute
|-damage|p2a: Slowking|152\/202
|
|upkeep
|turn|3
|inactive|Time left: 55 sec this turn | 390 sec total
|inactive|Eeveekid10TestsM4a has 30 seconds left.
|
|t:|1621044551
|switch|p2b: Jellicent|Jellicent, L50, F|207\/207
|move|p2a: Slowking|Ally Switch|p2a: Slowking
|swap|p2a: Slowking|1|[from] move: Ally Switch
|move|p1b: Incineroar|Taunt|p2a: Jellicent
|-start|p2a: Jellicent|move: Taunt
|move|p1a: Orbeetle|Hypnosis||[still]
|-fail|p1a: Orbeetle
|
|upkeep
|turn|4
|inactive|Time left: 55 sec this turn | 365 sec total
|
|t:|1621044565
|move|p2b: Slowking|Protect|p2b: Slowking
|-singleturn|p2b: Slowking|Protect
|move|p2a: Jellicent|Water Spout|p1a: Orbeetle|[spread] p1a,p1b
|-supereffective|p1b: Incineroar
|-damage|p1a: Orbeetle|35\/48
|-damage|p1b: Incineroar|22\/48
|-enditem|p1b: Incineroar|Sitrus Berry|[eat]
|-heal|p1b: Incineroar|34\/48|[from] item: Sitrus Berry
|move|p1b: Incineroar|Parting Shot|p2a: Jellicent
|-unboost|p2a: Jellicent|atk|1
|-unboost|p2a: Jellicent|spa|1
|inactive|Time left: 55 sec this turn | 355 sec total
|
|t:|1621044571
|switch|p1b: Persian|Persian-Alola, L50, F|48\/48|[from]move: Parting Shot
|move|p1a: Orbeetle|Psychic|p2b: Slowking
|-activate|p2b: Slowking|move: Protect
|
|upkeep
|turn|5
|inactive|Time left: 55 sec this turn | 355 sec total
|
|t:|1621044590
|switch|p2a: Amoonguss|Amoonguss, L50, M|221\/221
|switch|p1a: Incineroar|Incineroar, L50, F|34\/48
|-ability|p1a: Incineroar|Intimidate|boost
|-unboost|p2a: Amoonguss|atk|1
|-immune|p2b: Slowking
|move|p2b: Slowking|Ally Switch|p2b: Slowking
|swap|p2b: Slowking|0|[from] move: Ally Switch
|move|p1b: Persian|Hypnosis||[still]
|-fail|p1b: Persian
|
|-fieldend|move: Gravity
|upkeep
|turn|6
|inactive|Time left: 55 sec this turn | 340 sec total
|
|t:|1621044607
|move|p2b: Amoonguss|Protect|p2b: Amoonguss
|-singleturn|p2b: Amoonguss|Protect
|move|p2a: Slowking|Protect|p2a: Slowking
|-singleturn|p2a: Slowking|Protect
|move|p1a: Incineroar|Fake Out|p2a: Slowking
|-activate|p2a: Slowking|move: Protect
|move|p1b: Persian|Parting Shot|p2a: Slowking
|-activate|p2a: Slowking|move: Protect
|
|upkeep
|turn|7
|inactive|Time left: 55 sec this turn | 325 sec total
|
|t:|1621044624
|move|p2a: Slowking|Ally Switch|p2a: Slowking
|swap|p2a: Slowking|1|[from] move: Ally Switch
|move|p2a: Amoonguss|Spore|p1a: Incineroar
|-status|p1a: Incineroar|slp|[from] move: Spore
|cant|p1a: Incineroar|slp
|move|p1b: Persian|Foul Play|p2a: Amoonguss
|-damage|p2a: Amoonguss|182\/221
|-enditem|p2a: Amoonguss|Eject Button
|inactive|Time left: 55 sec this turn | 315 sec total
|j| pupugugu
|
|t:|1621044638
|switch|p2a: Glastrier|Glastrier, L50|207\/207
|
|upkeep
|turn|8
|inactive|Time left: 55 sec this turn | 305 sec total
|c| pupugugu|tournament game? :0
|c|☆El Cadaver|yes
|c| pupugugu|ahh glhf both of you! :)
|
|t:|1621044658
|switch|p1a: Excadrill|Excadrill, L50, M|48\/48
|move|p2b: Slowking|Ally Switch|p2b: Slowking
|swap|p2b: Slowking|0|[from] move: Ally Switch
|move|p2b: Glastrier|Close Combat|p1b: Persian
|-supereffective|p1b: Persian
|-damage|p1b: Persian|0 fnt
|-unboost|p2b: Glastrier|def|1
|-unboost|p2b: Glastrier|spd|1
|-damage|p2b: Glastrier|187\/207|[from] item: Life Orb
|faint|p1b: Persian
|-ability|p2b: Glastrier|Chilling Neigh|boost
|-boost|p2b: Glastrier|atk|1
|
|upkeep
|inactive|Time left: 55 sec this turn | 290 sec total
|
|t:|1621044662
|switch|p1b: Orbeetle|Orbeetle-Mega, L50, F|35\/48
|-start|p1b: Orbeetle|typechange|Bug\/Psychic|[silent]
|-fieldstart|move: Gravity
|turn|9
|inactive|Time left: 55 sec this turn | 290 sec total
|c|☆Eeveekid10TestsM4a|Hey its pupugugu
|c| pupugugu|heya ^^
|
|t:|1621044685
|move|p1b: Orbeetle|Ally Switch|p1b: Orbeetle
|swap|p1b: Orbeetle|0|[from] move: Ally Switch
|move|p2b: Glastrier|Close Combat|p1a: Orbeetle
|-resisted|p1a: Orbeetle
|-damage|p1a: Orbeetle|25\/48
|-unboost|p2b: Glastrier|def|1
|-unboost|p2b: Glastrier|spd|1
|-damage|p2b: Glastrier|167\/207|[from] item: Life Orb
|move|p1b: Excadrill|Rock Slide|p2b: Glastrier|[spread] p2a,p2b
|-end|p2a: Slowking|Substitute
|-supereffective|p2b: Glastrier
|-damage|p2b: Glastrier|16\/207
|-damage|p1b: Excadrill|43\/48|[from] item: Life Orb
|move|p2a: Slowking|Heal Pulse|p2b: Glastrier
|-heal|p2b: Glastrier|120\/207
|
|upkeep
|turn|10
|inactive|Time left: 55 sec this turn | 270 sec total
|
|t:|1621044699
|move|p1b: Excadrill|Protect|p1b: Excadrill
|-singleturn|p1b: Excadrill|Protect
|move|p2a: Slowking|Ally Switch|p2a: Slowking
|swap|p2a: Slowking|1|[from] move: Ally Switch
|move|p2a: Glastrier|Icicle Crash|p1a: Orbeetle
|-damage|p1a: Orbeetle|0 fnt
|-damage|p2a: Glastrier|100\/207|[from] item: Life Orb
|faint|p1a: Orbeetle
|-ability|p2a: Glastrier|Chilling Neigh|boost
|-boost|p2a: Glastrier|atk|1
|
|upkeep
|inactive|Time left: 55 sec this turn | 260 sec total
|
|t:|1621044702
|switch|p1a: Incineroar|Incineroar, L50, F|34\/48 slp
|-ability|p1a: Incineroar|Intimidate|boost
|-unboost|p2a: Glastrier|atk|1
|-unboost|p2b: Slowking|atk|1
|turn|11
|inactive|Time left: 55 sec this turn | 260 sec total
|c|☆El Cadaver|gg
|
|t:|1621044717
|move|p2a: Glastrier|Close Combat|p1a: Incineroar
|-supereffective|p1a: Incineroar
|-damage|p1a: Incineroar|0 fnt
|-unboost|p2a: Glastrier|def|1
|-unboost|p2a: Glastrier|spd|1
|-damage|p2a: Glastrier|80\/207|[from] item: Life Orb
|faint|p1a: Incineroar
|-ability|p2a: Glastrier|Chilling Neigh|boost
|-boost|p2a: Glastrier|atk|1
|move|p1b: Excadrill|Rock Slide|p2a: Glastrier|[spread] p2a,p2b
|-supereffective|p2a: Glastrier
|-damage|p2a: Glastrier|0 fnt
|-damage|p2b: Slowking|90\/202
|-damage|p1b: Excadrill|38\/48|[from] item: Life Orb
|faint|p2a: Glastrier
|move|p2b: Slowking|Heal Pulse|p2: Glastrier|[notarget]
|-fail|p2b: Slowking
|
|upkeep
|inactive|Time left: 55 sec this turn | 255 sec total
|c|☆Eeveekid10TestsM4a|Gg
|
|t:|1621044723
|switch|p2a: Jellicent|Jellicent, L50, F|207\/207
|turn|12
|inactive|Time left: 55 sec this turn | 250 sec total
|
|t:|1621044730
|move|p2b: Slowking|Ally Switch|p2b: Slowking
|swap|p2b: Slowking|0|[from] move: Ally Switch
|move|p2b: Jellicent|Water Spout|p1b: Excadrill
|-supereffective|p1b: Excadrill
|-damage|p1b: Excadrill|0 fnt
|faint|p1b: Excadrill
|
|win|Eeveekid10TestsM4a
|inactive|Time left: 55 sec this turn | 250 sec total</script>
</div>
<div class="battle-log battle-log-inline"><div class="inner"><div class="battle-options"><div style="padding-top: 3px; padding-right: 3px; text-align: right"><button class="icon button" name="openBattleOptions" title="Options">Battle Options</button></div></div><div class="inner message-log"><div class="chat"><small>☆El Cadaver and ☆Eeveekid10TestsM4a joined</small></div><div class=""><small>Format:</small> <br><strong>[Gen 8] M4A VGC</strong></div><div class=""><small><em>Species Clause:</em> Limit one of each Pokémon</small></div><div class=""><small><em>Item Clause:</em> Limit one of each item</small></div><div class=""><small><em>Dynamax Clause:</em> You cannot dynamax</small></div><div class="chat"><img src="https://www.smogon.com/forums/attachments/banner_2-png.302358/" height="65" width="381"></div><div class="spacer battle-history"><br></div><div class="battle-history"><small>Welcome to Megas for All!</small><br></div><div class="battle-history"><small>This is a National Dex-based format where we aim to give a new Mega Evolution to every Pokémon.</small><br></div><div class="battle-history"><small>Just like any official format, you can still only Mega Evolve one Pokémon per team!</small><br></div><div class="battle-history"><small>You can find our thread and metagame resources here:</small><br></div><div class="battle-history"><small>https://www.smogon.com/forums/threads/3671140/</small><br></div><div class="chat battle-history"><strong>El Cadaver's team:</strong> <em style="color:#445566;display:block;">Orbeetle / Excadrill / Flygon / Zapdos / Incineroar / Persian-Alola</em></div><div class="chat battle-history"><strong>Eeveekid10TestsM4a's team:</strong> <em style="color:#445566;display:block;">Slowking / Cursola / Jellicent / Glastrier / Arctozolt / Amoonguss</em></div><div class="chat message-error">Battle timer is ON: inactive players will automatically lose when time's up. (requested by Eeveekid10TestsM4a)</div><div class="chat chatmessage-elcadaver"><strong style="color:#5f9216"><small>☆</small><span class="username" data-name="El Cadaver">El Cadaver</span>:</strong> <em>hf</em></div><div class="chat chatmessage-eeveekid10testsm4a mine"><strong style="color:#37a193"><small>☆</small><span class="username" data-name="Eeveekid10TestsM4a">Eeveekid10TestsM4a</span>:</strong> <em>Glhf</em></div><div class="chat message-error">El Cadaver has 60 seconds left.</div><div class="spacer battle-history"><br></div><div class="battle-history">Battle started between El Cadaver and Eeveekid10TestsM4a!<br></div><div class="spacer battle-history"><br></div><div class="battle-history">El Cadaver sent out <strong>Orbeetle</strong>!<br></div><div class="spacer battle-history"><br></div><div class="battle-history">El Cadaver sent out <strong>Incineroar</strong>!<br></div><div class="spacer battle-history"><br></div><div class="battle-history">Go! <strong>Slowking</strong>!<br></div><div class="spacer battle-history"><br></div><div class="battle-history">Go! <strong>Amoonguss</strong>!<br></div><div class="battle-history">[The opposing Orbeetle's Frisk]<br><small>The opposing Orbeetle frisked Slowking and found its Slowkinite!</small><br></div><div class="battle-history">[The opposing Orbeetle's Frisk]<br><small>The opposing Orbeetle frisked Amoonguss and found its Eject Button!</small><br></div><div class="battle-history">[The opposing Incineroar's Intimidate]<br></div><div class="battle-history">[Slowking's Oblivious]<br><small>It doesn't affect Slowking...</small><br></div><div class="battle-history"><small>Amoonguss's Attack fell!</small><br></div><div class="spacer battle-history"><br></div><h2 class="battle-history">Turn 1</h2><div class="spacer battle-history"><br></div><div class="battle-history"><small>The opposing Orbeetle's Orbeetlite is reacting to the Key Stone!</small><br>The opposing Orbeetle has Mega Evolved into Mega Orbeetle!<br></div><div class="battle-history"><small>Gravity intensified!</small><br></div><div class="chat"><ul class="utilichart"><li class="result"><span class="col pokemonnamecol" style="white-space: nowrap">Orbeetle-Mega</span> <span class="col typecol"><img src="https://play.pokemonshowdown.com/sprites/types/Bug.png" alt="Bug" height="14" width="32"><img src="https://play.pokemonshowdown.com/sprites/types/Psychic.png" alt="Psychic" height="14" width="32"></span> <span style="float: left ; min-height: 26px"><span class="col abilitycol">Gravitas</span><span class="col abilitycol"></span></span><span style="float: left ; min-height: 26px"><span class="col statcol"><em>HP</em><br>60</span> <span class="col statcol"><em>Atk</em><br>45</span> <span class="col statcol"><em>Def</em><br>130</span> <span class="col statcol"><em>SpA</em><br>130</span> <span class="col statcol"><em>SpD</em><br>140</span> <span class="col statcol"><em>Spe</em><br>100</span> </span></li><li style="clear: both"></li></ul></div><div class="spacer battle-history"><br></div><div class="battle-history"><small>Slowking's Slowkinite is reacting to the Key Stone!</small><br>Slowking has Mega Evolved into Mega Slowking!<br></div><div class="battle-history">[Slowking's Counter-Clockwise Spiral]<br></div><div class="battle-history"><small>Slowking twisted the dimensions!</small><br></div><div class="chat"><ul class="utilichart"><li class="result"><span class="col pokemonnamecol" style="white-space: nowrap">Slowking-Mega</span> <span class="col typecol"><img src="https://play.pokemonshowdown.com/sprites/types/Water.png" alt="Water" height="14" width="32"><img src="https://play.pokemonshowdown.com/sprites/types/Psychic.png" alt="Psychic" height="14" width="32"></span> <span style="float: left ; min-height: 26px"><span class="col abilitycol">Counter-Clockwise Spiral</span><span class="col abilitycol"></span></span><span style="float: left ; min-height: 26px"><span class="col statcol"><em>HP</em><br>95</span> <span class="col statcol"><em>Atk</em><br>75</span> <span class="col statcol"><em>Def</em><br>80</span> <span class="col statcol"><em>SpA</em><br>110</span> <span class="col statcol"><em>SpD</em><br>110</span> <span class="col statcol"><em>Spe</em><br>120</span> </span></li><li style="clear: both"></li></ul></div><div class="spacer battle-history"><br></div><div class="battle-history">Amoonguss used <strong>Protect</strong>!<br></div><div class="battle-history"><small>Amoonguss protected itself!</small><br></div><div class="spacer battle-history"><br></div><div class="battle-history">Slowking used <strong>Protect</strong>!<br></div><div class="battle-history"><small>Slowking protected itself!</small><br></div><div class="spacer battle-history"><br></div><div class="battle-history">The opposing Incineroar used <strong>Fake Out</strong>!<br></div><div class="battle-history"><small>Amoonguss protected itself!</small><br></div><div class="spacer battle-history"><br></div><div class="battle-history">The opposing Orbeetle used <strong>Hypnosis</strong>!<br></div><div class="battle-history"><small>Amoonguss protected itself!</small><br></div><div class="spacer battle-history"><br></div><h2 class="battle-history">Turn 2</h2><div class="chat message-error">Eeveekid10TestsM4a has 30 seconds left.</div><div class="spacer battle-history"><br></div><div class="battle-history">The opposing Orbeetle used <strong>Protect</strong>!<br></div><div class="battle-history"><small>The opposing Orbeetle protected itself!</small><br></div><div class="spacer battle-history"><br></div><div class="battle-history">Amoonguss used <strong>Spore</strong>!<br></div><div class="battle-history"><small>The opposing Orbeetle protected itself!</small><br></div><div class="spacer battle-history"><br></div><div class="battle-history">The opposing Incineroar used <strong>Taunt</strong>!<br></div><div class="battle-history"><small>Amoonguss fell for the taunt!</small><br></div><div class="spacer battle-history"><br></div><div class="battle-history">Slowking used <strong>Substitute</strong>!<br></div><div class="battle-history"><small>Slowking put in a substitute!</small><br></div><div class="battle-history"><small>(Slowking lost <abbr title="−50/202">24.8%</abbr> of its health!)</small><br></div><div class="spacer battle-history"><br></div><h2 class="battle-history">Turn 3</h2><div class="chat message-error">Eeveekid10TestsM4a has 30 seconds left.</div><div class="spacer battle-history"><br></div><div class="battle-history">Amoonguss, come back!<br></div><div class="battle-history">Go! <strong>Jellicent</strong>!<br></div><div class="spacer battle-history"><br></div><div class="battle-history">Slowking used <strong>Ally Switch</strong>!<br></div><div class="battle-history">Slowking and Jellicent switched places!<br></div><div class="spacer battle-history"><br></div><div class="battle-history">The opposing Incineroar used <strong>Taunt</strong>!<br></div><div class="battle-history"><small>Jellicent fell for the taunt!</small><br></div><div class="spacer battle-history"><br></div><div class="battle-history">The opposing Orbeetle used <strong>Hypnosis</strong>!<br></div><div class="battle-history"><small>But it failed!</small><br></div><div class="spacer battle-history"><br></div><h2 class="battle-history">Turn 4</h2><div class="spacer battle-history"><br></div><div class="battle-history">Slowking used <strong>Protect</strong>!<br></div><div class="battle-history"><small>Slowking protected itself!</small><br></div><div class="spacer battle-history"><br></div><div class="battle-history">Jellicent used <strong>Water Spout</strong>!<br></div><div class="battle-history"><small>It's super effective on the opposing Incineroar!</small><br></div><div class="battle-history"><small>(The opposing Orbeetle lost <abbr title="−13/48 pixels">25.1–27.1%</abbr> of its health!)</small><br></div><div class="battle-history"><small>(The opposing Incineroar lost <abbr title="−26/48 pixels">52.2–54.2%</abbr> of its health!)</small><br></div><div class="battle-history"><small>(The opposing Incineroar ate its Sitrus Berry!)</small><br></div><div class="battle-history"><small>The opposing Incineroar restored HP using its Sitrus Berry!</small><br></div><div class="spacer battle-history"><br></div><div class="battle-history">The opposing Incineroar used <strong>Parting Shot</strong>!<br></div><div class="battle-history"><small>Jellicent's Attack fell!</small><br></div><div class="battle-history"><small>Jellicent's Sp. Atk fell!</small><br></div><div class="spacer battle-history"><br></div><div class="battle-history">El Cadaver withdrew Incineroar!<br></div><div class="battle-history">El Cadaver sent out Persian (<strong>Persian-Alola</strong>)!<br></div><div class="spacer battle-history"><br></div><div class="battle-history">The opposing Orbeetle used <strong>Psychic</strong>!<br></div><div class="battle-history"><small>Slowking protected itself!</small><br></div><div class="spacer battle-history"><br></div><h2 class="battle-history">Turn 5</h2><div class="spacer battle-history"><br></div><div class="battle-history">Jellicent, come back!<br></div><div class="battle-history">Go! <strong>Amoonguss</strong>!<br></div><div class="spacer battle-history"><br></div><div class="battle-history">El Cadaver withdrew Orbeetle!<br></div><div class="battle-history">El Cadaver sent out <strong>Incineroar</strong>!<br></div><div class="battle-history">[The opposing Incineroar's Intimidate]<br></div><div class="battle-history"><small>Amoonguss's Attack fell!</small><br></div><div class="battle-history"><small>It doesn't affect Slowking...</small><br></div><div class="spacer battle-history"><br></div><div class="battle-history">Slowking used <strong>Ally Switch</strong>!<br></div><div class="battle-history">Slowking and Amoonguss switched places!<br></div><div class="spacer battle-history"><br></div><div class="battle-history">The opposing Persian used <strong>Hypnosis</strong>!<br></div><div class="battle-history"><small>But it failed!</small><br></div><div class="spacer battle-history"><br></div><div class="battle-history"><small>Gravity returned to normal!</small><br></div><div class="spacer battle-history"><br></div><h2 class="battle-history">Turn 6</h2><div class="spacer battle-history"><br></div><div class="battle-history">Amoonguss used <strong>Protect</strong>!<br></div><div class="battle-history"><small>Amoonguss protected itself!</small><br></div><div class="spacer battle-history"><br></div><div class="battle-history">Slowking used <strong>Protect</strong>!<br></div><div class="battle-history"><small>Slowking protected itself!</small><br></div><div class="spacer battle-history"><br></div><div class="battle-history">The opposing Incineroar used <strong>Fake Out</strong>!<br></div><div class="battle-history"><small>Slowking protected itself!</small><br></div><div class="spacer battle-history"><br></div><div class="battle-history">The opposing Persian used <strong>Parting Shot</strong>!<br></div><div class="battle-history"><small>Slowking protected itself!</small><br></div><div class="spacer battle-history"><br></div><h2 class="battle-history">Turn 7</h2><div class="spacer battle-history"><br></div><div class="battle-history">Slowking used <strong>Ally Switch</strong>!<br></div><div class="battle-history">Slowking and Amoonguss switched places!<br></div><div class="spacer battle-history"><br></div><div class="battle-history">Amoonguss used <strong>Spore</strong>!<br></div><div class="battle-history"><small>The opposing Incineroar fell asleep!</small><br></div><div class="spacer battle-history"><br></div><div class="battle-history">The opposing Incineroar is fast asleep.<br></div><div class="spacer battle-history"><br></div><div class="battle-history">The opposing Persian used <strong>Foul Play</strong>!<br></div><div class="battle-history"><small>(Amoonguss lost <abbr title="−39/221">17.6%</abbr> of its health!)</small><br></div><div class="battle-history"><small>Amoonguss is switched out with the Eject Button!</small><br></div><div class="chat"><small> pupugugu joined</small></div><div class="spacer battle-history"><br></div><div class="battle-history">Amoonguss, come back!<br></div><div class="battle-history">Go! <strong>Glastrier</strong>!<br></div><div class="spacer battle-history"><br></div><h2 class="battle-history">Turn 8</h2><div class="chat chatmessage-pupugugu"><strong style="color:#2b7b91"><small> </small><span class="username" data-name="pupugugu">pupugugu</span>:</strong> <em>tournament game? :0</em></div><div class="chat chatmessage-elcadaver"><strong style="color:#5f9216"><small>☆</small><span class="username" data-name="El Cadaver">El Cadaver</span>:</strong> <em>yes</em></div><div class="chat chatmessage-pupugugu"><strong style="color:#2b7b91"><small> </small><span class="username" data-name="pupugugu">pupugugu</span>:</strong> <em>ahh glhf both of you! :)</em></div><div class="spacer battle-history"><br></div><div class="battle-history">El Cadaver withdrew Incineroar!<br></div><div class="battle-history">El Cadaver sent out <strong>Excadrill</strong>!<br></div><div class="spacer battle-history"><br></div><div class="battle-history">Slowking used <strong>Ally Switch</strong>!<br></div><div class="battle-history">Slowking and Glastrier switched places!<br></div><div class="spacer battle-history"><br></div><div class="battle-history">Glastrier used <strong>Close Combat</strong>!<br></div><div class="battle-history"><small>It's super effective!</small><br></div><div class="battle-history"><small>(The opposing Persian lost <abbr title="−48/48 pixels">100%</abbr> of its health!)</small><br></div><div class="battle-history"><small>Glastrier's Defense fell!</small><br></div><div class="battle-history"><small>Glastrier's Sp. Def fell!</small><br></div><div class="battle-history"><small>Glastrier lost some of its HP!</small><br></div><div class="spacer battle-history"><br></div><div class="battle-history">The opposing Persian fainted!<br></div><div class="battle-history">[Glastrier's Chilling Neigh]<br></div><div class="battle-history"><small>Glastrier's Attack rose!</small><br></div><div class="chat chatmessage-eeveekid10testsm4a mine"><strong style="color:#37a193"><small>☆</small><span class="username" data-name="Eeveekid10TestsM4a">Eeveekid10TestsM4a</span>:</strong> <em>Hey its pupugugu</em></div><div class="spacer battle-history"><br></div><div class="battle-history">El Cadaver sent out Orbeetle (<strong>Orbeetle-Mega</strong>)!<br></div><div class="battle-history"><small>Gravity intensified!</small><br></div><div class="spacer battle-history"><br></div><h2 class="battle-history">Turn 9</h2><div class="chat chatmessage-pupugugu"><strong style="color:#2b7b91"><small> </small><span class="username" data-name="pupugugu">pupugugu</span>:</strong> <em>heya ^^</em></div><div class="spacer battle-history"><br></div><div class="battle-history">The opposing Orbeetle used <strong>Ally Switch</strong>!<br></div><div class="battle-history">The opposing Orbeetle and the opposing Excadrill switched places!<br></div><div class="spacer battle-history"><br></div><div class="battle-history">Glastrier used <strong>Close Combat</strong>!<br></div><div class="battle-history"><small>It's not very effective...</small><br></div><div class="battle-history"><small>(The opposing Orbeetle lost <abbr title="−10/48 pixels">18.8–22.8%</abbr> of its health!)</small><br></div><div class="battle-history"><small>Glastrier's Defense fell!</small><br></div><div class="battle-history"><small>Glastrier's Sp. Def fell!</small><br></div><div class="battle-history"><small>Glastrier lost some of its HP!</small><br></div><div class="spacer battle-history"><br></div><div class="battle-history">The opposing Excadrill used <strong>Rock Slide</strong>!<br></div><div class="battle-history"><small>Slowking's substitute faded!</small><br></div><div class="battle-history"><small>It's super effective on Glastrier!</small><br></div><div class="battle-history"><small>(Glastrier lost <abbr title="−151/207">72.9%</abbr> of its health!)</small><br></div><div class="battle-history"><small>The opposing Excadrill lost some of its HP!</small><br></div><div class="spacer battle-history"><br></div><div class="battle-history">Slowking used <strong>Heal Pulse</strong>!<br></div><div class="battle-history"><small>Glastrier had its HP restored.</small><br></div><div class="spacer battle-history"><br></div><h2 class="battle-history">Turn 10</h2><div class="spacer battle-history"><br></div><div class="battle-history">The opposing Excadrill used <strong>Protect</strong>!<br></div><div class="battle-history"><small>The opposing Excadrill protected itself!</small><br></div><div class="spacer battle-history"><br></div><div class="battle-history">Slowking used <strong>Ally Switch</strong>!<br></div><div class="battle-history">Slowking and Glastrier switched places!<br></div><div class="spacer battle-history"><br></div><div class="battle-history">Glastrier used <strong>Icicle Crash</strong>!<br></div><div class="battle-history"><small>(The opposing Orbeetle lost <abbr title="−25/48 pixels">52.1–54.1%</abbr> of its health!)</small><br></div><div class="battle-history"><small>Glastrier lost some of its HP!</small><br></div><div class="spacer battle-history"><br></div><div class="battle-history">The opposing Orbeetle fainted!<br></div><div class="battle-history">[Glastrier's Chilling Neigh]<br></div><div class="battle-history"><small>Glastrier's Attack rose!</small><br></div><div class="spacer battle-history"><br></div><div class="battle-history">El Cadaver sent out <strong>Incineroar</strong>!<br></div><div class="battle-history">[The opposing Incineroar's Intimidate]<br></div><div class="battle-history"><small>Glastrier's Attack fell!</small><br></div><div class="battle-history"><small>Slowking's Attack fell!</small><br></div><div class="spacer battle-history"><br></div><h2 class="battle-history">Turn 11</h2><div class="chat chatmessage-elcadaver"><strong style="color:#5f9216"><small>☆</small><span class="username" data-name="El Cadaver">El Cadaver</span>:</strong> <em>gg</em></div><div class="spacer battle-history"><br></div><div class="battle-history">Glastrier used <strong>Close Combat</strong>!<br></div><div class="battle-history"><small>It's super effective!</small><br></div><div class="battle-history"><small>(The opposing Incineroar lost <abbr title="−34/48 pixels">70.8–72.8%</abbr> of its health!)</small><br></div><div class="battle-history"><small>Glastrier's Defense fell!</small><br></div><div class="battle-history"><small>Glastrier's Sp. Def fell!</small><br></div><div class="battle-history"><small>Glastrier lost some of its HP!</small><br></div><div class="spacer battle-history"><br></div><div class="battle-history">The opposing Incineroar fainted!<br></div><div class="battle-history">[Glastrier's Chilling Neigh]<br></div><div class="battle-history"><small>Glastrier's Attack rose!</small><br></div><div class="spacer battle-history"><br></div><div class="battle-history">The opposing Excadrill used <strong>Rock Slide</strong>!<br></div><div class="battle-history"><small>It's super effective on Glastrier!</small><br></div><div class="battle-history"><small>(Glastrier lost <abbr title="−80/207">38.6%</abbr> of its health!)</small><br></div><div class="battle-history"><small>(Slowking lost <abbr title="−62/202">30.7%</abbr> of its health!)</small><br></div><div class="battle-history"><small>The opposing Excadrill lost some of its HP!</small><br></div><div class="spacer battle-history"><br></div><div class="battle-history">Glastrier fainted!<br></div><div class="battle-history">Slowking used <strong>Heal Pulse</strong>!<br></div><div class="battle-history"><small>But it failed!</small><br></div><div class="chat chatmessage-eeveekid10testsm4a mine"><strong style="color:#37a193"><small>☆</small><span class="username" data-name="Eeveekid10TestsM4a">Eeveekid10TestsM4a</span>:</strong> <em>Gg</em></div><div class="spacer battle-history"><br></div><div class="battle-history">Go! <strong>Jellicent</strong>!<br></div><div class="spacer battle-history"><br></div><h2 class="battle-history">Turn 12</h2><div class="spacer battle-history"><br></div><div class="battle-history">Slowking used <strong>Ally Switch</strong>!<br></div><div class="battle-history">Slowking and Jellicent switched places!<br></div><div class="spacer battle-history"><br></div><div class="battle-history">Jellicent used <strong>Water Spout</strong>!<br></div><div class="battle-history"><small>It's super effective!</small><br></div><div class="battle-history"><small>(The opposing Excadrill lost <abbr title="−38/48 pixels">79.2–81.2%</abbr> of its health!)</small><br></div><div class="spacer battle-history"><br></div><div class="battle-history">The opposing Excadrill fainted!<br></div><div class="spacer battle-history"><br></div><div class="battle-history"><strong>Eeveekid10TestsM4a</strong> won the battle!<br></div></div><div class="inner-preempt message-log"></div></div></div>
</div>
<script>
let daily = Math.floor(Date.now()/1000/60/60/24);document.write('<script src="https://dragonheaven.herokuapp.com/js/replay-embed.js?version'+daily+'"></'+'script>');
</script>
