<!DOCTYPE html>
<meta charset="utf-8" />
<!-- version 1 -->
<title>[Gen 8] Megas for All replay: Not mossy vs. FierceHawk192</title>
<style>
html,body {font-family:Verdana, sans-serif;font-size:10pt;margin:0;padding:0;}body{padding:12px 0;} .battle-log {font-family:Verdana, sans-serif;font-size:10pt;} .battle-log-inline {border:1px solid #AAAAAA;background:#EEF2F5;color:black;max-width:640px;margin:0 auto 80px;padding-bottom:5px;} .battle-log .inner {padding:4px 8px 0px 8px;} .battle-log .inner-preempt {padding:0 8px 4px 8px;} .battle-log .inner-after {margin-top:0.5em;} .battle-log h2 {margin:0.5em -8px;padding:4px 8px;border:1px solid #AAAAAA;background:#E0E7EA;border-left:0;border-right:0;font-family:Verdana, sans-serif;font-size:13pt;} .battle-log .chat {vertical-align:middle;padding:3px 0 3px 0;font-size:8pt;} .battle-log .chat strong {color:#40576A;} .battle-log .chat em {padding:1px 4px 1px 3px;color:#000000;font-style:normal;} .chat.mine {background:rgba(0,0,0,0.05);margin-left:-8px;margin-right:-8px;padding-left:8px;padding-right:8px;} .spoiler {color:#BBBBBB;background:#BBBBBB;padding:0px 3px;} .spoiler:hover, .spoiler:active, .spoiler-shown {color:#000000;background:#E2E2E2;padding:0px 3px;} .spoiler a {color:#BBBBBB;} .spoiler:hover a, .spoiler:active a, .spoiler-shown a {color:#2288CC;} .chat code, .chat .spoiler:hover code, .chat .spoiler:active code, .chat .spoiler-shown code {border:1px solid #C0C0C0;background:#EEEEEE;color:black;padding:0 2px;} .chat .spoiler code {border:1px solid #CCCCCC;background:#CCCCCC;color:#CCCCCC;} .battle-log .rated {padding:3px 4px;} .battle-log .rated strong {color:white;background:#89A;padding:1px 4px;border-radius:4px;} .spacer {margin-top:0.5em;} .message-announce {background:#6688AA;color:white;padding:1px 4px 2px;} .message-announce a, .broadcast-green a, .broadcast-blue a, .broadcast-red a {color:#DDEEFF;} .broadcast-green {background-color:#559955;color:white;padding:2px 4px;} .broadcast-blue {background-color:#6688AA;color:white;padding:2px 4px;} .infobox {border:1px solid #6688AA;padding:2px 4px;} .infobox-limited {max-height:200px;overflow:auto;overflow-x:hidden;} .broadcast-red {background-color:#AA5544;color:white;padding:2px 4px;} .message-learn-canlearn {font-weight:bold;color:#228822;text-decoration:underline;} .message-learn-cannotlearn {font-weight:bold;color:#CC2222;text-decoration:underline;} .message-effect-weak {font-weight:bold;color:#CC2222;} .message-effect-resist {font-weight:bold;color:#6688AA;} .message-effect-immune {font-weight:bold;color:#666666;} .message-learn-list {margin-top:0;margin-bottom:0;} .message-throttle-notice, .message-error {color:#992222;} .message-overflow, .chat small.message-overflow {font-size:0pt;} .message-overflow::before {font-size:9pt;content:'...';} .subtle {color:#3A4A66;}
</style>
<div class="wrapper replay-wrapper" style="max-width:1180px;margin:0 auto">
<input type="hidden" name="replayid" value="dragonheaven-gen8megasforall-314" />
<div class="battle"></div><div class="battle-log"></div><div class="replay-controls"></div><div class="replay-controls-2"></div>
<h1 style="font-weight:normal;text-align:center"><strong>[Gen 8] Megas for All</strong><br /><a href="http://pokemonshowdown.com/users/notmossy" class="subtle" target="_blank">Not mossy</a> vs. <a href="http://pokemonshowdown.com/users/fiercehawk192" class="subtle" target="_blank">FierceHawk192</a></h1>
<script type="text/plain" class="battle-log-data">|j|☆Not mossy
|j|☆FierceHawk192
|t:|1642201522
|player|p1|Not mossy|bill-gen3|
|player|p2|FierceHawk192|pokemonranger|
|teamsize|p1|6
|teamsize|p2|6
|gametype|singles
|gen|8
|tier|[Gen 8] Megas for All
|clearpoke
|poke|p1|Ferrothorn, F|
|poke|p1|Raichu, M|
|poke|p1|Zapdos|
|poke|p1|Slowbro, F|
|poke|p1|Weavile, M|
|poke|p1|Tapu Fini|
|poke|p2|Slowking, F|
|poke|p2|Cinderace, M|
|poke|p2|Tangrowth, F|
|poke|p2|Magnezone|
|poke|p2|Kommo-o, M|
|poke|p2|Togekiss, M|
|rule|HP Percentage Mod: HP is shown in percentages
|rule|Endless Battle Clause: Forcing endless battles is banned
|rule|OHKO Clause: OHKO moves are banned
|rule|Evasion Moves Clause: Evasion moves are banned
|rule|Species Clause: Limit one of each Pokémon
|rule|Dynamax Clause: You cannot dynamax
|rule|Sleep Clause Mod: Limit one foe put to sleep
|rule|Freeze Clause Mod: Limit one foe frozen
|raw|<img src="https:\/\/raw.githubusercontent.com\/scoopapa\/DH\/master\/data\/mods\/m4av6\/sprites\/m4a_banner.png" height="65" width="381">
|-message|Welcome to Megas for All!
|-message|This is a National Dex-based format where we aim to give a new Mega Evolution to every Pokémon.
|-message|Just like any official format, you can still only Mega Evolve one Pokémon per team!
|-message|You can find our thread and metagame resources here:
|-message|https:\/\/www.smogon.com\/forums\/threads\/3671140\/
|teampreview
|c|☆Not mossy|gl hf
|c|☆FierceHawk192|glhf
|j|~inkbug1

|j| Sticky Fingaa
|
|t:|1642201569
|start
|switch|p1a: Raichu|Raichu, M|100\/100
|switch|p2a: Magnezone|Magnezone|100\/100
|turn|1
|
|t:|1642201577
|detailschange|p1a: Raichu|Raichu-Mega, M
|-mega|p1a: Raichu|Raichu|Raichunite
|-start|p1a: Raichu|typechange|Electric\/Fighting|[silent]
|raw|<ul class="utilichart"><li class="result"><span class="col pokemonnamecol" style="white-space: nowrap">Raichu-Mega<\/span> <span class="col typecol"><img src="https:\/\/play.pokemonshowdown.com\/sprites\/types\/Electric.png" alt="Electric" height="14" width="32"><img src="https:\/\/play.pokemonshowdown.com\/sprites\/types\/Fighting.png" alt="Fighting" height="14" width="32"><\/span> <span style="float: left ; min-height: 26px"><span class="col abilitycol">Reckless<\/span><span class="col abilitycol"><\/span><\/span><span style="float: left ; min-height: 26px"><span class="col statcol"><em>HP<\/em><br>60<\/span> <span class="col statcol"><em>Atk<\/em><br>125<\/span> <span class="col statcol"><em>Def<\/em><br>65<\/span> <span class="col statcol"><em>SpA<\/em><br>110<\/span> <span class="col statcol"><em>SpD<\/em><br>105<\/span> <span class="col statcol"><em>Spe<\/em><br>120<\/span> <\/span><\/li><li style="clear: both"><\/li><\/ul>
|-hint|Raichu-Mega was submitted by DrPumpkinz!
|move|p1a: Raichu|Volt Switch|p2a: Magnezone
|-resisted|p2a: Magnezone
|-crit|p2a: Magnezone
|-damage|p2a: Magnezone|82\/100
|
|t:|1642201581
|switch|p1a: Zapdos|Zapdos|100\/100|[from]move: Volt Switch
|move|p2a: Magnezone|Volt Switch|p1a: Zapdos
|-damage|p1a: Zapdos|51\/100
|
|t:|1642201595
|switch|p2a: Tangrowth|Tangrowth, F|100\/100|[from]move: Volt Switch
|
|upkeep
|turn|2
|
|t:|1642201598
|move|p1a: Zapdos|Hurricane|p2a: Tangrowth|[miss]
|-miss|p1a: Zapdos|p2a: Tangrowth
|move|p2a: Tangrowth|Knock Off|p1a: Zapdos
|-damage|p1a: Zapdos|32\/100
|-enditem|p1a: Zapdos|Heavy-Duty Boots|[from] move: Knock Off|[of] p2a: Tangrowth
|
|upkeep
|turn|3
|
|t:|1642201603
|switch|p2a: Magnezone|Magnezone|82\/100
|move|p1a: Zapdos|Roost|p1a: Zapdos
|-heal|p1a: Zapdos|82\/100
|-singleturn|p1a: Zapdos|move: Roost
|
|upkeep
|turn|4
|
|t:|1642201609
|move|p1a: Zapdos|Roost|p1a: Zapdos
|-heal|p1a: Zapdos|100\/100
|-singleturn|p1a: Zapdos|move: Roost
|move|p2a: Magnezone|Thunderbolt|p1a: Zapdos
|-resisted|p1a: Zapdos
|-crit|p1a: Zapdos
|-damage|p1a: Zapdos|53\/100
|
|upkeep
|turn|5
|
|t:|1642201613
|move|p1a: Zapdos|Roost|p1a: Zapdos
|-heal|p1a: Zapdos|100\/100
|-singleturn|p1a: Zapdos|move: Roost
|move|p2a: Magnezone|Thunderbolt|p1a: Zapdos
|-resisted|p1a: Zapdos
|-damage|p1a: Zapdos|66\/100
|
|upkeep
|turn|6
|
|t:|1642201619
|switch|p2a: Cinderace|Cinderace, M|100\/100
|move|p1a: Zapdos|Roost|p1a: Zapdos
|-heal|p1a: Zapdos|100\/100
|-singleturn|p1a: Zapdos|move: Roost
|
|upkeep
|turn|7
|
|t:|1642201622
|move|p2a: Cinderace|Pyro Ball|p1a: Zapdos
|-damage|p1a: Zapdos|46\/100
|move|p1a: Zapdos|Volt Switch|p2a: Cinderace
|-damage|p2a: Cinderace|58\/100
|
|t:|1642201628
|switch|p1a: Raichu|Raichu-Mega, M|100\/100|[from]move: Volt Switch
|-start|p1a: Raichu|typechange|Electric\/Fighting|[silent]
|
|upkeep
|turn|8
|
|t:|1642201634
|move|p1a: Raichu|Volt Switch|p2a: Cinderace
|-damage|p2a: Cinderace|20\/100
|
|t:|1642201637
|switch|p1a: Tapu Fini|Tapu Fini|100\/100|[from]move: Volt Switch
|-fieldstart|move: Misty Terrain|[from] ability: Misty Surge|[of] p1a: Tapu Fini
|move|p2a: Cinderace|U-turn|p1a: Tapu Fini
|-resisted|p1a: Tapu Fini
|-damage|p1a: Tapu Fini|89\/100
|
|t:|1642201640
|switch|p2a: Magnezone|Magnezone|82\/100|[from]move: U-turn
|
|upkeep
|turn|9
|
|t:|1642201666
|switch|p1a: Ferrothorn|Ferrothorn, F|100\/100
|move|p2a: Magnezone|Volt Switch|p1a: Ferrothorn
|-resisted|p1a: Ferrothorn
|-damage|p1a: Ferrothorn|85\/100
|
|t:|1642201670
|switch|p2a: Cinderace|Cinderace, M|20\/100|[from]move: Volt Switch
|
|-heal|p1a: Ferrothorn|91\/100|[from] item: Leftovers
|upkeep
|turn|10
|
|t:|1642201674
|switch|p1a: Slowbro|Slowbro, F|100\/100
|move|p2a: Cinderace|Pyro Ball|p1a: Slowbro
|-resisted|p1a: Slowbro
|-damage|p1a: Slowbro|73\/100
|
|upkeep
|turn|11
|
|t:|1642201677
|move|p2a: Cinderace|U-turn|p1a: Slowbro
|-supereffective|p1a: Slowbro
|-damage|p1a: Slowbro|42\/100
|-damage|p2a: Cinderace|3\/100|[from] item: Rocky Helmet|[of] p1a: Slowbro
|
|t:|1642201682
|switch|p2a: Magnezone|Magnezone|82\/100|[from]move: U-turn
|move|p1a: Slowbro|Teleport|p1a: Slowbro
|
|t:|1642201685
|switch|p1a: Raichu|Raichu-Mega, M|100\/100|[from]move: Teleport
|-start|p1a: Raichu|typechange|Electric\/Fighting|[silent]
|
|upkeep
|turn|12
|
|t:|1642201688
|switch|p2a: Cinderace|Cinderace, M|3\/100
|move|p1a: Raichu|High Jump Kick|p2a: Cinderace
|-damage|p2a: Cinderace|0 fnt
|faint|p2a: Cinderace
|
|-fieldend|Misty Terrain
|upkeep
|
|t:|1642201691
|switch|p2a: Togekiss|Togekiss, M|100\/100
|turn|13
|
|t:|1642201702
|switch|p1a: Ferrothorn|Ferrothorn, F|91\/100
|move|p2a: Togekiss|Air Slash|p1a: Ferrothorn
|-damage|p1a: Ferrothorn|67\/100
|
|-heal|p1a: Ferrothorn|73\/100|[from] item: Leftovers
|upkeep
|turn|14
|
|t:|1642201706
|switch|p2a: Kommo-o|Kommo-o, M|100\/100
|move|p1a: Ferrothorn|Gyro Ball|p2a: Kommo-o
|-immune|p2a: Kommo-o|[from] ability: Bulletproof
|
|-heal|p1a: Ferrothorn|79\/100|[from] item: Leftovers
|upkeep
|turn|15
|
|t:|1642201714
|switch|p1a: Tapu Fini|Tapu Fini|89\/100
|-fieldstart|move: Misty Terrain|[from] ability: Misty Surge|[of] p1a: Tapu Fini
|move|p2a: Kommo-o|Poison Jab|p1a: Tapu Fini
|-supereffective|p1a: Tapu Fini
|-damage|p1a: Tapu Fini|44\/100
|
|upkeep
|turn|16
|
|t:|1642201721
|move|p1a: Tapu Fini|Moonblast|p2a: Kommo-o
|-supereffective|p2a: Kommo-o
|-damage|p2a: Kommo-o|0 fnt
|faint|p2a: Kommo-o
|
|upkeep
|
|t:|1642201725
|switch|p2a: Magnezone|Magnezone|82\/100
|turn|17
|
|t:|1642201730
|switch|p1a: Zapdos|Zapdos|46\/100
|move|p2a: Magnezone|Volt Switch|p1a: Zapdos
|-damage|p1a: Zapdos|0 fnt
|faint|p1a: Zapdos
|
|t:|1642201733
|switch|p2a: Togekiss|Togekiss, M|100\/100|[from]move: Volt Switch
|
|upkeep
|
|t:|1642201742
|switch|p1a: Ferrothorn|Ferrothorn, F|79\/100
|turn|18
|
|t:|1642201745
|switch|p1a: Slowbro|Slowbro, F|75\/100
|move|p2a: Togekiss|Trick|p1a: Slowbro
|-activate|p2a: Togekiss|move: Trick|[of] p1a: Slowbro
|-item|p1a: Slowbro|Choice Scarf|[from] move: Trick
|-item|p2a: Togekiss|Rocky Helmet|[from] move: Trick
|
|upkeep
|turn|19
|
|t:|1642201751
|switch|p1a: Tapu Fini|Tapu Fini|44\/100
|move|p2a: Togekiss|Trick|p1a: Tapu Fini
|-activate|p2a: Togekiss|move: Trick|[of] p1a: Tapu Fini
|-item|p1a: Tapu Fini|Rocky Helmet|[from] move: Trick
|-item|p2a: Togekiss|Choice Scarf|[from] move: Trick
|
|-fieldend|Misty Terrain
|upkeep
|turn|20
|
|t:|1642201757
|switch|p1a: Slowbro|Slowbro, F|100\/100
|move|p2a: Togekiss|Dazzling Gleam|p1a: Slowbro
|-crit|p1a: Slowbro
|-damage|p1a: Slowbro|38\/100
|
|upkeep
|turn|21
|
|t:|1642201760
|switch|p1a: Ferrothorn|Ferrothorn, F|79\/100
|move|p2a: Togekiss|Dazzling Gleam|p1a: Ferrothorn
|-resisted|p1a: Ferrothorn
|-damage|p1a: Ferrothorn|66\/100
|
|-heal|p1a: Ferrothorn|73\/100|[from] item: Leftovers
|upkeep
|turn|22
|
|t:|1642201770
|switch|p2a: Tangrowth|Tangrowth, F|100\/100
|switch|p1a: Raichu|Raichu-Mega, M|100\/100
|-start|p1a: Raichu|typechange|Electric\/Fighting|[silent]
|
|upkeep
|turn|23
|
|t:|1642201773
|move|p1a: Raichu|Volt Switch|p2a: Tangrowth
|-resisted|p2a: Tangrowth
|-damage|p2a: Tangrowth|82\/100
|
|t:|1642201775
|switch|p1a: Ferrothorn|Ferrothorn, F|73\/100|[from]move: Volt Switch
|move|p2a: Tangrowth|Sleep Powder|p1a: Ferrothorn
|-immune|p1a: Ferrothorn
|
|-heal|p1a: Ferrothorn|79\/100|[from] item: Leftovers
|upkeep
|turn|24
|
|t:|1642201783
|switch|p1a: Slowbro|Slowbro, F|71\/100
|move|p2a: Tangrowth|Knock Off|p1a: Slowbro
|-supereffective|p1a: Slowbro
|-damage|p1a: Slowbro|44\/100
|-enditem|p1a: Slowbro|Choice Scarf|[from] move: Knock Off|[of] p2a: Tangrowth
|
|upkeep
|turn|25
|
|t:|1642201788
|switch|p1a: Ferrothorn|Ferrothorn, F|79\/100
|move|p2a: Tangrowth|Leech Seed|p1a: Ferrothorn
|-immune|p1a: Ferrothorn
|
|-heal|p1a: Ferrothorn|85\/100|[from] item: Leftovers
|upkeep
|turn|26
|
|t:|1642201792
|move|p2a: Tangrowth|Toxic|p1a: Ferrothorn
|-immune|p1a: Ferrothorn
|move|p1a: Ferrothorn|Spikes|p2a: Tangrowth
|-sidestart|p2: FierceHawk192|Spikes
|
|-heal|p1a: Ferrothorn|91\/100|[from] item: Leftovers
|upkeep
|turn|27
|
|t:|1642201796
|switch|p2a: Slowking|Slowking, F|100\/100
|-damage|p2a: Slowking|88\/100|[from] Spikes
|switch|p1a: Slowbro|Slowbro, F|77\/100
|
|upkeep
|turn|28
|
|t:|1642201800
|switch|p2a: Magnezone|Magnezone|82\/100
|-damage|p2a: Magnezone|69\/100|[from] Spikes
|move|p1a: Slowbro|Teleport|p1a: Slowbro
|
|t:|1642201802
|switch|p1a: Raichu|Raichu-Mega, M|100\/100|[from]move: Teleport
|-start|p1a: Raichu|typechange|Electric\/Fighting|[silent]
|
|upkeep
|turn|29
|
|t:|1642201806
|move|p1a: Raichu|High Jump Kick|p2a: Magnezone
|-supereffective|p2a: Magnezone
|-damage|p2a: Magnezone|0 fnt
|faint|p2a: Magnezone
|
|upkeep
|
|t:|1642201809
|switch|p2a: Togekiss|Togekiss, M|100\/100
|turn|30
|
|t:|1642201815
|switch|p2a: Slowking|Slowking, F|100\/100
|-damage|p2a: Slowking|88\/100|[from] Spikes
|switch|p1a: Tapu Fini|Tapu Fini|44\/100
|-fieldstart|move: Misty Terrain|[from] ability: Misty Surge|[of] p1a: Tapu Fini
|
|upkeep
|turn|31
|
|t:|1642201822
|switch|p2a: Togekiss|Togekiss, M|100\/100
|move|p1a: Tapu Fini|Taunt|p2a: Togekiss
|-start|p2a: Togekiss|move: Taunt
|
|upkeep
|turn|32
|
|t:|1642201827
|move|p2a: Togekiss|Dazzling Gleam|p1a: Tapu Fini
|-damage|p1a: Tapu Fini|12\/100
|move|p1a: Tapu Fini|Moonblast|p2a: Togekiss
|-damage|p2a: Togekiss|66\/100
|
|upkeep
|turn|33
|
|t:|1642201830
|switch|p1a: Ferrothorn|Ferrothorn, F|91\/100
|move|p2a: Togekiss|Dazzling Gleam|p1a: Ferrothorn
|-resisted|p1a: Ferrothorn
|-damage|p1a: Ferrothorn|79\/100
|
|-heal|p1a: Ferrothorn|85\/100|[from] item: Leftovers
|-end|p2a: Togekiss|move: Taunt
|upkeep
|turn|34
|
|t:|1642201843
|switch|p2a: Slowking|Slowking, F|100\/100
|-damage|p2a: Slowking|88\/100|[from] Spikes
|move|p1a: Ferrothorn|Power Whip|p2a: Slowking
|-supereffective|p2a: Slowking
|-damage|p2a: Slowking|0 fnt
|faint|p2a: Slowking
|
|-heal|p1a: Ferrothorn|91\/100|[from] item: Leftovers
|-fieldend|Misty Terrain
|upkeep
|
|t:|1642201854
|switch|p2a: Togekiss|Togekiss, M|66\/100
|turn|35
|
|t:|1642201857
|switch|p1a: Tapu Fini|Tapu Fini|12\/100
|-fieldstart|move: Misty Terrain|[from] ability: Misty Surge|[of] p1a: Tapu Fini
|move|p2a: Togekiss|Trick|p1a: Tapu Fini
|-activate|p2a: Togekiss|move: Trick|[of] p1a: Tapu Fini
|-item|p1a: Tapu Fini|Choice Scarf|[from] move: Trick
|-item|p2a: Togekiss|Rocky Helmet|[from] move: Trick
|
|upkeep
|turn|36
|
|t:|1642201869
|move|p1a: Tapu Fini|Taunt|p2a: Togekiss
|-start|p2a: Togekiss|move: Taunt
|cant|p2a: Togekiss|move: Taunt|Trick
|
|upkeep
|turn|37
|
|t:|1642201872
|move|p1a: Tapu Fini|Taunt||[still]
|-fail|p1a: Tapu Fini
|move|p2a: Togekiss|Dazzling Gleam|p1a: Tapu Fini
|-damage|p1a: Tapu Fini|0 fnt
|faint|p1a: Tapu Fini
|
|upkeep
|
|t:|1642201874
|switch|p1a: Raichu|Raichu-Mega, M|100\/100
|-start|p1a: Raichu|typechange|Electric\/Fighting|[silent]
|turn|38
|
|t:|1642201879
|move|p1a: Raichu|Volt Switch|p2a: Togekiss
|-supereffective|p2a: Togekiss
|-damage|p2a: Togekiss|16\/100
|
|t:|1642201882
|switch|p1a: Ferrothorn|Ferrothorn, F|91\/100|[from]move: Volt Switch
|move|p2a: Togekiss|Dazzling Gleam|p1a: Ferrothorn
|-resisted|p1a: Ferrothorn
|-damage|p1a: Ferrothorn|79\/100
|
|-heal|p1a: Ferrothorn|85\/100|[from] item: Leftovers
|-end|p2a: Togekiss|move: Taunt
|upkeep
|turn|39
|
|t:|1642201884
|move|p2a: Togekiss|Trick|p1a: Ferrothorn
|-activate|p2a: Togekiss|move: Trick|[of] p1a: Ferrothorn
|-item|p1a: Ferrothorn|Rocky Helmet|[from] move: Trick
|-item|p2a: Togekiss|Leftovers|[from] move: Trick
|move|p1a: Ferrothorn|Gyro Ball|p2a: Togekiss
|-supereffective|p2a: Togekiss
|-damage|p2a: Togekiss|0 fnt
|faint|p2a: Togekiss
|
|-fieldend|Misty Terrain
|upkeep
|
|t:|1642201887
|switch|p2a: Tangrowth|Tangrowth, F|100\/100
|-damage|p2a: Tangrowth|88\/100|[from] Spikes
|turn|40
|
|t:|1642201891
|move|p2a: Tangrowth|Knock Off|p1a: Ferrothorn
|-damage|p1a: Ferrothorn|68\/100
|-damage|p2a: Tangrowth|76\/100|[from] ability: Iron Barbs|[of] p1a: Ferrothorn
|-damage|p2a: Tangrowth|59\/100|[from] item: Rocky Helmet|[of] p1a: Ferrothorn
|-enditem|p1a: Ferrothorn|Rocky Helmet|[from] move: Knock Off|[of] p2a: Tangrowth
|move|p1a: Ferrothorn|Gyro Ball|p2a: Tangrowth
|-damage|p2a: Tangrowth|43\/100
|-damage|p1a: Ferrothorn|52\/100|[from] item: Rocky Helmet|[of] p2a: Tangrowth
|
|upkeep
|turn|41
|
|t:|1642201893
|move|p2a: Tangrowth|Knock Off|p1a: Ferrothorn
|-damage|p1a: Ferrothorn|40\/100
|-damage|p2a: Tangrowth|31\/100|[from] ability: Iron Barbs|[of] p1a: Ferrothorn
|move|p1a: Ferrothorn|Gyro Ball|p2a: Tangrowth
|-damage|p2a: Tangrowth|16\/100
|-damage|p1a: Ferrothorn|24\/100|[from] item: Rocky Helmet|[of] p2a: Tangrowth
|
|upkeep
|turn|42
|
|t:|1642201895
|move|p2a: Tangrowth|Knock Off|p1a: Ferrothorn
|-damage|p1a: Ferrothorn|13\/100
|-damage|p2a: Tangrowth|4\/100|[from] ability: Iron Barbs|[of] p1a: Ferrothorn
|move|p1a: Ferrothorn|Gyro Ball|p2a: Tangrowth
|-damage|p2a: Tangrowth|0 fnt
|-damage|p1a: Ferrothorn|0 fnt|[from] item: Rocky Helmet|[of] p2a: Tangrowth
|faint|p2a: Tangrowth
|faint|p1a: Ferrothorn
|
|win|Not mossy
|c|☆Not mossy|gg
|c|☆FierceHawk192|gg</script>
</div>
<div class="battle-log battle-log-inline"><div class="inner"><div class="battle-options"><div style="padding-top: 3px; padding-right: 3px; text-align: right"><button class="icon button" name="openBattleOptions" title="Options">Battle Options</button></div></div><div class="inner message-log"><div class="chat"><small>☆Not mossy and ☆FierceHawk192 joined</small></div><div class=""><small>Format:</small> <br><strong>[Gen 8] Megas for All</strong></div><div class=""><small><em>HP Percentage Mod:</em> HP is shown in percentages</small></div><div class=""><small><em>Endless Battle Clause:</em> Forcing endless battles is banned</small></div><div class=""><small><em>OHKO Clause:</em> OHKO moves are banned</small></div><div class=""><small><em>Evasion Moves Clause:</em> Evasion moves are banned</small></div><div class=""><small><em>Species Clause:</em> Limit one of each Pokémon</small></div><div class=""><small><em>Dynamax Clause:</em> You cannot dynamax</small></div><div class=""><small><em>Sleep Clause Mod:</em> Limit one foe put to sleep</small></div><div class=""><small><em>Freeze Clause Mod:</em> Limit one foe frozen</small></div><div class="chat"><img src="https://raw.githubusercontent.com/scoopapa/DH/master/data/mods/m4av6/sprites/m4a_banner.png" height="65" width="381"></div><div class="spacer battle-history"><br></div><div class="battle-history"><small>Welcome to Megas for All!</small><br></div><div class="battle-history"><small>This is a National Dex-based format where we aim to give a new Mega Evolution to every Pokémon.</small><br></div><div class="battle-history"><small>Just like any official format, you can still only Mega Evolve one Pokémon per team!</small><br></div><div class="battle-history"><small>You can find our thread and metagame resources here:</small><br></div><div class="battle-history"><small>https://www.smogon.com/forums/threads/3671140/</small><br></div><div class="chat battle-history"><strong>Not mossy's team:</strong> <em style="color:#445566;display:block;">Ferrothorn / Raichu / Zapdos / Slowbro / Weavile / Tapu Fini</em></div><div class="chat battle-history"><strong>FierceHawk192's team:</strong> <em style="color:#445566;display:block;">Slowking / Cinderace / Tangrowth / Magnezone / Kommo-o / Togekiss</em></div><div class="chat chatmessage-notmossy"><strong style="color:#3f7abe"><small>☆</small><span class="username" data-name="Not mossy">Not mossy</span>:</strong> <em>gl hf</em></div><div class="chat chatmessage-fiercehawk192"><strong style="color:#10a683"><small>☆</small><span class="username" data-name="FierceHawk192">FierceHawk192</span>:</strong> <em>glhf</em></div><div class="chat"><small>~inkbug1 and  Sticky Fingaa joined</small></div><div class="spacer battle-history"><br></div><div class="battle-history">Battle started between Not mossy and FierceHawk192!<br></div><div class="spacer battle-history"><br></div><div class="battle-history">Go! <strong>Raichu</strong>!<br></div><div class="spacer battle-history"><br></div><div class="battle-history">FierceHawk192 sent out <strong>Magnezone</strong>!<br></div><div class="spacer battle-history"><br></div><h2 class="battle-history">Turn 1</h2><div class="spacer battle-history"><br></div><div class="battle-history"><small>Raichu's Raichunite is reacting to the Key Stone!</small><br>Raichu has Mega Evolved into Mega Raichu!<br></div><div class="chat"><ul class="utilichart"><li class="result"><span class="col pokemonnamecol" style="white-space: nowrap">Raichu-Mega</span> <span class="col typecol"><img src="https://play.pokemonshowdown.com/sprites/types/Electric.png" alt="Electric" height="14" width="32"><img src="https://play.pokemonshowdown.com/sprites/types/Fighting.png" alt="Fighting" height="14" width="32"></span> <span style="float: left ; min-height: 26px"><span class="col abilitycol">Reckless</span><span class="col abilitycol"></span></span><span style="float: left ; min-height: 26px"><span class="col statcol"><em>HP</em><br>60</span> <span class="col statcol"><em>Atk</em><br>125</span> <span class="col statcol"><em>Def</em><br>65</span> <span class="col statcol"><em>SpA</em><br>110</span> <span class="col statcol"><em>SpD</em><br>105</span> <span class="col statcol"><em>Spe</em><br>120</span> </span></li><li style="clear: both"></li></ul></div><div class="battle-history"><small>(Raichu-Mega was submitted by DrPumpkinz!)</small><br></div><div class="spacer battle-history"><br></div><div class="battle-history">Raichu used <strong>Volt Switch</strong>!<br></div><div class="battle-history"><small>It's not very effective...</small><br></div><div class="battle-history"><small>A critical hit!</small><br></div><div class="battle-history"><small>(The opposing Magnezone lost 18% of its health!)</small><br></div><div class="spacer battle-history"><br></div><div class="battle-history">Raichu went back to Not mossy!<br></div><div class="battle-history">Go! <strong>Zapdos</strong>!<br></div><div class="spacer battle-history"><br></div><div class="battle-history">The opposing Magnezone used <strong>Volt Switch</strong>!<br></div><div class="battle-history"><small>(Zapdos lost 49% of its health!)</small><br></div><div class="spacer battle-history"><br></div><div class="battle-history">The opposing Magnezone went back to FierceHawk192!<br></div><div class="battle-history">FierceHawk192 sent out <strong>Tangrowth</strong>!<br></div><div class="spacer battle-history"><br></div><h2 class="battle-history">Turn 2</h2><div class="spacer battle-history"><br></div><div class="battle-history">Zapdos used <strong>Hurricane</strong>!<br></div><div class="battle-history"><small>The opposing Tangrowth avoided the attack!</small><br></div><div class="spacer battle-history"><br></div><div class="battle-history">The opposing Tangrowth used <strong>Knock Off</strong>!<br></div><div class="battle-history"><small>(Zapdos lost 19% of its health!)</small><br></div><div class="battle-history"><small>The opposing Tangrowth knocked off Zapdos's Heavy-Duty Boots!</small><br></div><div class="spacer battle-history"><br></div><h2 class="battle-history">Turn 3</h2><div class="spacer battle-history"><br></div><div class="battle-history">FierceHawk192 withdrew Tangrowth!<br></div><div class="battle-history">FierceHawk192 sent out <strong>Magnezone</strong>!<br></div><div class="spacer battle-history"><br></div><div class="battle-history">Zapdos used <strong>Roost</strong>!<br></div><div class="battle-history"><small>Zapdos had its HP restored.</small><br></div><div class="battle-history"><small>(Zapdos loses Flying type this turn.)</small><br></div><div class="spacer battle-history"><br></div><h2 class="battle-history">Turn 4</h2><div class="spacer battle-history"><br></div><div class="battle-history">Zapdos used <strong>Roost</strong>!<br></div><div class="battle-history"><small>Zapdos had its HP restored.</small><br></div><div class="battle-history"><small>(Zapdos loses Flying type this turn.)</small><br></div><div class="spacer battle-history"><br></div><div class="battle-history">The opposing Magnezone used <strong>Thunderbolt</strong>!<br></div><div class="battle-history"><small>It's not very effective...</small><br></div><div class="battle-history"><small>A critical hit!</small><br></div><div class="battle-history"><small>(Zapdos lost 47% of its health!)</small><br></div><div class="spacer battle-history"><br></div><h2 class="battle-history">Turn 5</h2><div class="spacer battle-history"><br></div><div class="battle-history">Zapdos used <strong>Roost</strong>!<br></div><div class="battle-history"><small>Zapdos had its HP restored.</small><br></div><div class="battle-history"><small>(Zapdos loses Flying type this turn.)</small><br></div><div class="spacer battle-history"><br></div><div class="battle-history">The opposing Magnezone used <strong>Thunderbolt</strong>!<br></div><div class="battle-history"><small>It's not very effective...</small><br></div><div class="battle-history"><small>(Zapdos lost 34% of its health!)</small><br></div><div class="spacer battle-history"><br></div><h2 class="battle-history">Turn 6</h2><div class="spacer battle-history"><br></div><div class="battle-history">FierceHawk192 withdrew Magnezone!<br></div><div class="battle-history">FierceHawk192 sent out <strong>Cinderace</strong>!<br></div><div class="spacer battle-history"><br></div><div class="battle-history">Zapdos used <strong>Roost</strong>!<br></div><div class="battle-history"><small>Zapdos had its HP restored.</small><br></div><div class="battle-history"><small>(Zapdos loses Flying type this turn.)</small><br></div><div class="spacer battle-history"><br></div><h2 class="battle-history">Turn 7</h2><div class="spacer battle-history"><br></div><div class="battle-history">The opposing Cinderace used <strong>Pyro Ball</strong>!<br></div><div class="battle-history"><small>(Zapdos lost 54% of its health!)</small><br></div><div class="spacer battle-history"><br></div><div class="battle-history">Zapdos used <strong>Volt Switch</strong>!<br></div><div class="battle-history"><small>(The opposing Cinderace lost 42% of its health!)</small><br></div><div class="spacer battle-history"><br></div><div class="battle-history">Zapdos went back to Not mossy!<br></div><div class="battle-history">Go! Raichu (<strong>Raichu-Mega</strong>)!<br></div><div class="spacer battle-history"><br></div><h2 class="battle-history">Turn 8</h2><div class="spacer battle-history"><br></div><div class="battle-history">Raichu used <strong>Volt Switch</strong>!<br></div><div class="battle-history"><small>(The opposing Cinderace lost 38% of its health!)</small><br></div><div class="spacer battle-history"><br></div><div class="battle-history">Raichu went back to Not mossy!<br></div><div class="battle-history">Go! <strong>Tapu Fini</strong>!<br></div><div class="battle-history">[Tapu Fini's Misty Surge]<br><small>Mist swirled around the battlefield!</small><br></div><div class="spacer battle-history"><br></div><div class="battle-history">The opposing Cinderace used <strong>U-turn</strong>!<br></div><div class="battle-history"><small>It's not very effective...</small><br></div><div class="battle-history"><small>(Tapu Fini lost 11% of its health!)</small><br></div><div class="spacer battle-history"><br></div><div class="battle-history">The opposing Cinderace went back to FierceHawk192!<br></div><div class="battle-history">FierceHawk192 sent out <strong>Magnezone</strong>!<br></div><div class="spacer battle-history"><br></div><h2 class="battle-history">Turn 9</h2><div class="spacer battle-history"><br></div><div class="battle-history">Tapu Fini, come back!<br></div><div class="battle-history">Go! <strong>Ferrothorn</strong>!<br></div><div class="spacer battle-history"><br></div><div class="battle-history">The opposing Magnezone used <strong>Volt Switch</strong>!<br></div><div class="battle-history"><small>It's not very effective...</small><br></div><div class="battle-history"><small>(Ferrothorn lost 15% of its health!)</small><br></div><div class="spacer battle-history"><br></div><div class="battle-history">The opposing Magnezone went back to FierceHawk192!<br></div><div class="battle-history">FierceHawk192 sent out <strong>Cinderace</strong>!<br></div><div class="spacer battle-history"><br></div><div class="battle-history"><small>Ferrothorn restored a little HP using its Leftovers!</small><br></div><div class="spacer battle-history"><br></div><h2 class="battle-history">Turn 10</h2><div class="spacer battle-history"><br></div><div class="battle-history">Ferrothorn, come back!<br></div><div class="battle-history">Go! <strong>Slowbro</strong>!<br></div><div class="spacer battle-history"><br></div><div class="battle-history">The opposing Cinderace used <strong>Pyro Ball</strong>!<br></div><div class="battle-history"><small>It's not very effective...</small><br></div><div class="battle-history"><small>(Slowbro lost 27% of its health!)</small><br></div><div class="spacer battle-history"><br></div><h2 class="battle-history">Turn 11</h2><div class="spacer battle-history"><br></div><div class="battle-history">The opposing Cinderace used <strong>U-turn</strong>!<br></div><div class="battle-history"><small>It's super effective!</small><br></div><div class="battle-history"><small>(Slowbro lost 31% of its health!)</small><br></div><div class="battle-history"><small>The opposing Cinderace was hurt by the Rocky Helmet!</small><br></div><div class="spacer battle-history"><br></div><div class="battle-history">The opposing Cinderace went back to FierceHawk192!<br></div><div class="battle-history">FierceHawk192 sent out <strong>Magnezone</strong>!<br></div><div class="spacer battle-history"><br></div><div class="battle-history">Slowbro used <strong>Teleport</strong>!<br></div><div class="spacer battle-history"><br></div><div class="battle-history">Slowbro, come back!<br></div><div class="battle-history">Go! Raichu (<strong>Raichu-Mega</strong>)!<br></div><div class="spacer battle-history"><br></div><h2 class="battle-history">Turn 12</h2><div class="spacer battle-history"><br></div><div class="battle-history">FierceHawk192 withdrew Magnezone!<br></div><div class="battle-history">FierceHawk192 sent out <strong>Cinderace</strong>!<br></div><div class="spacer battle-history"><br></div><div class="battle-history">Raichu used <strong>High Jump Kick</strong>!<br></div><div class="battle-history"><small>(The opposing Cinderace lost 3% of its health!)</small><br></div><div class="spacer battle-history"><br></div><div class="battle-history">The opposing Cinderace fainted!<br></div><div class="spacer battle-history"><br></div><div class="battle-history"><small>The mist disappeared from the battlefield.</small><br></div><div class="spacer battle-history"><br></div><div class="battle-history">FierceHawk192 sent out <strong>Togekiss</strong>!<br></div><div class="spacer battle-history"><br></div><h2 class="battle-history">Turn 13</h2><div class="spacer battle-history"><br></div><div class="battle-history">Raichu, come back!<br></div><div class="battle-history">Go! <strong>Ferrothorn</strong>!<br></div><div class="spacer battle-history"><br></div><div class="battle-history">The opposing Togekiss used <strong>Air Slash</strong>!<br></div><div class="battle-history"><small>(Ferrothorn lost 24% of its health!)</small><br></div><div class="spacer battle-history"><br></div><div class="battle-history"><small>Ferrothorn restored a little HP using its Leftovers!</small><br></div><div class="spacer battle-history"><br></div><h2 class="battle-history">Turn 14</h2><div class="spacer battle-history"><br></div><div class="battle-history">FierceHawk192 withdrew Togekiss!<br></div><div class="battle-history">FierceHawk192 sent out <strong>Kommo-o</strong>!<br></div><div class="spacer battle-history"><br></div><div class="battle-history">Ferrothorn used <strong>Gyro Ball</strong>!<br></div><div class="battle-history">[The opposing Kommo-o's Bulletproof]<br><small>It doesn't affect the opposing Kommo-o...</small><br></div><div class="spacer battle-history"><br></div><div class="battle-history"><small>Ferrothorn restored a little HP using its Leftovers!</small><br></div><div class="spacer battle-history"><br></div><h2 class="battle-history">Turn 15</h2><div class="spacer battle-history"><br></div><div class="battle-history">Ferrothorn, come back!<br></div><div class="battle-history">Go! <strong>Tapu Fini</strong>!<br></div><div class="battle-history">[Tapu Fini's Misty Surge]<br><small>Mist swirled around the battlefield!</small><br></div><div class="spacer battle-history"><br></div><div class="battle-history">The opposing Kommo-o used <strong>Poison Jab</strong>!<br></div><div class="battle-history"><small>It's super effective!</small><br></div><div class="battle-history"><small>(Tapu Fini lost 45% of its health!)</small><br></div><div class="spacer battle-history"><br></div><h2 class="battle-history">Turn 16</h2><div class="spacer battle-history"><br></div><div class="battle-history">Tapu Fini used <strong>Moonblast</strong>!<br></div><div class="battle-history"><small>It's super effective!</small><br></div><div class="battle-history"><small>(The opposing Kommo-o lost 100% of its health!)</small><br></div><div class="spacer battle-history"><br></div><div class="battle-history">The opposing Kommo-o fainted!<br></div><div class="spacer battle-history"><br></div><div class="battle-history">FierceHawk192 sent out <strong>Magnezone</strong>!<br></div><div class="spacer battle-history"><br></div><h2 class="battle-history">Turn 17</h2><div class="spacer battle-history"><br></div><div class="battle-history">Tapu Fini, come back!<br></div><div class="battle-history">Go! <strong>Zapdos</strong>!<br></div><div class="spacer battle-history"><br></div><div class="battle-history">The opposing Magnezone used <strong>Volt Switch</strong>!<br></div><div class="battle-history"><small>(Zapdos lost 46% of its health!)</small><br></div><div class="spacer battle-history"><br></div><div class="battle-history">Zapdos fainted!<br></div><div class="spacer battle-history"><br></div><div class="battle-history">The opposing Magnezone went back to FierceHawk192!<br></div><div class="battle-history">FierceHawk192 sent out <strong>Togekiss</strong>!<br></div><div class="spacer battle-history"><br></div><div class="battle-history">Go! <strong>Ferrothorn</strong>!<br></div><div class="spacer battle-history"><br></div><h2 class="battle-history">Turn 18</h2><div class="spacer battle-history"><br></div><div class="battle-history">Ferrothorn, come back!<br></div><div class="battle-history">Go! <strong>Slowbro</strong>!<br></div><div class="spacer battle-history"><br></div><div class="battle-history">The opposing Togekiss used <strong>Trick</strong>!<br></div><div class="battle-history"><small>The opposing Togekiss switched items with its target!</small><br></div><div class="battle-history"><small>Slowbro obtained one Choice Scarf.</small><br></div><div class="battle-history"><small>The opposing Togekiss obtained one Rocky Helmet.</small><br></div><div class="spacer battle-history"><br></div><h2 class="battle-history">Turn 19</h2><div class="spacer battle-history"><br></div><div class="battle-history">Slowbro, come back!<br></div><div class="battle-history">Go! <strong>Tapu Fini</strong>!<br></div><div class="spacer battle-history"><br></div><div class="battle-history">The opposing Togekiss used <strong>Trick</strong>!<br></div><div class="battle-history"><small>The opposing Togekiss switched items with its target!</small><br></div><div class="battle-history"><small>Tapu Fini obtained one Rocky Helmet.</small><br></div><div class="battle-history"><small>The opposing Togekiss obtained one Choice Scarf.</small><br></div><div class="spacer battle-history"><br></div><div class="battle-history"><small>The mist disappeared from the battlefield.</small><br></div><div class="spacer battle-history"><br></div><h2 class="battle-history">Turn 20</h2><div class="spacer battle-history"><br></div><div class="battle-history">Tapu Fini, come back!<br></div><div class="battle-history">Go! <strong>Slowbro</strong>!<br></div><div class="spacer battle-history"><br></div><div class="battle-history">The opposing Togekiss used <strong>Dazzling Gleam</strong>!<br></div><div class="battle-history"><small>A critical hit!</small><br></div><div class="battle-history"><small>(Slowbro lost 62% of its health!)</small><br></div><div class="spacer battle-history"><br></div><h2 class="battle-history">Turn 21</h2><div class="spacer battle-history"><br></div><div class="battle-history">Slowbro, come back!<br></div><div class="battle-history">Go! <strong>Ferrothorn</strong>!<br></div><div class="spacer battle-history"><br></div><div class="battle-history">The opposing Togekiss used <strong>Dazzling Gleam</strong>!<br></div><div class="battle-history"><small>It's not very effective...</small><br></div><div class="battle-history"><small>(Ferrothorn lost 13% of its health!)</small><br></div><div class="spacer battle-history"><br></div><div class="battle-history"><small>Ferrothorn restored a little HP using its Leftovers!</small><br></div><div class="spacer battle-history"><br></div><h2 class="battle-history">Turn 22</h2><div class="spacer battle-history"><br></div><div class="battle-history">FierceHawk192 withdrew Togekiss!<br></div><div class="battle-history">FierceHawk192 sent out <strong>Tangrowth</strong>!<br></div><div class="spacer battle-history"><br></div><div class="battle-history">Ferrothorn, come back!<br></div><div class="battle-history">Go! Raichu (<strong>Raichu-Mega</strong>)!<br></div><div class="spacer battle-history"><br></div><h2 class="battle-history">Turn 23</h2><div class="spacer battle-history"><br></div><div class="battle-history">Raichu used <strong>Volt Switch</strong>!<br></div><div class="battle-history"><small>It's not very effective...</small><br></div><div class="battle-history"><small>(The opposing Tangrowth lost 18% of its health!)</small><br></div><div class="spacer battle-history"><br></div><div class="battle-history">Raichu went back to Not mossy!<br></div><div class="battle-history">Go! <strong>Ferrothorn</strong>!<br></div><div class="spacer battle-history"><br></div><div class="battle-history">The opposing Tangrowth used <strong>Sleep Powder</strong>!<br></div><div class="battle-history"><small>It doesn't affect Ferrothorn...</small><br></div><div class="spacer battle-history"><br></div><div class="battle-history"><small>Ferrothorn restored a little HP using its Leftovers!</small><br></div><div class="spacer battle-history"><br></div><h2 class="battle-history">Turn 24</h2><div class="spacer battle-history"><br></div><div class="battle-history">Ferrothorn, come back!<br></div><div class="battle-history">Go! <strong>Slowbro</strong>!<br></div><div class="spacer battle-history"><br></div><div class="battle-history">The opposing Tangrowth used <strong>Knock Off</strong>!<br></div><div class="battle-history"><small>It's super effective!</small><br></div><div class="battle-history"><small>(Slowbro lost 27% of its health!)</small><br></div><div class="battle-history"><small>The opposing Tangrowth knocked off Slowbro's Choice Scarf!</small><br></div><div class="spacer battle-history"><br></div><h2 class="battle-history">Turn 25</h2><div class="spacer battle-history"><br></div><div class="battle-history">Slowbro, come back!<br></div><div class="battle-history">Go! <strong>Ferrothorn</strong>!<br></div><div class="spacer battle-history"><br></div><div class="battle-history">The opposing Tangrowth used <strong>Leech Seed</strong>!<br></div><div class="battle-history"><small>It doesn't affect Ferrothorn...</small><br></div><div class="spacer battle-history"><br></div><div class="battle-history"><small>Ferrothorn restored a little HP using its Leftovers!</small><br></div><div class="spacer battle-history"><br></div><h2 class="battle-history">Turn 26</h2><div class="spacer battle-history"><br></div><div class="battle-history">The opposing Tangrowth used <strong>Toxic</strong>!<br></div><div class="battle-history"><small>It doesn't affect Ferrothorn...</small><br></div><div class="spacer battle-history"><br></div><div class="battle-history">Ferrothorn used <strong>Spikes</strong>!<br></div><div class="battle-history"><small>Spikes were scattered on the ground all around the opposing team!</small><br></div><div class="spacer battle-history"><br></div><div class="battle-history"><small>Ferrothorn restored a little HP using its Leftovers!</small><br></div><div class="spacer battle-history"><br></div><h2 class="battle-history">Turn 27</h2><div class="spacer battle-history"><br></div><div class="battle-history">FierceHawk192 withdrew Tangrowth!<br></div><div class="battle-history">FierceHawk192 sent out <strong>Slowking</strong>!<br></div><div class="battle-history"><small>The opposing Slowking was hurt by the spikes!</small><br></div><div class="spacer battle-history"><br></div><div class="battle-history">Ferrothorn, come back!<br></div><div class="battle-history">Go! <strong>Slowbro</strong>!<br></div><div class="spacer battle-history"><br></div><h2 class="battle-history">Turn 28</h2><div class="spacer battle-history"><br></div><div class="battle-history">FierceHawk192 withdrew Slowking!<br></div><div class="battle-history">FierceHawk192 sent out <strong>Magnezone</strong>!<br></div><div class="battle-history"><small>The opposing Magnezone was hurt by the spikes!</small><br></div><div class="spacer battle-history"><br></div><div class="battle-history">Slowbro used <strong>Teleport</strong>!<br></div><div class="spacer battle-history"><br></div><div class="battle-history">Slowbro, come back!<br></div><div class="battle-history">Go! Raichu (<strong>Raichu-Mega</strong>)!<br></div><div class="spacer battle-history"><br></div><h2 class="battle-history">Turn 29</h2><div class="spacer battle-history"><br></div><div class="battle-history">Raichu used <strong>High Jump Kick</strong>!<br></div><div class="battle-history"><small>It's super effective!</small><br></div><div class="battle-history"><small>(The opposing Magnezone lost 69% of its health!)</small><br></div><div class="spacer battle-history"><br></div><div class="battle-history">The opposing Magnezone fainted!<br></div><div class="spacer battle-history"><br></div><div class="battle-history">FierceHawk192 sent out <strong>Togekiss</strong>!<br></div><div class="spacer battle-history"><br></div><h2 class="battle-history">Turn 30</h2><div class="spacer battle-history"><br></div><div class="battle-history">FierceHawk192 withdrew Togekiss!<br></div><div class="battle-history">FierceHawk192 sent out <strong>Slowking</strong>!<br></div><div class="battle-history"><small>The opposing Slowking was hurt by the spikes!</small><br></div><div class="spacer battle-history"><br></div><div class="battle-history">Raichu, come back!<br></div><div class="battle-history">Go! <strong>Tapu Fini</strong>!<br></div><div class="battle-history">[Tapu Fini's Misty Surge]<br><small>Mist swirled around the battlefield!</small><br></div><div class="spacer battle-history"><br></div><h2 class="battle-history">Turn 31</h2><div class="spacer battle-history"><br></div><div class="battle-history">FierceHawk192 withdrew Slowking!<br></div><div class="battle-history">FierceHawk192 sent out <strong>Togekiss</strong>!<br></div><div class="spacer battle-history"><br></div><div class="battle-history">Tapu Fini used <strong>Taunt</strong>!<br></div><div class="battle-history"><small>The opposing Togekiss fell for the taunt!</small><br></div><div class="spacer battle-history"><br></div><h2 class="battle-history">Turn 32</h2><div class="spacer battle-history"><br></div><div class="battle-history">The opposing Togekiss used <strong>Dazzling Gleam</strong>!<br></div><div class="battle-history"><small>(Tapu Fini lost 32% of its health!)</small><br></div><div class="spacer battle-history"><br></div><div class="battle-history">Tapu Fini used <strong>Moonblast</strong>!<br></div><div class="battle-history"><small>(The opposing Togekiss lost 34% of its health!)</small><br></div><div class="spacer battle-history"><br></div><h2 class="battle-history">Turn 33</h2><div class="spacer battle-history"><br></div><div class="battle-history">Tapu Fini, come back!<br></div><div class="battle-history">Go! <strong>Ferrothorn</strong>!<br></div><div class="spacer battle-history"><br></div><div class="battle-history">The opposing Togekiss used <strong>Dazzling Gleam</strong>!<br></div><div class="battle-history"><small>It's not very effective...</small><br></div><div class="battle-history"><small>(Ferrothorn lost 12% of its health!)</small><br></div><div class="spacer battle-history"><br></div><div class="battle-history"><small>Ferrothorn restored a little HP using its Leftovers!</small><br></div><div class="battle-history"><small>The opposing Togekiss shook off the taunt!</small><br></div><div class="spacer battle-history"><br></div><h2 class="battle-history">Turn 34</h2><div class="spacer battle-history"><br></div><div class="battle-history">FierceHawk192 withdrew Togekiss!<br></div><div class="battle-history">FierceHawk192 sent out <strong>Slowking</strong>!<br></div><div class="battle-history"><small>The opposing Slowking was hurt by the spikes!</small><br></div><div class="spacer battle-history"><br></div><div class="battle-history">Ferrothorn used <strong>Power Whip</strong>!<br></div><div class="battle-history"><small>It's super effective!</small><br></div><div class="battle-history"><small>(The opposing Slowking lost 88% of its health!)</small><br></div><div class="spacer battle-history"><br></div><div class="battle-history">The opposing Slowking fainted!<br></div><div class="spacer battle-history"><br></div><div class="battle-history"><small>Ferrothorn restored a little HP using its Leftovers!</small><br></div><div class="battle-history"><small>The mist disappeared from the battlefield.</small><br></div><div class="spacer battle-history"><br></div><div class="battle-history">FierceHawk192 sent out <strong>Togekiss</strong>!<br></div><div class="spacer battle-history"><br></div><h2 class="battle-history">Turn 35</h2><div class="spacer battle-history"><br></div><div class="battle-history">Ferrothorn, come back!<br></div><div class="battle-history">Go! <strong>Tapu Fini</strong>!<br></div><div class="battle-history">[Tapu Fini's Misty Surge]<br><small>Mist swirled around the battlefield!</small><br></div><div class="spacer battle-history"><br></div><div class="battle-history">The opposing Togekiss used <strong>Trick</strong>!<br></div><div class="battle-history"><small>The opposing Togekiss switched items with its target!</small><br></div><div class="battle-history"><small>Tapu Fini obtained one Choice Scarf.</small><br></div><div class="battle-history"><small>The opposing Togekiss obtained one Rocky Helmet.</small><br></div><div class="spacer battle-history"><br></div><h2 class="battle-history">Turn 36</h2><div class="spacer battle-history"><br></div><div class="battle-history">Tapu Fini used <strong>Taunt</strong>!<br></div><div class="battle-history"><small>The opposing Togekiss fell for the taunt!</small><br></div><div class="spacer battle-history"><br></div><div class="battle-history">The opposing Togekiss can't use Trick after the taunt!<br></div><div class="spacer battle-history"><br></div><h2 class="battle-history">Turn 37</h2><div class="spacer battle-history"><br></div><div class="battle-history">Tapu Fini used <strong>Taunt</strong>!<br></div><div class="battle-history"><small>But it failed!</small><br></div><div class="spacer battle-history"><br></div><div class="battle-history">The opposing Togekiss used <strong>Dazzling Gleam</strong>!<br></div><div class="battle-history"><small>(Tapu Fini lost 12% of its health!)</small><br></div><div class="spacer battle-history"><br></div><div class="battle-history">Tapu Fini fainted!<br></div><div class="spacer battle-history"><br></div><div class="battle-history">Go! Raichu (<strong>Raichu-Mega</strong>)!<br></div><div class="spacer battle-history"><br></div><h2 class="battle-history">Turn 38</h2><div class="spacer battle-history"><br></div><div class="battle-history">Raichu used <strong>Volt Switch</strong>!<br></div><div class="battle-history"><small>It's super effective!</small><br></div><div class="battle-history"><small>(The opposing Togekiss lost 50% of its health!)</small><br></div><div class="spacer battle-history"><br></div><div class="battle-history">Raichu went back to Not mossy!<br></div><div class="battle-history">Go! <strong>Ferrothorn</strong>!<br></div><div class="spacer battle-history"><br></div><div class="battle-history">The opposing Togekiss used <strong>Dazzling Gleam</strong>!<br></div><div class="battle-history"><small>It's not very effective...</small><br></div><div class="battle-history"><small>(Ferrothorn lost 12% of its health!)</small><br></div><div class="spacer battle-history"><br></div><div class="battle-history"><small>Ferrothorn restored a little HP using its Leftovers!</small><br></div><div class="battle-history"><small>The opposing Togekiss shook off the taunt!</small><br></div><div class="spacer battle-history"><br></div><h2 class="battle-history">Turn 39</h2><div class="spacer battle-history"><br></div><div class="battle-history">The opposing Togekiss used <strong>Trick</strong>!<br></div><div class="battle-history"><small>The opposing Togekiss switched items with its target!</small><br></div><div class="battle-history"><small>Ferrothorn obtained one Rocky Helmet.</small><br></div><div class="battle-history"><small>The opposing Togekiss obtained one Leftovers.</small><br></div><div class="spacer battle-history"><br></div><div class="battle-history">Ferrothorn used <strong>Gyro Ball</strong>!<br></div><div class="battle-history"><small>It's super effective!</small><br></div><div class="battle-history"><small>(The opposing Togekiss lost 16% of its health!)</small><br></div><div class="spacer battle-history"><br></div><div class="battle-history">The opposing Togekiss fainted!<br></div><div class="spacer battle-history"><br></div><div class="battle-history"><small>The mist disappeared from the battlefield.</small><br></div><div class="spacer battle-history"><br></div><div class="battle-history">FierceHawk192 sent out <strong>Tangrowth</strong>!<br></div><div class="battle-history"><small>The opposing Tangrowth was hurt by the spikes!</small><br></div><div class="spacer battle-history"><br></div><h2 class="battle-history">Turn 40</h2><div class="spacer battle-history"><br></div><div class="battle-history">The opposing Tangrowth used <strong>Knock Off</strong>!<br></div><div class="battle-history"><small>(Ferrothorn lost 17% of its health!)</small><br></div><div class="battle-history">[Ferrothorn's Iron Barbs]<br><small>The opposing Tangrowth was hurt!</small><br></div><div class="battle-history"><small>The opposing Tangrowth was hurt by the Rocky Helmet!</small><br></div><div class="battle-history"><small>The opposing Tangrowth knocked off Ferrothorn's Rocky Helmet!</small><br></div><div class="spacer battle-history"><br></div><div class="battle-history">Ferrothorn used <strong>Gyro Ball</strong>!<br></div><div class="battle-history"><small>(The opposing Tangrowth lost 16% of its health!)</small><br></div><div class="battle-history"><small>Ferrothorn was hurt by the Rocky Helmet!</small><br></div><div class="spacer battle-history"><br></div><h2 class="battle-history">Turn 41</h2><div class="spacer battle-history"><br></div><div class="battle-history">The opposing Tangrowth used <strong>Knock Off</strong>!<br></div><div class="battle-history"><small>(Ferrothorn lost 12% of its health!)</small><br></div><div class="battle-history">[Ferrothorn's Iron Barbs]<br><small>The opposing Tangrowth was hurt!</small><br></div><div class="spacer battle-history"><br></div><div class="battle-history">Ferrothorn used <strong>Gyro Ball</strong>!<br></div><div class="battle-history"><small>(The opposing Tangrowth lost 15% of its health!)</small><br></div><div class="battle-history"><small>Ferrothorn was hurt by the Rocky Helmet!</small><br></div><div class="spacer battle-history"><br></div><h2 class="battle-history">Turn 42</h2><div class="spacer battle-history"><br></div><div class="battle-history">The opposing Tangrowth used <strong>Knock Off</strong>!<br></div><div class="battle-history"><small>(Ferrothorn lost 11% of its health!)</small><br></div><div class="battle-history">[Ferrothorn's Iron Barbs]<br><small>The opposing Tangrowth was hurt!</small><br></div><div class="spacer battle-history"><br></div><div class="battle-history">Ferrothorn used <strong>Gyro Ball</strong>!<br></div><div class="battle-history"><small>(The opposing Tangrowth lost 4% of its health!)</small><br></div><div class="battle-history"><small>Ferrothorn was hurt by the Rocky Helmet!</small><br></div><div class="spacer battle-history"><br></div><div class="battle-history">The opposing Tangrowth fainted!<br></div><div class="battle-history">Ferrothorn fainted!<br></div><div class="spacer battle-history"><br></div><div class="battle-history"><strong>Not mossy</strong> won the battle!<br></div><div class="chat chatmessage-notmossy"><strong style="color:#3f7abe"><small>☆</small><span class="username" data-name="Not mossy">Not mossy</span>:</strong> <em>gg</em></div><div class="chat chatmessage-fiercehawk192"><strong style="color:#10a683"><small>☆</small><span class="username" data-name="FierceHawk192">FierceHawk192</span>:</strong> <em>gg</em></div></div><div class="inner-preempt message-log"></div></div></div>
</div>
<script>
let daily = Math.floor(Date.now()/1000/60/60/24);document.write('<script src="https://dragonheaven.herokuapp.com/js/replay-embed.js?version'+daily+'"></'+'script>');
</script>
