<!DOCTYPE html>
<meta charset="utf-8" />
<!-- version 1 -->
<title>[Gen 8] Megas for All replay: H2OPulse vs. inkbug1</title>
<style>
html,body {font-family:Verdana, sans-serif;font-size:10pt;margin:0;padding:0;}body{padding:12px 0;} .battle-log {font-family:Verdana, sans-serif;font-size:10pt;} .battle-log-inline {border:1px solid #AAAAAA;background:#EEF2F5;color:black;max-width:640px;margin:0 auto 80px;padding-bottom:5px;} .battle-log .inner {padding:4px 8px 0px 8px;} .battle-log .inner-preempt {padding:0 8px 4px 8px;} .battle-log .inner-after {margin-top:0.5em;} .battle-log h2 {margin:0.5em -8px;padding:4px 8px;border:1px solid #AAAAAA;background:#E0E7EA;border-left:0;border-right:0;font-family:Verdana, sans-serif;font-size:13pt;} .battle-log .chat {vertical-align:middle;padding:3px 0 3px 0;font-size:8pt;} .battle-log .chat strong {color:#40576A;} .battle-log .chat em {padding:1px 4px 1px 3px;color:#000000;font-style:normal;} .chat.mine {background:rgba(0,0,0,0.05);margin-left:-8px;margin-right:-8px;padding-left:8px;padding-right:8px;} .spoiler {color:#BBBBBB;background:#BBBBBB;padding:0px 3px;} .spoiler:hover, .spoiler:active, .spoiler-shown {color:#000000;background:#E2E2E2;padding:0px 3px;} .spoiler a {color:#BBBBBB;} .spoiler:hover a, .spoiler:active a, .spoiler-shown a {color:#2288CC;} .chat code, .chat .spoiler:hover code, .chat .spoiler:active code, .chat .spoiler-shown code {border:1px solid #C0C0C0;background:#EEEEEE;color:black;padding:0 2px;} .chat .spoiler code {border:1px solid #CCCCCC;background:#CCCCCC;color:#CCCCCC;} .battle-log .rated {padding:3px 4px;} .battle-log .rated strong {color:white;background:#89A;padding:1px 4px;border-radius:4px;} .spacer {margin-top:0.5em;} .message-announce {background:#6688AA;color:white;padding:1px 4px 2px;} .message-announce a, .broadcast-green a, .broadcast-blue a, .broadcast-red a {color:#DDEEFF;} .broadcast-green {background-color:#559955;color:white;padding:2px 4px;} .broadcast-blue {background-color:#6688AA;color:white;padding:2px 4px;} .infobox {border:1px solid #6688AA;padding:2px 4px;} .infobox-limited {max-height:200px;overflow:auto;overflow-x:hidden;} .broadcast-red {background-color:#AA5544;color:white;padding:2px 4px;} .message-learn-canlearn {font-weight:bold;color:#228822;text-decoration:underline;} .message-learn-cannotlearn {font-weight:bold;color:#CC2222;text-decoration:underline;} .message-effect-weak {font-weight:bold;color:#CC2222;} .message-effect-resist {font-weight:bold;color:#6688AA;} .message-effect-immune {font-weight:bold;color:#666666;} .message-learn-list {margin-top:0;margin-bottom:0;} .message-throttle-notice, .message-error {color:#992222;} .message-overflow, .chat small.message-overflow {font-size:0pt;} .message-overflow::before {font-size:9pt;content:'...';} .subtle {color:#3A4A66;}
</style>
<div class="wrapper replay-wrapper" style="max-width:1180px;margin:0 auto">
<input type="hidden" name="replayid" value="dragonheaven-gen8megasforall-797" />
<div class="battle"></div><div class="battle-log"></div><div class="replay-controls"></div><div class="replay-controls-2"></div>
<h1 style="font-weight:normal;text-align:center"><strong>[Gen 8] Megas for All</strong><br /><a href="http://pokemonshowdown.com/users/h2opulse" class="subtle" target="_blank">H2OPulse</a> vs. <a href="http://pokemonshowdown.com/users/inkbug1" class="subtle" target="_blank">inkbug1</a></h1>
<script type="text/plain" class="battle-log-data">|j|☆H2OPulse
|j|☆inkbug1

|t:|1609124512
|player|p1|H2OPulse|aetherfoundation|
|player|p2|inkbug1|burgh|
|teamsize|p1|6
|teamsize|p2|6
|gametype|singles
|gen|8
|tier|[Gen 8] Megas for All
|clearpoke
|poke|p1|Slowking, M|
|poke|p1|Cobalion|
|poke|p1|Muk-Alola, F|
|poke|p1|Hoopa-Unbound|
|poke|p1|Salamence, F|
|poke|p1|Rotom-Heat|
|poke|p2|Incineroar, F|
|poke|p2|Eldegoss, M|
|poke|p2|Clawitzer, M|
|poke|p2|Meowstic-F, F|
|poke|p2|Durant, F|
|poke|p2|Golisopod, M|
|rule|HP Percentage Mod: HP is shown in percentages
|rule|Endless Battle Clause: Forcing endless battles is banned
|rule|OHKO Clause: OHKO moves are banned
|rule|Evasion Moves Clause: Evasion moves are banned
|rule|Species Clause: Limit one of each Pokémon
|rule|Dynamax Clause: You cannot dynamax
|rule|Sleep Clause Mod: Limit one foe put to sleep
|rule|Freeze Clause Mod: Limit one foe frozen
|teampreview
|c|☆inkbug1|i have no clue if thsi is gonan work or not
|c|☆H2OPulse|Post-nerf Slowking tiiime
|c|☆H2OPulse|Oh!!! Draining Kiss Meowstic-F time I can't __wait__
|
|t:|1609124540
|start
|switch|p1a: Delph|Cobalion|100\/100
|switch|p2a: Cindy|Incineroar, F|394\/394
|-ability|p2a: Cindy|Intimidate|boost
|-unboost|p1a: Delph|atk|1
|turn|1
|c|☆inkbug1|like the set im very confident in
|c|☆inkbug1|but the teambuilding is uh
|c|☆inkbug1|probably not my best my brain wasnt rly working
|c|☆H2OPulse|One of us is in so much danger right now and I can't tell which
|c|☆H2OPulse|Fair hahah,
|
|t:|1609124571
|move|p1a: Delph|Stealth Rock|p2a: Cindy
|-sidestart|p2: inkbug1|move: Stealth Rock
|move|p2a: Cindy|Will-O-Wisp|p1a: Delph
|-status|p1a: Delph|brn
|
|-damage|p1a: Delph|94\/100 brn|[from] brn
|upkeep
|turn|2
|c|☆H2OPulse|Okay me it seems
|c|☆inkbug1|does parting shot count as getting hit by a dark type move i genuinely cant remember
|c|☆H2OPulse|Iiiiiii actually don't know
|c|☆inkbug1|hm.
|
|t:|1609124608
|move|p1a: Delph|Volt Switch|p2a: Cindy
|-damage|p2a: Cindy|361\/394
|c|☆inkbug1|well never know
|c|☆H2OPulse|It looks like Justified requires damage
|c|☆inkbug1|mk
|
|t:|1609124632
|switch|p1a: Wheat|Rotom-Heat|100\/100|[from]move: Volt Switch
|move|p2a: Cindy|Parting Shot|p1a: Wheat
|-unboost|p1a: Wheat|atk|1
|-unboost|p1a: Wheat|spa|1
|c|☆inkbug1|oh no
|c|☆inkbug1|i am 
|c|☆inkbug1|very unprepared for rotom-h here
|
|t:|1609124651
|switch|p2a: Goliso Padre|Golisopod, M|354\/354
|
|upkeep
|turn|3
|
|t:|1609124666
|move|p1a: Wheat|Volt Switch|p2a: Goliso Padre
|-supereffective|p2a: Goliso Padre
|-damage|p2a: Goliso Padre|216\/354
|
|t:|1609124672
|switch|p1a: Delph|Cobalion|94\/100 brn|[from]move: Volt Switch
|move|p2a: Goliso Padre|Liquidation|p1a: Delph
|-damage|p1a: Delph|52\/100 brn
|-damage|p2a: Goliso Padre|157\/354|[from] item: Rocky Helmet|[of] p1a: Delph
|-activate|p2a: Goliso Padre|ability: Emergency Exit
|
|t:|1609124687
|switch|p2a: Crab Rave|Clawitzer, M|346\/346
|-damage|p2a: Crab Rave|303\/346|[from] Stealth Rock
|
|-damage|p1a: Delph|46\/100 brn|[from] brn
|upkeep
|turn|4
|
|t:|1609124700
|move|p1a: Delph|Volt Switch|p2a: Crab Rave
|-supereffective|p2a: Crab Rave
|-damage|p2a: Crab Rave|235\/346
|
|t:|1609124715
|switch|p1a: Moss Rose|Slowking, M|100\/100|[from]move: Volt Switch
|move|p2a: Crab Rave|Aura Sphere|p1a: Moss Rose
|-resisted|p1a: Moss Rose
|-damage|p1a: Moss Rose|82\/100
|
|upkeep
|turn|5
|
|t:|1609124722
|move|p2a: Crab Rave|Dark Pulse|p1a: Moss Rose
|-supereffective|p1a: Moss Rose
|-damage|p1a: Moss Rose|16\/100
|cant|p1a: Moss Rose|flinch
|
|upkeep
|turn|6
|
|t:|1609124731
|switch|p1a: Delph|Cobalion|46\/100 brn
|move|p2a: Crab Rave|Aura Sphere|p1a: Delph
|-supereffective|p1a: Delph
|-damage|p1a: Delph|0 fnt
|faint|p1a: Delph
|
|upkeep
|c|☆H2OPulse|Yeah fair okay
|c|☆inkbug1|craaaaab
|
|t:|1609124747
|switch|p1a: Hydrangea|Muk-Alola, F|100\/100
|turn|7
|c|☆inkbug1|oh your sprite is
|c|☆inkbug1|weird lookin
|c|☆inkbug1|:| 
|c|☆H2OPulse|Oh my heck they're considering Delibird for Smash
|c|☆inkbug1|omfg
|c|☆inkbug1|both of em??
|c|☆H2OPulse|Y e s
|
|t:|1609124791
|switch|p2a: Celia|Durant, F|257\/257
|-damage|p2a: Celia|225\/257|[from] Stealth Rock
|move|p1a: Hydrangea|Knock Off|p2a: Celia
|-damage|p2a: Celia|132\/257
|
|upkeep
|turn|8
|c|☆H2OPulse|And there are interesting applications for both there it seems : D
|c|☆inkbug1|thats fascinating okay
|
|t:|1609124808
|move|p2a: Celia|First Impression|p1a: Hydrangea
|-damage|p1a: Hydrangea|22\/100
|-enditem|p1a: Hydrangea|Figy Berry|[eat]
|-heal|p1a: Hydrangea|55\/100|[from] item: Figy Berry
|move|p1a: Hydrangea|Knock Off|p2a: Celia
|-damage|p2a: Celia|39\/257
|
|upkeep
|turn|9
|
|t:|1609124829
|move|p2a: Celia|Iron Head|p1a: Hydrangea
|-damage|p1a: Hydrangea|0 fnt
|faint|p1a: Hydrangea
|
|upkeep
|
|t:|1609124841
|switch|p1a: Wheat|Rotom-Heat|100\/100
|turn|10
|c|☆inkbug1|i really need something better for rotom god damn
|c|☆inkbug1|this guy always throws a wrench in things
|c|☆H2OPulse|Fjfjfjg fai r
|
|t:|1609124890
|move|p2a: Celia|Iron Head|p1a: Wheat
|-resisted|p1a: Wheat
|-damage|p1a: Wheat|85\/100
|move|p1a: Wheat|Volt Switch|p2a: Celia
|-damage|p2a: Celia|0 fnt
|faint|p2a: Celia
|
|t:|1609124913
|switch|p1a: Moss Rose|Slowking, M|49\/100|[from]move: Volt Switch
|
|upkeep
|
|t:|1609124930
|switch|p2a: Crab Rave|Clawitzer, M|235\/346
|-damage|p2a: Crab Rave|192\/346|[from] Stealth Rock
|turn|11
|
|t:|1609124937
|switch|p1a: Strelitzia|Salamence, F|100\/100
|-ability|p1a: Strelitzia|Intimidate|boost
|-unboost|p2a: Crab Rave|atk|1
|move|p2a: Crab Rave|Dark Pulse|p1a: Strelitzia
|-damage|p1a: Strelitzia|71\/100
|
|upkeep
|turn|12
|
|t:|1609124960
|move|p1a: Strelitzia|Wish|p1a: Strelitzia
|move|p2a: Crab Rave|Flash Cannon|p1a: Strelitzia
|-damage|p1a: Strelitzia|51\/100
|
|upkeep
|turn|13
|
|t:|1609124969
|switch|p1a: Malacothrix|Hoopa-Unbound|100\/100
|switch|p2a: Candyfloss|Eldegoss, M|261\/261
|-damage|p2a: Candyfloss|229\/261|[from] Stealth Rock
|
|upkeep
|turn|14
|
|t:|1609124985
|switch|p2a: Goliso Padre|Golisopod, M|157\/354
|move|p1a: Malacothrix|Knock Off|p2a: Goliso Padre
|-crit|p2a: Goliso Padre
|-damage|p2a: Goliso Padre|0 fnt
|-enditem|p2a: Goliso Padre|Heavy-Duty Boots|[from] move: Knock Off|[of] p1a: Malacothrix
|faint|p2a: Goliso Padre
|
|upkeep
|c|☆inkbug1|owie
|c|☆inkbug1|fair
|
|t:|1609124994
|switch|p2a: Millie|Meowstic-F, F|289\/289
|-damage|p2a: Millie|253\/289|[from] Stealth Rock
|turn|15
|c|☆H2OPulse|Mmmmmm tentative fear but also
|c|☆H2OPulse|I want to see if I can live this
|c|☆inkbug1|fair,
|c|☆H2OPulse|Hoopa-U has bonkers special bulk so
|
|t:|1609125027
|detailschange|p2a: Millie|Meowstic-F-Mega, F
|-mega|p2a: Millie|Meowstic|Meowsticite
|-ability|p2a: Millie|Fairy Aura
|-start|p2a: Millie|typechange|Psychic\/Fairy|[silent]
|raw|<ul class="utilichart"><li class="result"><span class="col pokemonnamecol" style="white-space: nowrap">Meowstic-F-Mega<\/span> <span class="col typecol"><img src="https:\/\/play.pokemonshowdown.com\/sprites\/types\/Psychic.png" alt="Psychic" height="14" width="32"><img src="https:\/\/play.pokemonshowdown.com\/sprites\/types\/Fairy.png" alt="Fairy" height="14" width="32"><\/span> <span style="float: left ; min-height: 26px"><span class="col abilitycol">Fairy Aura<\/span><span class="col abilitycol"><\/span><\/span><span style="float: left ; min-height: 26px"><span class="col statcol"><em>HP<\/em><br>74<\/span> <span class="col statcol"><em>Atk<\/em><br>48<\/span> <span class="col statcol"><em>Def<\/em><br>91<\/span> <span class="col statcol"><em>SpA<\/em><br>133<\/span> <span class="col statcol"><em>SpD<\/em><br>96<\/span> <span class="col statcol"><em>Spe<\/em><br>124<\/span> <\/span><\/li><li style="clear: both"><\/li><\/ul>
|move|p2a: Millie|Draining Kiss|p1a: Malacothrix
|-supereffective|p1a: Malacothrix
|-damage|p1a: Malacothrix|34\/100
|-heal|p2a: Millie|289\/289|[from] drain|[of] p1a: Malacothrix
|move|p1a: Malacothrix|Knock Off|p2a: Millie
|-damage|p2a: Millie|70\/289
|
|upkeep
|turn|16
|c|☆H2OPulse|Wow okay huh
|c|☆inkbug1|dang she tanked tht too
|c|☆inkbug1|was kind of expecting to die to that 
|
|t:|1609125064
|switch|p1a: Wheat|Rotom-Heat|85\/100
|move|p2a: Millie|Draining Kiss|p1a: Wheat
|-resisted|p1a: Wheat
|-damage|p1a: Wheat|67\/100
|-heal|p2a: Millie|109\/289|[from] drain|[of] p1a: Wheat
|
|upkeep
|turn|17
|
|t:|1609125072
|move|p2a: Millie|Calm Mind|p2a: Millie
|-boost|p2a: Millie|spa|1
|-boost|p2a: Millie|spd|1
|move|p1a: Wheat|Overheat|p2a: Millie
|-crit|p2a: Millie
|-damage|p2a: Millie|0 fnt
|-unboost|p1a: Wheat|spa|2
|faint|p2a: Millie
|
|upkeep
|c|☆inkbug1|oof fair
|
|t:|1609125081
|switch|p2a: Cindy|Incineroar, F|361\/394
|-damage|p2a: Cindy|263\/394|[from] Stealth Rock
|-ability|p2a: Cindy|Intimidate|boost
|-unboost|p1a: Wheat|atk|1
|turn|18
|c|☆H2OPulse|OOF I'm not sure if the crit mattered but sorry if it did;;
|
|t:|1609125091
|move|p1a: Wheat|Volt Switch|p2a: Cindy
|-damage|p2a: Cindy|232\/394
|
|t:|1609125096
|switch|p1a: Strelitzia|Salamence, F|51\/100|[from]move: Volt Switch
|-ability|p1a: Strelitzia|Intimidate|boost
|-unboost|p2a: Cindy|atk|1
|move|p2a: Cindy|Knock Off|p1a: Strelitzia
|-damage|p1a: Strelitzia|24\/100
|-enditem|p1a: Strelitzia|Eject Pack|[from] move: Knock Off|[of] p2a: Cindy
|
|upkeep
|turn|19
|
|t:|1609125109
|move|p1a: Strelitzia|Wish|p1a: Strelitzia
|move|p2a: Cindy|Parting Shot|p1a: Strelitzia
|-unboost|p1a: Strelitzia|atk|1
|-unboost|p1a: Strelitzia|spa|1
|
|t:|1609125117
|switch|p2a: Crab Rave|Clawitzer, M|192\/346
|-damage|p2a: Crab Rave|149\/346|[from] Stealth Rock
|
|upkeep
|turn|20
|
|t:|1609125124
|move|p1a: Strelitzia|Draco Meteor|p2a: Crab Rave
|-damage|p2a: Crab Rave|64\/346
|-unboost|p1a: Strelitzia|spa|2
|move|p2a: Crab Rave|Dark Pulse|p1a: Strelitzia
|-damage|p1a: Strelitzia|0 fnt
|faint|p1a: Strelitzia
|
|upkeep
|c|☆H2OPulse|Noooot enough okay
|
|t:|1609125137
|switch|p1a: Moss Rose|Slowking, M|82\/100
|turn|21
|
|t:|1609125161
|detailschange|p1a: Moss Rose|Slowking-Mega, M
|-mega|p1a: Moss Rose|Slowking|Slowkinite
|-activate|p1a: Moss Rose|ability: Counter-Clockwise Spiral|p1a: Moss Rose
|-fieldstart|move: Trick Room|[of] p1a: Moss Rose
|-start|p1a: Moss Rose|typechange|Water\/Psychic|[silent]
|raw|<ul class="utilichart"><li class="result"><span class="col pokemonnamecol" style="white-space: nowrap">Slowking-Mega<\/span> <span class="col typecol"><img src="https:\/\/play.pokemonshowdown.com\/sprites\/types\/Water.png" alt="Water" height="14" width="32"><img src="https:\/\/play.pokemonshowdown.com\/sprites\/types\/Psychic.png" alt="Psychic" height="14" width="32"><\/span> <span style="float: left ; min-height: 26px"><span class="col abilitycol">Counter-Clockwise Spiral<\/span><span class="col abilitycol"><\/span><\/span><span style="float: left ; min-height: 26px"><span class="col statcol"><em>HP<\/em><br>95<\/span> <span class="col statcol"><em>Atk<\/em><br>75<\/span> <span class="col statcol"><em>Def<\/em><br>80<\/span> <span class="col statcol"><em>SpA<\/em><br>110<\/span> <span class="col statcol"><em>SpD<\/em><br>110<\/span> <span class="col statcol"><em>Spe<\/em><br>120<\/span> <\/span><\/li><li style="clear: both"><\/li><\/ul>
|move|p2a: Crab Rave|Dark Pulse|p1a: Moss Rose
|-supereffective|p1a: Moss Rose
|-damage|p1a: Moss Rose|7\/100
|move|p1a: Moss Rose|Psyshock|p2a: Crab Rave
|-damage|p2a: Crab Rave|0 fnt
|faint|p2a: Crab Rave
|
|upkeep
|c|☆H2OPulse|Okay ow
|
|t:|1609125174
|switch|p2a: Candyfloss|Eldegoss, M|261\/261
|-damage|p2a: Candyfloss|229\/261|[from] Stealth Rock
|turn|22
|
|t:|1609125187
|move|p2a: Candyfloss|Leech Seed|p1a: Moss Rose|[miss]
|-miss|p2a: Candyfloss|p1a: Moss Rose
|move|p1a: Moss Rose|Slack Off|p1a: Moss Rose
|-heal|p1a: Moss Rose|57\/100
|
|upkeep
|turn|23
|c|☆H2OPulse|Oof sorry
|c|☆inkbug1|okay
|
|t:|1609125198
|move|p2a: Candyfloss|Giga Drain|p1a: Moss Rose
|-supereffective|p1a: Moss Rose
|-damage|p1a: Moss Rose|20\/100
|-heal|p2a: Candyfloss|261\/261|[from] drain|[of] p1a: Moss Rose
|move|p1a: Moss Rose|Psyshock|p2a: Candyfloss
|-damage|p2a: Candyfloss|180\/261
|
|upkeep
|turn|24
|c|☆inkbug1|i was low key expecting a switch so
|c|☆H2OPulse|Aww you're Regenerator this time
|c|☆inkbug1|wanted to be prepared if so
|c|☆inkbug1|yyep
|
|t:|1609125213
|-fieldend|move: Trick Room
|switch|p1a: Wheat|Rotom-Heat|67\/100
|move|p2a: Candyfloss|Leech Seed|p1a: Wheat
|-start|p1a: Wheat|move: Leech Seed
|
|-damage|p1a: Wheat|55\/100|[from] Leech Seed|[of] p2a: Candyfloss
|-heal|p2a: Candyfloss|228\/261|[silent]
|upkeep
|turn|25
|c|☆inkbug1|cotton down is only for mega luxray
|
|t:|1609125225
|switch|p2a: Cindy|Incineroar, F|232\/394
|-damage|p2a: Cindy|134\/394|[from] Stealth Rock
|-ability|p2a: Cindy|Intimidate|boost
|-unboost|p1a: Wheat|atk|1
|move|p1a: Wheat|Nasty Plot|p1a: Wheat
|-boost|p1a: Wheat|spa|2
|
|-damage|p1a: Wheat|43\/100|[from] Leech Seed|[of] p2a: Cindy
|-heal|p2a: Cindy|171\/394|[silent]
|upkeep
|turn|26
|
|t:|1609125236
|move|p1a: Wheat|Volt Switch|p2a: Cindy
|-damage|p2a: Cindy|38\/394
|c|☆H2OPulse|Ohhhh right
|
|t:|1609125241
|switch|p1a: Moss Rose|Slowking-Mega, M|20\/100|[from]move: Volt Switch
|-start|p1a: Moss Rose|typechange|Water\/Psychic|[silent]
|-activate|p1a: Moss Rose|ability: Counter-Clockwise Spiral|p1a: Moss Rose
|-fieldstart|move: Trick Room|[of] p1a: Moss Rose
|move|p2a: Cindy|Knock Off|p1a: Moss Rose
|-supereffective|p1a: Moss Rose
|-damage|p1a: Moss Rose|0 fnt
|faint|p1a: Moss Rose
|-fieldend|move: Trick Room
|
|upkeep
|
|t:|1609125245
|switch|p1a: Malacothrix|Hoopa-Unbound|34\/100
|turn|27
|c|☆inkbug1|think i lsoe to this
|
|t:|1609125260
|move|p1a: Malacothrix|Knock Off|p2a: Cindy
|-resisted|p2a: Cindy
|-damage|p2a: Cindy|0 fnt
|faint|p2a: Cindy
|
|upkeep
|
|t:|1609125265
|switch|p2a: Candyfloss|Eldegoss, M|261\/261
|-damage|p2a: Candyfloss|229\/261|[from] Stealth Rock
|turn|28
|c|☆H2OPulse|Fai r
|c|☆H2OPulse|I am relieved that the Slowking nerf was effective though!! and also I think it will still have a role against teams that are faster and frailer than this it's mainly just that neither of us really does that :'D
|
|t:|1609125305
|move|p1a: Malacothrix|Knock Off|p2a: Candyfloss
|-damage|p2a: Candyfloss|0 fnt
|-enditem|p2a: Candyfloss|Big Root|[from] move: Knock Off|[of] p1a: Malacothrix
|faint|p2a: Candyfloss
|
|win|H2OPulse
|c|☆H2OPulse|Good game!!!!
|c|☆inkbug1|yeah, i could use some other teams to test against it
|c|☆inkbug1|i have some old ones i ahvent used in aaaaaages
|c|☆H2OPulse|OOO:
|c|☆inkbug1|but i would like to rotom-h proof this one first bc that was a real oversignt,</script>
</div>
<div class="battle-log battle-log-inline"><div class="inner"><div class="battle-options"><div style="padding-top: 3px; padding-right: 3px; text-align: right"><button class="icon button" name="openBattleOptions" title="Options">Battle Options</button></div></div><div class="inner message-log"><div class="chat"><small>☆H2OPulse and ☆inkbug1 joined</small></div><div class=""><small>Format:</small> <br><strong>[Gen 8] Megas for All</strong></div><div class=""><small><em>HP Percentage Mod:</em> HP is shown in percentages</small></div><div class=""><small><em>Endless Battle Clause:</em> Forcing endless battles is banned</small></div><div class=""><small><em>OHKO Clause:</em> OHKO moves are banned</small></div><div class=""><small><em>Evasion Moves Clause:</em> Evasion moves are banned</small></div><div class=""><small><em>Species Clause:</em> Limit one of each Pokémon</small></div><div class=""><small><em>Dynamax Clause:</em> You cannot dynamax</small></div><div class=""><small><em>Sleep Clause Mod:</em> Limit one foe put to sleep</small></div><div class=""><small><em>Freeze Clause Mod:</em> Limit one foe frozen</small></div><div class="chat battle-history"><strong>H2OPulse's team:</strong> <em style="color:#445566;display:block;">Slowking / Cobalion / Muk-Alola / Hoopa-Unbound / Salamence / Rotom-Heat</em></div><div class="chat battle-history"><strong>inkbug1's team:</strong> <em style="color:#445566;display:block;">Incineroar / Eldegoss / Clawitzer / Meowstic-F / Durant / Golisopod</em></div><div class="chat chatmessage-inkbug1 mine"><strong style="color:#e46e0f"><small>☆</small><span class="username" data-name="inkbug1">inkbug1</span>:</strong> <em>i have no clue if thsi is gonan work or not</em></div><div class="chat chatmessage-h2opulse"><strong style="color:#6e8c2b"><small>☆</small><span class="username" data-name="H2OPulse">H2OPulse</span>:</strong> <em>Post-nerf Slowking tiiime</em></div><div class="chat chatmessage-h2opulse"><strong style="color:#6e8c2b"><small>☆</small><span class="username" data-name="H2OPulse">H2OPulse</span>:</strong> <em>Oh!!! Draining Kiss Meowstic-F time I can't <i>wait</i></em></div><div class="spacer battle-history"><br></div><div class="battle-history">Battle started between H2OPulse and inkbug1!<br></div><div class="spacer battle-history"><br></div><div class="battle-history">H2OPulse sent out Delph (<strong>Cobalion</strong>)!<br></div><div class="spacer battle-history"><br></div><div class="battle-history">Go! Cindy (<strong>Incineroar</strong>)!<br></div><div class="battle-history">[Cindy's Intimidate]<br></div><div class="battle-history"><small>The opposing Delph's Attack fell!</small><br></div><div class="spacer battle-history"><br></div><h2 class="battle-history">Turn 1</h2><div class="chat chatmessage-inkbug1 mine"><strong style="color:#e46e0f"><small>☆</small><span class="username" data-name="inkbug1">inkbug1</span>:</strong> <em>like the set im very confident in</em></div><div class="chat chatmessage-inkbug1 mine"><strong style="color:#e46e0f"><small>☆</small><span class="username" data-name="inkbug1">inkbug1</span>:</strong> <em>but the teambuilding is uh</em></div><div class="chat chatmessage-inkbug1 mine"><strong style="color:#e46e0f"><small>☆</small><span class="username" data-name="inkbug1">inkbug1</span>:</strong> <em>probably not my best my brain wasnt rly working</em></div><div class="chat chatmessage-h2opulse"><strong style="color:#6e8c2b"><small>☆</small><span class="username" data-name="H2OPulse">H2OPulse</span>:</strong> <em>One of us is in so much danger right now and I can't tell which</em></div><div class="chat chatmessage-h2opulse"><strong style="color:#6e8c2b"><small>☆</small><span class="username" data-name="H2OPulse">H2OPulse</span>:</strong> <em>Fair hahah,</em></div><div class="spacer battle-history"><br></div><div class="battle-history">The opposing Delph used <strong>Stealth Rock</strong>!<br></div><div class="battle-history"><small>Pointed stones float in the air around your team!</small><br></div><div class="spacer battle-history"><br></div><div class="battle-history">Cindy used <strong>Will-O-Wisp</strong>!<br></div><div class="battle-history"><small>The opposing Delph was burned!</small><br></div><div class="spacer battle-history"><br></div><div class="battle-history"><small>The opposing Delph was hurt by its burn!</small><br></div><div class="spacer battle-history"><br></div><h2 class="battle-history">Turn 2</h2><div class="chat chatmessage-h2opulse"><strong style="color:#6e8c2b"><small>☆</small><span class="username" data-name="H2OPulse">H2OPulse</span>:</strong> <em>Okay me it seems</em></div><div class="chat chatmessage-inkbug1 mine"><strong style="color:#e46e0f"><small>☆</small><span class="username" data-name="inkbug1">inkbug1</span>:</strong> <em>does parting shot count as getting hit by a dark type move i genuinely cant remember</em></div><div class="chat chatmessage-h2opulse"><strong style="color:#6e8c2b"><small>☆</small><span class="username" data-name="H2OPulse">H2OPulse</span>:</strong> <em>Iiiiiii actually don't know</em></div><div class="chat chatmessage-inkbug1 mine"><strong style="color:#e46e0f"><small>☆</small><span class="username" data-name="inkbug1">inkbug1</span>:</strong> <em>hm.</em></div><div class="spacer battle-history"><br></div><div class="battle-history">The opposing Delph used <strong>Volt Switch</strong>!<br></div><div class="battle-history"><small>(Cindy lost <abbr title="−33/394">8.4%</abbr> of its health!)</small><br></div><div class="chat chatmessage-inkbug1 mine"><strong style="color:#e46e0f"><small>☆</small><span class="username" data-name="inkbug1">inkbug1</span>:</strong> <em>well never know</em></div><div class="chat chatmessage-h2opulse"><strong style="color:#6e8c2b"><small>☆</small><span class="username" data-name="H2OPulse">H2OPulse</span>:</strong> <em>It looks like Justified requires damage</em></div><div class="chat chatmessage-inkbug1 mine"><strong style="color:#e46e0f"><small>☆</small><span class="username" data-name="inkbug1">inkbug1</span>:</strong> <em>mk</em></div><div class="spacer battle-history"><br></div><div class="battle-history">The opposing Delph went back to H2OPulse!<br></div><div class="battle-history">H2OPulse sent out Wheat (<strong>Rotom-Heat</strong>)!<br></div><div class="spacer battle-history"><br></div><div class="battle-history">Cindy used <strong>Parting Shot</strong>!<br></div><div class="battle-history"><small>The opposing Wheat's Attack fell!</small><br></div><div class="battle-history"><small>The opposing Wheat's Sp. Atk fell!</small><br></div><div class="chat chatmessage-inkbug1 mine"><strong style="color:#e46e0f"><small>☆</small><span class="username" data-name="inkbug1">inkbug1</span>:</strong> <em>oh no</em></div><div class="chat chatmessage-inkbug1 mine"><strong style="color:#e46e0f"><small>☆</small><span class="username" data-name="inkbug1">inkbug1</span>:</strong> <em>i am </em></div><div class="chat chatmessage-inkbug1 mine"><strong style="color:#e46e0f"><small>☆</small><span class="username" data-name="inkbug1">inkbug1</span>:</strong> <em>very unprepared for rotom-h here</em></div><div class="spacer battle-history"><br></div><div class="battle-history">Cindy, come back!<br></div><div class="battle-history">Go! Goliso Padre (<strong>Golisopod</strong>)!<br></div><div class="spacer battle-history"><br></div><h2 class="battle-history">Turn 3</h2><div class="spacer battle-history"><br></div><div class="battle-history">The opposing Wheat used <strong>Volt Switch</strong>!<br></div><div class="battle-history"><small>It's super effective!</small><br></div><div class="battle-history"><small>(Goliso Padre lost <abbr title="−138/354">39.0%</abbr> of its health!)</small><br></div><div class="spacer battle-history"><br></div><div class="battle-history">The opposing Wheat went back to H2OPulse!<br></div><div class="battle-history">H2OPulse sent out Delph (<strong>Cobalion</strong>)!<br></div><div class="spacer battle-history"><br></div><div class="battle-history">Goliso Padre used <strong>Liquidation</strong>!<br></div><div class="battle-history"><small>(The opposing Delph lost 42% of its health!)</small><br></div><div class="battle-history"><small>Goliso Padre was hurt by the Rocky Helmet!</small><br></div><div class="battle-history">[Goliso Padre's Emergency Exit]<br></div><div class="spacer battle-history"><br></div><div class="battle-history">Goliso Padre, come back!<br></div><div class="battle-history">Go! Crab Rave (<strong>Clawitzer</strong>)!<br></div><div class="battle-history"><small>Pointed stones dug into Crab Rave!</small><br></div><div class="spacer battle-history"><br></div><div class="battle-history"><small>The opposing Delph was hurt by its burn!</small><br></div><div class="spacer battle-history"><br></div><h2 class="battle-history">Turn 4</h2><div class="spacer battle-history"><br></div><div class="battle-history">The opposing Delph used <strong>Volt Switch</strong>!<br></div><div class="battle-history"><small>It's super effective!</small><br></div><div class="battle-history"><small>(Crab Rave lost <abbr title="−68/346">19.7%</abbr> of its health!)</small><br></div><div class="spacer battle-history"><br></div><div class="battle-history">The opposing Delph went back to H2OPulse!<br></div><div class="battle-history">H2OPulse sent out Moss Rose (<strong>Slowking</strong>)!<br></div><div class="spacer battle-history"><br></div><div class="battle-history">Crab Rave used <strong>Aura Sphere</strong>!<br></div><div class="battle-history"><small>It's not very effective...</small><br></div><div class="battle-history"><small>(The opposing Moss Rose lost 18% of its health!)</small><br></div><div class="spacer battle-history"><br></div><h2 class="battle-history">Turn 5</h2><div class="spacer battle-history"><br></div><div class="battle-history">Crab Rave used <strong>Dark Pulse</strong>!<br></div><div class="battle-history"><small>It's super effective!</small><br></div><div class="battle-history"><small>(The opposing Moss Rose lost 66% of its health!)</small><br></div><div class="spacer battle-history"><br></div><div class="battle-history">The opposing Moss Rose flinched and couldn't move!<br></div><div class="spacer battle-history"><br></div><h2 class="battle-history">Turn 6</h2><div class="spacer battle-history"><br></div><div class="battle-history">H2OPulse withdrew Moss Rose!<br></div><div class="battle-history">H2OPulse sent out Delph (<strong>Cobalion</strong>)!<br></div><div class="spacer battle-history"><br></div><div class="battle-history">Crab Rave used <strong>Aura Sphere</strong>!<br></div><div class="battle-history"><small>It's super effective!</small><br></div><div class="battle-history"><small>(The opposing Delph lost 46% of its health!)</small><br></div><div class="spacer battle-history"><br></div><div class="battle-history">The opposing Delph fainted!<br></div><div class="chat chatmessage-h2opulse"><strong style="color:#6e8c2b"><small>☆</small><span class="username" data-name="H2OPulse">H2OPulse</span>:</strong> <em>Yeah fair okay</em></div><div class="chat chatmessage-inkbug1 mine"><strong style="color:#e46e0f"><small>☆</small><span class="username" data-name="inkbug1">inkbug1</span>:</strong> <em>craaaaab</em></div><div class="spacer battle-history"><br></div><div class="battle-history">H2OPulse sent out Hydrangea (<strong>Muk-Alola</strong>)!<br></div><div class="spacer battle-history"><br></div><h2 class="battle-history">Turn 7</h2><div class="chat chatmessage-inkbug1 mine"><strong style="color:#e46e0f"><small>☆</small><span class="username" data-name="inkbug1">inkbug1</span>:</strong> <em>oh your sprite is</em></div><div class="chat chatmessage-inkbug1 mine"><strong style="color:#e46e0f"><small>☆</small><span class="username" data-name="inkbug1">inkbug1</span>:</strong> <em>weird lookin</em></div><div class="chat chatmessage-inkbug1 mine"><strong style="color:#e46e0f"><small>☆</small><span class="username" data-name="inkbug1">inkbug1</span>:</strong> <em>:| </em></div><div class="chat chatmessage-h2opulse"><strong style="color:#6e8c2b"><small>☆</small><span class="username" data-name="H2OPulse">H2OPulse</span>:</strong> <em>Oh my heck they're considering Delibird for Smash</em></div><div class="chat chatmessage-inkbug1 mine"><strong style="color:#e46e0f"><small>☆</small><span class="username" data-name="inkbug1">inkbug1</span>:</strong> <em>omfg</em></div><div class="chat chatmessage-inkbug1 mine"><strong style="color:#e46e0f"><small>☆</small><span class="username" data-name="inkbug1">inkbug1</span>:</strong> <em>both of em??</em></div><div class="chat chatmessage-h2opulse"><strong style="color:#6e8c2b"><small>☆</small><span class="username" data-name="H2OPulse">H2OPulse</span>:</strong> <em>Y e s</em></div><div class="spacer battle-history"><br></div><div class="battle-history">Crab Rave, come back!<br></div><div class="battle-history">Go! Celia (<strong>Durant</strong>)!<br></div><div class="battle-history"><small>Pointed stones dug into Celia!</small><br></div><div class="spacer battle-history"><br></div><div class="battle-history">The opposing Hydrangea used <strong>Knock Off</strong>!<br></div><div class="battle-history"><small>(Celia lost <abbr title="−93/257">36.2%</abbr> of its health!)</small><br></div><div class="spacer battle-history"><br></div><h2 class="battle-history">Turn 8</h2><div class="chat chatmessage-h2opulse"><strong style="color:#6e8c2b"><small>☆</small><span class="username" data-name="H2OPulse">H2OPulse</span>:</strong> <em>And there are interesting applications for both there it seems : D</em></div><div class="chat chatmessage-inkbug1 mine"><strong style="color:#e46e0f"><small>☆</small><span class="username" data-name="inkbug1">inkbug1</span>:</strong> <em>thats fascinating okay</em></div><div class="spacer battle-history"><br></div><div class="battle-history">Celia used <strong>First Impression</strong>!<br></div><div class="battle-history"><small>(The opposing Hydrangea lost 78% of its health!)</small><br></div><div class="battle-history"><small>(The opposing Hydrangea ate its Figy Berry!)</small><br></div><div class="battle-history"><small>The opposing Hydrangea restored HP using its Figy Berry!</small><br></div><div class="spacer battle-history"><br></div><div class="battle-history">The opposing Hydrangea used <strong>Knock Off</strong>!<br></div><div class="battle-history"><small>(Celia lost <abbr title="−93/257">36.2%</abbr> of its health!)</small><br></div><div class="spacer battle-history"><br></div><h2 class="battle-history">Turn 9</h2><div class="spacer battle-history"><br></div><div class="battle-history">Celia used <strong>Iron Head</strong>!<br></div><div class="battle-history"><small>(The opposing Hydrangea lost 55% of its health!)</small><br></div><div class="spacer battle-history"><br></div><div class="battle-history">The opposing Hydrangea fainted!<br></div><div class="spacer battle-history"><br></div><div class="battle-history">H2OPulse sent out Wheat (<strong>Rotom-Heat</strong>)!<br></div><div class="spacer battle-history"><br></div><h2 class="battle-history">Turn 10</h2><div class="chat chatmessage-inkbug1 mine"><strong style="color:#e46e0f"><small>☆</small><span class="username" data-name="inkbug1">inkbug1</span>:</strong> <em>i really need something better for rotom god damn</em></div><div class="chat chatmessage-inkbug1 mine"><strong style="color:#e46e0f"><small>☆</small><span class="username" data-name="inkbug1">inkbug1</span>:</strong> <em>this guy always throws a wrench in things</em></div><div class="chat chatmessage-h2opulse"><strong style="color:#6e8c2b"><small>☆</small><span class="username" data-name="H2OPulse">H2OPulse</span>:</strong> <em>Fjfjfjg fai r</em></div><div class="spacer battle-history"><br></div><div class="battle-history">Celia used <strong>Iron Head</strong>!<br></div><div class="battle-history"><small>It's not very effective...</small><br></div><div class="battle-history"><small>(The opposing Wheat lost 15% of its health!)</small><br></div><div class="spacer battle-history"><br></div><div class="battle-history">The opposing Wheat used <strong>Volt Switch</strong>!<br></div><div class="battle-history"><small>(Celia lost <abbr title="−39/257">15.2%</abbr> of its health!)</small><br></div><div class="spacer battle-history"><br></div><div class="battle-history">Celia fainted!<br></div><div class="spacer battle-history"><br></div><div class="battle-history">The opposing Wheat went back to H2OPulse!<br></div><div class="battle-history">H2OPulse sent out Moss Rose (<strong>Slowking</strong>)!<br></div><div class="spacer battle-history"><br></div><div class="battle-history">Go! Crab Rave (<strong>Clawitzer</strong>)!<br></div><div class="battle-history"><small>Pointed stones dug into Crab Rave!</small><br></div><div class="spacer battle-history"><br></div><h2 class="battle-history">Turn 11</h2><div class="spacer battle-history"><br></div><div class="battle-history">H2OPulse withdrew Moss Rose!<br></div><div class="battle-history">H2OPulse sent out Strelitzia (<strong>Salamence</strong>)!<br></div><div class="battle-history">[The opposing Strelitzia's Intimidate]<br></div><div class="battle-history"><small>Crab Rave's Attack fell!</small><br></div><div class="spacer battle-history"><br></div><div class="battle-history">Crab Rave used <strong>Dark Pulse</strong>!<br></div><div class="battle-history"><small>(The opposing Strelitzia lost 29% of its health!)</small><br></div><div class="spacer battle-history"><br></div><h2 class="battle-history">Turn 12</h2><div class="spacer battle-history"><br></div><div class="battle-history">The opposing Strelitzia used <strong>Wish</strong>!<br></div><div class="spacer battle-history"><br></div><div class="battle-history">Crab Rave used <strong>Flash Cannon</strong>!<br></div><div class="battle-history"><small>(The opposing Strelitzia lost 20% of its health!)</small><br></div><div class="spacer battle-history"><br></div><h2 class="battle-history">Turn 13</h2><div class="spacer battle-history"><br></div><div class="battle-history">H2OPulse withdrew Strelitzia!<br></div><div class="battle-history">H2OPulse sent out Malacothrix (<strong>Hoopa-Unbound</strong>)!<br></div><div class="spacer battle-history"><br></div><div class="battle-history">Crab Rave, come back!<br></div><div class="battle-history">Go! Candyfloss (<strong>Eldegoss</strong>)!<br></div><div class="battle-history"><small>Pointed stones dug into Candyfloss!</small><br></div><div class="spacer battle-history"><br></div><h2 class="battle-history">Turn 14</h2><div class="spacer battle-history"><br></div><div class="battle-history">Candyfloss, come back!<br></div><div class="battle-history">Go! Goliso Padre (<strong>Golisopod</strong>)!<br></div><div class="spacer battle-history"><br></div><div class="battle-history">The opposing Malacothrix used <strong>Knock Off</strong>!<br></div><div class="battle-history"><small>A critical hit!</small><br></div><div class="battle-history"><small>(Goliso Padre lost <abbr title="−157/354">44.4%</abbr> of its health!)</small><br></div><div class="battle-history"><small>The opposing Malacothrix knocked off Goliso Padre's Heavy-Duty Boots!</small><br></div><div class="spacer battle-history"><br></div><div class="battle-history">Goliso Padre fainted!<br></div><div class="chat chatmessage-inkbug1 mine"><strong style="color:#e46e0f"><small>☆</small><span class="username" data-name="inkbug1">inkbug1</span>:</strong> <em>owie</em></div><div class="chat chatmessage-inkbug1 mine"><strong style="color:#e46e0f"><small>☆</small><span class="username" data-name="inkbug1">inkbug1</span>:</strong> <em>fair</em></div><div class="spacer battle-history"><br></div><div class="battle-history">Go! Millie (<strong>Meowstic-F</strong>)!<br></div><div class="battle-history"><small>Pointed stones dug into Millie!</small><br></div><div class="spacer battle-history"><br></div><h2 class="battle-history">Turn 15</h2><div class="chat chatmessage-h2opulse"><strong style="color:#6e8c2b"><small>☆</small><span class="username" data-name="H2OPulse">H2OPulse</span>:</strong> <em>Mmmmmm tentative fear but also</em></div><div class="chat chatmessage-h2opulse"><strong style="color:#6e8c2b"><small>☆</small><span class="username" data-name="H2OPulse">H2OPulse</span>:</strong> <em>I want to see if I can live this</em></div><div class="chat chatmessage-inkbug1 mine"><strong style="color:#e46e0f"><small>☆</small><span class="username" data-name="inkbug1">inkbug1</span>:</strong> <em>fair,</em></div><div class="chat chatmessage-h2opulse"><strong style="color:#6e8c2b"><small>☆</small><span class="username" data-name="H2OPulse">H2OPulse</span>:</strong> <em>Hoopa-U has bonkers special bulk so</em></div><div class="spacer battle-history"><br></div><div class="battle-history"><small>Millie's Meowsticite is reacting to the Key Stone!</small><br>Millie has Mega Evolved into Mega Meowstic!<br></div><div class="battle-history">[Millie's Fairy Aura]<br><small>Millie is radiating a fairy aura!</small><br></div><div class="chat"><ul class="utilichart"><li class="result"><span class="col pokemonnamecol" style="white-space: nowrap">Meowstic-F-Mega</span> <span class="col typecol"><img src="https://play.pokemonshowdown.com/sprites/types/Psychic.png" alt="Psychic" height="14" width="32"><img src="https://play.pokemonshowdown.com/sprites/types/Fairy.png" alt="Fairy" height="14" width="32"></span> <span style="float: left ; min-height: 26px"><span class="col abilitycol">Fairy Aura</span><span class="col abilitycol"></span></span><span style="float: left ; min-height: 26px"><span class="col statcol"><em>HP</em><br>74</span> <span class="col statcol"><em>Atk</em><br>48</span> <span class="col statcol"><em>Def</em><br>91</span> <span class="col statcol"><em>SpA</em><br>133</span> <span class="col statcol"><em>SpD</em><br>96</span> <span class="col statcol"><em>Spe</em><br>124</span> </span></li><li style="clear: both"></li></ul></div><div class="spacer battle-history"><br></div><div class="battle-history">Millie used <strong>Draining Kiss</strong>!<br></div><div class="battle-history"><small>It's super effective!</small><br></div><div class="battle-history"><small>(The opposing Malacothrix lost 66% of its health!)</small><br></div><div class="battle-history"><small>The opposing Malacothrix had its energy drained!</small><br></div><div class="spacer battle-history"><br></div><div class="battle-history">The opposing Malacothrix used <strong>Knock Off</strong>!<br></div><div class="battle-history"><small>(Millie lost <abbr title="−219/289">75.8%</abbr> of its health!)</small><br></div><div class="spacer battle-history"><br></div><h2 class="battle-history">Turn 16</h2><div class="chat chatmessage-h2opulse"><strong style="color:#6e8c2b"><small>☆</small><span class="username" data-name="H2OPulse">H2OPulse</span>:</strong> <em>Wow okay huh</em></div><div class="chat chatmessage-inkbug1 mine"><strong style="color:#e46e0f"><small>☆</small><span class="username" data-name="inkbug1">inkbug1</span>:</strong> <em>dang she tanked tht too</em></div><div class="chat chatmessage-inkbug1 mine"><strong style="color:#e46e0f"><small>☆</small><span class="username" data-name="inkbug1">inkbug1</span>:</strong> <em>was kind of expecting to die to that </em></div><div class="spacer battle-history"><br></div><div class="battle-history">H2OPulse withdrew Malacothrix!<br></div><div class="battle-history">H2OPulse sent out Wheat (<strong>Rotom-Heat</strong>)!<br></div><div class="spacer battle-history"><br></div><div class="battle-history">Millie used <strong>Draining Kiss</strong>!<br></div><div class="battle-history"><small>It's not very effective...</small><br></div><div class="battle-history"><small>(The opposing Wheat lost 18% of its health!)</small><br></div><div class="battle-history"><small>The opposing Wheat had its energy drained!</small><br></div><div class="spacer battle-history"><br></div><h2 class="battle-history">Turn 17</h2><div class="spacer battle-history"><br></div><div class="battle-history">Millie used <strong>Calm Mind</strong>!<br></div><div class="battle-history"><small>Millie's Sp. Atk rose!</small><br></div><div class="battle-history"><small>Millie's Sp. Def rose!</small><br></div><div class="spacer battle-history"><br></div><div class="battle-history">The opposing Wheat used <strong>Overheat</strong>!<br></div><div class="battle-history"><small>A critical hit!</small><br></div><div class="battle-history"><small>(Millie lost <abbr title="−109/289">37.7%</abbr> of its health!)</small><br></div><div class="battle-history"><small>The opposing Wheat's Sp. Atk fell harshly!</small><br></div><div class="spacer battle-history"><br></div><div class="battle-history">Millie fainted!<br></div><div class="chat chatmessage-inkbug1 mine"><strong style="color:#e46e0f"><small>☆</small><span class="username" data-name="inkbug1">inkbug1</span>:</strong> <em>oof fair</em></div><div class="spacer battle-history"><br></div><div class="battle-history">Go! Cindy (<strong>Incineroar</strong>)!<br></div><div class="battle-history"><small>Pointed stones dug into Cindy!</small><br></div><div class="battle-history">[Cindy's Intimidate]<br></div><div class="battle-history"><small>The opposing Wheat's Attack fell!</small><br></div><div class="spacer battle-history"><br></div><h2 class="battle-history">Turn 18</h2><div class="chat chatmessage-h2opulse"><strong style="color:#6e8c2b"><small>☆</small><span class="username" data-name="H2OPulse">H2OPulse</span>:</strong> <em>OOF I'm not sure if the crit mattered but sorry if it did;;</em></div><div class="spacer battle-history"><br></div><div class="battle-history">The opposing Wheat used <strong>Volt Switch</strong>!<br></div><div class="battle-history"><small>(Cindy lost <abbr title="−31/394">7.9%</abbr> of its health!)</small><br></div><div class="spacer battle-history"><br></div><div class="battle-history">The opposing Wheat went back to H2OPulse!<br></div><div class="battle-history">H2OPulse sent out Strelitzia (<strong>Salamence</strong>)!<br></div><div class="battle-history">[The opposing Strelitzia's Intimidate]<br></div><div class="battle-history"><small>Cindy's Attack fell!</small><br></div><div class="spacer battle-history"><br></div><div class="battle-history">Cindy used <strong>Knock Off</strong>!<br></div><div class="battle-history"><small>(The opposing Strelitzia lost 27% of its health!)</small><br></div><div class="battle-history"><small>Cindy knocked off the opposing Strelitzia's Eject Pack!</small><br></div><div class="spacer battle-history"><br></div><h2 class="battle-history">Turn 19</h2><div class="spacer battle-history"><br></div><div class="battle-history">The opposing Strelitzia used <strong>Wish</strong>!<br></div><div class="spacer battle-history"><br></div><div class="battle-history">Cindy used <strong>Parting Shot</strong>!<br></div><div class="battle-history"><small>The opposing Strelitzia's Attack fell!</small><br></div><div class="battle-history"><small>The opposing Strelitzia's Sp. Atk fell!</small><br></div><div class="spacer battle-history"><br></div><div class="battle-history">Cindy, come back!<br></div><div class="battle-history">Go! Crab Rave (<strong>Clawitzer</strong>)!<br></div><div class="battle-history"><small>Pointed stones dug into Crab Rave!</small><br></div><div class="spacer battle-history"><br></div><h2 class="battle-history">Turn 20</h2><div class="spacer battle-history"><br></div><div class="battle-history">The opposing Strelitzia used <strong>Draco Meteor</strong>!<br></div><div class="battle-history"><small>(Crab Rave lost <abbr title="−85/346">24.6%</abbr> of its health!)</small><br></div><div class="battle-history"><small>The opposing Strelitzia's Sp. Atk fell harshly!</small><br></div><div class="spacer battle-history"><br></div><div class="battle-history">Crab Rave used <strong>Dark Pulse</strong>!<br></div><div class="battle-history"><small>(The opposing Strelitzia lost 24% of its health!)</small><br></div><div class="spacer battle-history"><br></div><div class="battle-history">The opposing Strelitzia fainted!<br></div><div class="chat chatmessage-h2opulse"><strong style="color:#6e8c2b"><small>☆</small><span class="username" data-name="H2OPulse">H2OPulse</span>:</strong> <em>Noooot enough okay</em></div><div class="spacer battle-history"><br></div><div class="battle-history">H2OPulse sent out Moss Rose (<strong>Slowking</strong>)!<br></div><div class="spacer battle-history"><br></div><h2 class="battle-history">Turn 21</h2><div class="spacer battle-history"><br></div><div class="battle-history"><small>The opposing Moss Rose's Slowkinite is reacting to the Key Stone!</small><br>The opposing Moss Rose has Mega Evolved into Mega Slowking!<br></div><div class="battle-history">[The opposing Moss Rose's Counter-Clockwise Spiral]<br></div><div class="battle-history"><small>The opposing Moss Rose twisted the dimensions!</small><br></div><div class="chat"><ul class="utilichart"><li class="result"><span class="col pokemonnamecol" style="white-space: nowrap">Slowking-Mega</span> <span class="col typecol"><img src="https://play.pokemonshowdown.com/sprites/types/Water.png" alt="Water" height="14" width="32"><img src="https://play.pokemonshowdown.com/sprites/types/Psychic.png" alt="Psychic" height="14" width="32"></span> <span style="float: left ; min-height: 26px"><span class="col abilitycol">Counter-Clockwise Spiral</span><span class="col abilitycol"></span></span><span style="float: left ; min-height: 26px"><span class="col statcol"><em>HP</em><br>95</span> <span class="col statcol"><em>Atk</em><br>75</span> <span class="col statcol"><em>Def</em><br>80</span> <span class="col statcol"><em>SpA</em><br>110</span> <span class="col statcol"><em>SpD</em><br>110</span> <span class="col statcol"><em>Spe</em><br>120</span> </span></li><li style="clear: both"></li></ul></div><div class="spacer battle-history"><br></div><div class="battle-history">Crab Rave used <strong>Dark Pulse</strong>!<br></div><div class="battle-history"><small>It's super effective!</small><br></div><div class="battle-history"><small>(The opposing Moss Rose lost 75% of its health!)</small><br></div><div class="spacer battle-history"><br></div><div class="battle-history">The opposing Moss Rose used <strong>Psyshock</strong>!<br></div><div class="battle-history"><small>(Crab Rave lost <abbr title="−64/346">18.5%</abbr> of its health!)</small><br></div><div class="spacer battle-history"><br></div><div class="battle-history">Crab Rave fainted!<br></div><div class="chat chatmessage-h2opulse"><strong style="color:#6e8c2b"><small>☆</small><span class="username" data-name="H2OPulse">H2OPulse</span>:</strong> <em>Okay ow</em></div><div class="spacer battle-history"><br></div><div class="battle-history">Go! Candyfloss (<strong>Eldegoss</strong>)!<br></div><div class="battle-history"><small>Pointed stones dug into Candyfloss!</small><br></div><div class="spacer battle-history"><br></div><h2 class="battle-history">Turn 22</h2><div class="spacer battle-history"><br></div><div class="battle-history">Candyfloss used <strong>Leech Seed</strong>!<br></div><div class="battle-history"><small>The opposing Moss Rose avoided the attack!</small><br></div><div class="spacer battle-history"><br></div><div class="battle-history">The opposing Moss Rose used <strong>Slack Off</strong>!<br></div><div class="battle-history"><small>The opposing Moss Rose had its HP restored.</small><br></div><div class="spacer battle-history"><br></div><h2 class="battle-history">Turn 23</h2><div class="chat chatmessage-h2opulse"><strong style="color:#6e8c2b"><small>☆</small><span class="username" data-name="H2OPulse">H2OPulse</span>:</strong> <em>Oof sorry</em></div><div class="chat chatmessage-inkbug1 mine"><strong style="color:#e46e0f"><small>☆</small><span class="username" data-name="inkbug1">inkbug1</span>:</strong> <em>okay</em></div><div class="spacer battle-history"><br></div><div class="battle-history">Candyfloss used <strong>Giga Drain</strong>!<br></div><div class="battle-history"><small>It's super effective!</small><br></div><div class="battle-history"><small>(The opposing Moss Rose lost 37% of its health!)</small><br></div><div class="battle-history"><small>The opposing Moss Rose had its energy drained!</small><br></div><div class="spacer battle-history"><br></div><div class="battle-history">The opposing Moss Rose used <strong>Psyshock</strong>!<br></div><div class="battle-history"><small>(Candyfloss lost <abbr title="−81/261">31.0%</abbr> of its health!)</small><br></div><div class="spacer battle-history"><br></div><h2 class="battle-history">Turn 24</h2><div class="chat chatmessage-inkbug1 mine"><strong style="color:#e46e0f"><small>☆</small><span class="username" data-name="inkbug1">inkbug1</span>:</strong> <em>i was low key expecting a switch so</em></div><div class="chat chatmessage-h2opulse"><strong style="color:#6e8c2b"><small>☆</small><span class="username" data-name="H2OPulse">H2OPulse</span>:</strong> <em>Aww you're Regenerator this time</em></div><div class="chat chatmessage-inkbug1 mine"><strong style="color:#e46e0f"><small>☆</small><span class="username" data-name="inkbug1">inkbug1</span>:</strong> <em>wanted to be prepared if so</em></div><div class="chat chatmessage-inkbug1 mine"><strong style="color:#e46e0f"><small>☆</small><span class="username" data-name="inkbug1">inkbug1</span>:</strong> <em>yyep</em></div><div class="spacer battle-history"><br></div><div class="battle-history"><small>The twisted dimensions returned to normal!</small><br></div><div class="spacer battle-history"><br></div><div class="battle-history">H2OPulse withdrew Moss Rose!<br></div><div class="battle-history">H2OPulse sent out Wheat (<strong>Rotom-Heat</strong>)!<br></div><div class="spacer battle-history"><br></div><div class="battle-history">Candyfloss used <strong>Leech Seed</strong>!<br></div><div class="battle-history"><small>The opposing Wheat was seeded!</small><br></div><div class="spacer battle-history"><br></div><div class="battle-history"><small>The opposing Wheat's health is sapped by Leech Seed!</small><br></div><div class="spacer battle-history"><br></div><h2 class="battle-history">Turn 25</h2><div class="chat chatmessage-inkbug1 mine"><strong style="color:#e46e0f"><small>☆</small><span class="username" data-name="inkbug1">inkbug1</span>:</strong> <em>cotton down is only for mega luxray</em></div><div class="spacer battle-history"><br></div><div class="battle-history">Candyfloss, come back!<br></div><div class="battle-history">Go! Cindy (<strong>Incineroar</strong>)!<br></div><div class="battle-history"><small>Pointed stones dug into Cindy!</small><br></div><div class="battle-history">[Cindy's Intimidate]<br></div><div class="battle-history"><small>The opposing Wheat's Attack fell!</small><br></div><div class="spacer battle-history"><br></div><div class="battle-history">The opposing Wheat used <strong>Nasty Plot</strong>!<br></div><div class="battle-history"><small>The opposing Wheat's Sp. Atk rose sharply!</small><br></div><div class="spacer battle-history"><br></div><div class="battle-history"><small>The opposing Wheat's health is sapped by Leech Seed!</small><br></div><div class="spacer battle-history"><br></div><h2 class="battle-history">Turn 26</h2><div class="spacer battle-history"><br></div><div class="battle-history">The opposing Wheat used <strong>Volt Switch</strong>!<br></div><div class="battle-history"><small>(Cindy lost <abbr title="−133/394">33.8%</abbr> of its health!)</small><br></div><div class="chat chatmessage-h2opulse"><strong style="color:#6e8c2b"><small>☆</small><span class="username" data-name="H2OPulse">H2OPulse</span>:</strong> <em>Ohhhh right</em></div><div class="spacer battle-history"><br></div><div class="battle-history">The opposing Wheat went back to H2OPulse!<br></div><div class="battle-history">H2OPulse sent out Moss Rose (<strong>Slowking-Mega</strong>)!<br></div><div class="battle-history">[The opposing Moss Rose's Counter-Clockwise Spiral]<br></div><div class="battle-history"><small>The opposing Moss Rose twisted the dimensions!</small><br></div><div class="spacer battle-history"><br></div><div class="battle-history">Cindy used <strong>Knock Off</strong>!<br></div><div class="battle-history"><small>It's super effective!</small><br></div><div class="battle-history"><small>(The opposing Moss Rose lost 20% of its health!)</small><br></div><div class="spacer battle-history"><br></div><div class="battle-history">The opposing Moss Rose fainted!<br></div><div class="battle-history"><small>The twisted dimensions returned to normal!</small><br></div><div class="spacer battle-history"><br></div><div class="battle-history">H2OPulse sent out Malacothrix (<strong>Hoopa-Unbound</strong>)!<br></div><div class="spacer battle-history"><br></div><h2 class="battle-history">Turn 27</h2><div class="chat chatmessage-inkbug1 mine"><strong style="color:#e46e0f"><small>☆</small><span class="username" data-name="inkbug1">inkbug1</span>:</strong> <em>think i lsoe to this</em></div><div class="spacer battle-history"><br></div><div class="battle-history">The opposing Malacothrix used <strong>Knock Off</strong>!<br></div><div class="battle-history"><small>It's not very effective...</small><br></div><div class="battle-history"><small>(Cindy lost <abbr title="−38/394">9.6%</abbr> of its health!)</small><br></div><div class="spacer battle-history"><br></div><div class="battle-history">Cindy fainted!<br></div><div class="spacer battle-history"><br></div><div class="battle-history">Go! Candyfloss (<strong>Eldegoss</strong>)!<br></div><div class="battle-history"><small>Pointed stones dug into Candyfloss!</small><br></div><div class="spacer battle-history"><br></div><h2 class="battle-history">Turn 28</h2><div class="chat chatmessage-h2opulse"><strong style="color:#6e8c2b"><small>☆</small><span class="username" data-name="H2OPulse">H2OPulse</span>:</strong> <em>Fai r</em></div><div class="chat chatmessage-h2opulse"><strong style="color:#6e8c2b"><small>☆</small><span class="username" data-name="H2OPulse">H2OPulse</span>:</strong> <em>I am relieved that the Slowking nerf was effective though!! and also I think it will still have a role against teams that are faster and frailer than this it's mainly just that neither of us really does that :'D</em></div><div class="spacer battle-history"><br></div><div class="battle-history">The opposing Malacothrix used <strong>Knock Off</strong>!<br></div><div class="battle-history"><small>(Candyfloss lost <abbr title="−229/261">87.7%</abbr> of its health!)</small><br></div><div class="battle-history"><small>The opposing Malacothrix knocked off Candyfloss's Big Root!</small><br></div><div class="spacer battle-history"><br></div><div class="battle-history">Candyfloss fainted!<br></div><div class="spacer battle-history"><br></div><div class="battle-history"><strong>H2OPulse</strong> won the battle!<br></div><div class="chat chatmessage-h2opulse"><strong style="color:#6e8c2b"><small>☆</small><span class="username" data-name="H2OPulse">H2OPulse</span>:</strong> <em>Good game!!!!</em></div><div class="chat chatmessage-inkbug1 mine"><strong style="color:#e46e0f"><small>☆</small><span class="username" data-name="inkbug1">inkbug1</span>:</strong> <em>yeah, i could use some other teams to test against it</em></div><div class="chat chatmessage-inkbug1 mine"><strong style="color:#e46e0f"><small>☆</small><span class="username" data-name="inkbug1">inkbug1</span>:</strong> <em>i have some old ones i ahvent used in aaaaaages</em></div><div class="chat chatmessage-h2opulse"><strong style="color:#6e8c2b"><small>☆</small><span class="username" data-name="H2OPulse">H2OPulse</span>:</strong> <em>OOO:</em></div><div class="chat chatmessage-inkbug1 mine"><strong style="color:#e46e0f"><small>☆</small><span class="username" data-name="inkbug1">inkbug1</span>:</strong> <em>but i would like to rotom-h proof this one first bc that was a real oversignt,</em></div></div><div class="inner-preempt message-log"></div></div></div>
</div>
<script>
let daily = Math.floor(Date.now()/1000/60/60/24);document.write('<script src="https://dragonheaven.herokuapp.com/js/replay-embed.js?version'+daily+'"></'+'script>');
</script>
