<!DOCTYPE html>
<meta charset="utf-8" />
<!-- version 1 -->
<title>[Gen 8] M4A Random Battle replay: inkbug1 vs. H2OPulse</title>
<style>
html,body {font-family:Verdana, sans-serif;font-size:10pt;margin:0;padding:0;}body{padding:12px 0;} .battle-log {font-family:Verdana, sans-serif;font-size:10pt;} .battle-log-inline {border:1px solid #AAAAAA;background:#EEF2F5;color:black;max-width:640px;margin:0 auto 80px;padding-bottom:5px;} .battle-log .inner {padding:4px 8px 0px 8px;} .battle-log .inner-preempt {padding:0 8px 4px 8px;} .battle-log .inner-after {margin-top:0.5em;} .battle-log h2 {margin:0.5em -8px;padding:4px 8px;border:1px solid #AAAAAA;background:#E0E7EA;border-left:0;border-right:0;font-family:Verdana, sans-serif;font-size:13pt;} .battle-log .chat {vertical-align:middle;padding:3px 0 3px 0;font-size:8pt;} .battle-log .chat strong {color:#40576A;} .battle-log .chat em {padding:1px 4px 1px 3px;color:#000000;font-style:normal;} .chat.mine {background:rgba(0,0,0,0.05);margin-left:-8px;margin-right:-8px;padding-left:8px;padding-right:8px;} .spoiler {color:#BBBBBB;background:#BBBBBB;padding:0px 3px;} .spoiler:hover, .spoiler:active, .spoiler-shown {color:#000000;background:#E2E2E2;padding:0px 3px;} .spoiler a {color:#BBBBBB;} .spoiler:hover a, .spoiler:active a, .spoiler-shown a {color:#2288CC;} .chat code, .chat .spoiler:hover code, .chat .spoiler:active code, .chat .spoiler-shown code {border:1px solid #C0C0C0;background:#EEEEEE;color:black;padding:0 2px;} .chat .spoiler code {border:1px solid #CCCCCC;background:#CCCCCC;color:#CCCCCC;} .battle-log .rated {padding:3px 4px;} .battle-log .rated strong {color:white;background:#89A;padding:1px 4px;border-radius:4px;} .spacer {margin-top:0.5em;} .message-announce {background:#6688AA;color:white;padding:1px 4px 2px;} .message-announce a, .broadcast-green a, .broadcast-blue a, .broadcast-red a {color:#DDEEFF;} .broadcast-green {background-color:#559955;color:white;padding:2px 4px;} .broadcast-blue {background-color:#6688AA;color:white;padding:2px 4px;} .infobox {border:1px solid #6688AA;padding:2px 4px;} .infobox-limited {max-height:200px;overflow:auto;overflow-x:hidden;} .broadcast-red {background-color:#AA5544;color:white;padding:2px 4px;} .message-learn-canlearn {font-weight:bold;color:#228822;text-decoration:underline;} .message-learn-cannotlearn {font-weight:bold;color:#CC2222;text-decoration:underline;} .message-effect-weak {font-weight:bold;color:#CC2222;} .message-effect-resist {font-weight:bold;color:#6688AA;} .message-effect-immune {font-weight:bold;color:#666666;} .message-learn-list {margin-top:0;margin-bottom:0;} .message-throttle-notice, .message-error {color:#992222;} .message-overflow, .chat small.message-overflow {font-size:0pt;} .message-overflow::before {font-size:9pt;content:'...';} .subtle {color:#3A4A66;}
</style>
<div class="wrapper replay-wrapper" style="max-width:1180px;margin:0 auto">
<input type="hidden" name="replayid" value="dragonheaven-gen8m4arandombattle-500" />
<div class="battle"></div><div class="battle-log"></div><div class="replay-controls"></div><div class="replay-controls-2"></div>
<h1 style="font-weight:normal;text-align:center"><strong>[Gen 8] M4A Random Battle</strong><br /><a href="http://pokemonshowdown.com/users/inkbug1" class="subtle" target="_blank">inkbug1</a> vs. <a href="http://pokemonshowdown.com/users/h2opulse" class="subtle" target="_blank">H2OPulse</a></h1>
<script type="text/plain" class="battle-log-data">|j|☆inkbug1

|j|☆H2OPulse
|t:|1608700909
|player|p1|inkbug1|burgh|
|player|p2|H2OPulse|aetherfoundation|
|teamsize|p1|6
|teamsize|p2|6
|gametype|singles
|gen|8
|tier|[Gen 8] M4A Random Battle
|rule|Dynamax Clause: You cannot dynamax
|rule|Species Clause: Limit one of each Pokémon
|rule|HP Percentage Mod: HP is shown in percentages
|rule|Sleep Clause Mod: Limit one foe put to sleep
|
|t:|1608700909
|start
|switch|p1a: Incineroar|Incineroar, L86, F|303\/303
|switch|p2a: Indeedee|Indeedee, L84, M|100\/100
|-fieldstart|move: Psychic Terrain|[from] ability: Psychic Surge|[of] p2a: Indeedee
|-ability|p1a: Incineroar|Intimidate|boost
|-unboost|p2a: Indeedee|atk|1
|turn|1
|c|☆H2OPulse|Aaaaa I love Incineroar
|c|☆inkbug1|oh thank god i thought fast enough to cancel that i almost did something really stupid
|c|☆H2OPulse|Pff
|
|t:|1608700942
|switch|p2a: Infernape|Infernape, L82, F|100\/100
|switch|p1a: Gigalith|Gigalith, L84, F|280\/280
|-weather|Sandstorm|[from] ability: Sand Stream|[of] p1a: Gigalith
|
|-weather|Sandstorm|[upkeep]
|-damage|p2a: Infernape|94\/100|[from] Sandstorm
|upkeep
|turn|2
|c|☆inkbug1|a
|
|t:|1608700959
|switch|p1a: Oricorio|Oricorio-Pom-Pom, L88, M|275\/275
|move|p2a: Infernape|Nasty Plot|p2a: Infernape
|-boost|p2a: Infernape|spa|2
|
|-weather|Sandstorm|[upkeep]
|-damage|p2a: Infernape|88\/100|[from] Sandstorm
|-damage|p1a: Oricorio|258\/275|[from] Sandstorm
|upkeep
|turn|3
|
|t:|1608700969
|move|p2a: Infernape|Fire Blast|p1a: Oricorio
|-damage|p1a: Oricorio|0 fnt
|faint|p1a: Oricorio
|
|-weather|Sandstorm|[upkeep]
|-damage|p2a: Infernape|82\/100|[from] Sandstorm
|upkeep
|c|☆inkbug1|whoa what
|c|☆H2OPulse|O:
|c|☆inkbug1|a team with synergy? on randbats? 
|c|☆H2OPulse|OOO:
|c|☆inkbug1|literally its an accident but :'D 
|
|t:|1608701003
|switch|p1a: Raikou|Raikou, L84|288\/288
|-ability|p1a: Raikou|Pressure
|turn|4
|c|☆H2OPulse|Oh man do you have a sun setter for Gigalith
|
|t:|1608701018
|move|p1a: Raikou|Thunderbolt|p2a: Infernape
|-damage|p2a: Infernape|33\/100
|move|p2a: Infernape|Focus Blast|p1a: Raikou
|-damage|p1a: Raikou|54\/288
|-unboost|p1a: Raikou|spd|1
|
|-weather|Sandstorm|[upkeep]
|-damage|p1a: Raikou|36\/288|[from] Sandstorm
|-damage|p2a: Infernape|27\/100|[from] Sandstorm
|-heal|p1a: Raikou|54\/288|[from] item: Leftovers
|upkeep
|turn|5
|
|t:|1608701028
|switch|p2a: Stunfisk|Stunfisk-Galar, L86, F|100\/100
|move|p1a: Raikou|Thunderbolt|p2a: Stunfisk
|-immune|p2a: Stunfisk
|
|-weather|none
|-heal|p1a: Raikou|72\/288|[from] item: Leftovers
|-fieldend|move: Psychic Terrain
|upkeep
|turn|6
|
|t:|1608701039
|switch|p1a: Ariados|Ariados, L88, M|266\/266
|move|p2a: Stunfisk|Earthquake|p1a: Ariados
|-damage|p1a: Ariados|158\/266
|
|upkeep
|turn|7
|
|t:|1608701052
|move|p1a: Ariados|Toxic Spikes|p2a: Stunfisk
|-sidestart|p2: H2OPulse|move: Toxic Spikes
|move|p2a: Stunfisk|Stealth Rock|p1a: Ariados
|-sidestart|p1: inkbug1|move: Stealth Rock
|
|upkeep
|turn|8
|
|t:|1608701058
|move|p1a: Ariados|Toxic Spikes|p2a: Stunfisk
|-sidestart|p2: H2OPulse|move: Toxic Spikes
|move|p2a: Stunfisk|Earthquake|p1a: Ariados
|-damage|p1a: Ariados|52\/266
|
|upkeep
|turn|9
|
|t:|1608701063
|switch|p2a: Arbok|Arbok, L88, M|100\/100
|-sideend|p2: H2OPulse|move: Toxic Spikes|[of] p2a: Arbok
|move|p1a: Ariados|Sticky Web|p2a: Arbok
|-sidestart|p2: H2OPulse|move: Sticky Web
|
|upkeep
|turn|10
|
|t:|1608701072
|move|p1a: Ariados|Sucker Punch|p2a: Arbok
|-damage|p2a: Arbok|76\/100
|move|p2a: Arbok|Earthquake|p1a: Ariados
|-crit|p1a: Ariados
|-damage|p1a: Ariados|0 fnt
|-damage|p2a: Arbok|67\/100|[from] item: Life Orb
|faint|p1a: Ariados
|
|upkeep
|
|t:|1608701080
|switch|p1a: Gigalith|Gigalith, L84, F|280\/280
|-damage|p1a: Gigalith|245\/280|[from] Stealth Rock
|-weather|Sandstorm|[from] ability: Sand Stream|[of] p1a: Gigalith
|turn|11
|c|☆H2OPulse|Wow that was important I should really have sent in something else that I had that could have prevented that
|c|☆H2OPulse|I am afraid of these webs
|
|t:|1608701096
|detailschange|p1a: Gigalith|Gigalith-Mega, L84, F
|-mega|p1a: Gigalith|Gigalith|Gigalite
|raw|<ul class="utilichart"><li class="result"><span class="col pokemonnamecol" style="white-space: nowrap">Gigalith-Mega<\/span> <span class="col typecol"><img src="https:\/\/play.pokemonshowdown.com\/sprites\/types\/Rock.png" alt="Rock" height="14" width="32"><\/span> <span style="float: left ; min-height: 26px"><span class="col abilitycol">Solar Core<\/span><span class="col abilitycol"><\/span><\/span><span style="float: left ; min-height: 26px"><span class="col statcol"><em>HP<\/em><br>85<\/span> <span class="col statcol"><em>Atk<\/em><br>135<\/span> <span class="col statcol"><em>Def<\/em><br>160<\/span> <span class="col statcol"><em>SpA<\/em><br>100<\/span> <span class="col statcol"><em>SpD<\/em><br>110<\/span> <span class="col statcol"><em>Spe<\/em><br>25<\/span> <\/span><\/li><li style="clear: both"><\/li><\/ul>
|move|p2a: Arbok|Earthquake|p1a: Gigalith
|-supereffective|p1a: Gigalith
|-damage|p1a: Gigalith|125\/280
|-damage|p2a: Arbok|57\/100|[from] item: Life Orb
|move|p1a: Gigalith|Synthesis|p1a: Gigalith
|-heal|p1a: Gigalith|195\/280
|
|-weather|Sandstorm|[upkeep]
|-damage|p2a: Arbok|51\/100|[from] Sandstorm
|upkeep
|turn|12
|
|t:|1608701106
|switch|p1a: Groudon|Groudon, L78|284\/284
|-damage|p1a: Groudon|267\/284|[from] Stealth Rock
|-weather|SunnyDay|[from] ability: Drought|[of] p1a: Groudon
|move|p2a: Arbok|Earthquake|p1a: Groudon
|-damage|p1a: Groudon|190\/284
|-damage|p2a: Arbok|41\/100|[from] item: Life Orb
|
|-weather|SunnyDay|[upkeep]
|-heal|p1a: Groudon|207\/284|[from] item: Leftovers
|upkeep
|turn|13
|c|☆H2OPulse|FEAR
|c|☆H2OPulse|HOLY
|c|☆H2OPulse|HECK
|c|☆inkbug1|the DREAM TEAM
|c|☆H2OPulse|WOW I am afraid of this Gigalith
|
|t:|1608701140
|switch|p1a: Gigalith|Gigalith-Mega, L84, F|195\/280
|-damage|p1a: Gigalith|160\/280|[from] Stealth Rock
|move|p2a: Arbok|Earthquake|p1a: Gigalith
|-supereffective|p1a: Gigalith
|-damage|p1a: Gigalith|46\/280
|-damage|p2a: Arbok|32\/100|[from] item: Life Orb
|
|-weather|SunnyDay|[upkeep]
|upkeep
|turn|14
|c|☆H2OPulse|or not
|c|☆inkbug1|oh i was expecting a switch hahaha uhh
|
|t:|1608701158
|switch|p1a: Groudon|Groudon, L78|207\/284
|-damage|p1a: Groudon|190\/284|[from] Stealth Rock
|move|p2a: Arbok|Earthquake|p1a: Groudon
|-damage|p1a: Groudon|111\/284
|-damage|p2a: Arbok|22\/100|[from] item: Life Orb
|
|-weather|SunnyDay|[upkeep]
|-heal|p1a: Groudon|128\/284|[from] item: Leftovers
|upkeep
|turn|15
|c|☆H2OPulse|haha fai r
|c|☆inkbug1|im not smart
|
|t:|1608701167
|move|p2a: Arbok|Earthquake|p1a: Groudon
|-damage|p1a: Groudon|51\/284
|-damage|p2a: Arbok|13\/100|[from] item: Life Orb
|move|p1a: Groudon|Earthquake|p2a: Arbok
|-supereffective|p2a: Arbok
|-damage|p2a: Arbok|0 fnt
|faint|p2a: Arbok
|
|-weather|SunnyDay|[upkeep]
|-heal|p1a: Groudon|68\/284|[from] item: Leftovers
|upkeep
|
|t:|1608701190
|switch|p2a: Sableye|Sableye, L80, F|100\/100
|-activate|p2a: Sableye|move: Sticky Web
|-unboost|p2a: Sableye|spe|1
|turn|16
|
|t:|1608701206
|move|p2a: Sableye|Will-O-Wisp|p1a: Groudon
|-status|p1a: Groudon|brn
|move|p1a: Groudon|Toxic|p2a: Sableye
|-status|p2a: Sableye|tox
|
|-weather|none
|-heal|p1a: Groudon|85\/284 brn|[from] item: Leftovers
|-damage|p1a: Groudon|68\/284 brn|[from] brn
|-damage|p2a: Sableye|94\/100 tox|[from] psn
|upkeep
|turn|17
|c|☆H2OPulse|shoooooooot Prankster was not as important there
|c|☆H2OPulse|this is why
|c|☆H2OPulse|normal people Mega Evolve early
|c|☆inkbug1|asdasf
|
|t:|1608701226
|switch|p1a: Raikou|Raikou, L84|72\/288
|-damage|p1a: Raikou|36\/288|[from] Stealth Rock
|-ability|p1a: Raikou|Pressure
|detailschange|p2a: Sableye|Sableye-Mega, L80, F
|-mega|p2a: Sableye|Sableye|Sablenite
|raw|<ul class="utilichart"><li class="result"><span class="col pokemonnamecol" style="white-space: nowrap">Sableye-Mega<\/span> <span class="col typecol"><img src="https:\/\/play.pokemonshowdown.com\/sprites\/types\/Dark.png" alt="Dark" height="14" width="32"><img src="https:\/\/play.pokemonshowdown.com\/sprites\/types\/Ghost.png" alt="Ghost" height="14" width="32"><\/span> <span style="float: left ; min-height: 26px"><span class="col abilitycol">Magic Bounce<\/span><span class="col abilitycol"><\/span><\/span><span style="float: left ; min-height: 26px"><span class="col statcol"><em>HP<\/em><br>50<\/span> <span class="col statcol"><em>Atk<\/em><br>85<\/span> <span class="col statcol"><em>Def<\/em><br>125<\/span> <span class="col statcol"><em>SpA<\/em><br>85<\/span> <span class="col statcol"><em>SpD<\/em><br>115<\/span> <span class="col statcol"><em>Spe<\/em><br>20<\/span> <\/span><\/li><li style="clear: both"><\/li><\/ul>
|move|p2a: Sableye|Dark Pulse|p1a: Raikou
|-damage|p1a: Raikou|0 fnt
|faint|p1a: Raikou
|
|-damage|p2a: Sableye|82\/100 tox|[from] psn
|upkeep
|
|t:|1608701237
|switch|p1a: Groudon|Groudon, L78|68\/284 brn
|-damage|p1a: Groudon|51\/284 brn|[from] Stealth Rock
|-weather|SunnyDay|[from] ability: Drought|[of] p1a: Groudon
|turn|18
|
|t:|1608701245
|move|p1a: Groudon|Earthquake|p2a: Sableye
|-damage|p2a: Sableye|57\/100 tox
|move|p2a: Sableye|Dark Pulse|p1a: Groudon
|-damage|p1a: Groudon|0 fnt
|faint|p1a: Groudon
|
|-weather|SunnyDay|[upkeep]
|-damage|p2a: Sableye|39\/100 tox|[from] psn
|upkeep
|
|t:|1608701253
|switch|p1a: Gigalith|Gigalith-Mega, L84, F|46\/280
|-damage|p1a: Gigalith|11\/280|[from] Stealth Rock
|turn|19
|
|t:|1608701260
|move|p1a: Gigalith|Synthesis|p1a: Gigalith
|-heal|p1a: Gigalith|198\/280
|move|p2a: Sableye|Dark Pulse|p1a: Gigalith
|-damage|p1a: Gigalith|132\/280
|
|-weather|SunnyDay|[upkeep]
|-damage|p2a: Sableye|14\/100 tox|[from] psn
|upkeep
|turn|20
|
|t:|1608701269
|move|p1a: Gigalith|Meteor Beam||[still]
|-prepare|p1a: Gigalith|Meteor Beam
|-boost|p1a: Gigalith|spa|1
|-anim|p1a: Gigalith|Meteor Beam|p2a: Sableye
|-damage|p2a: Sableye|0 fnt
|faint|p2a: Sableye
|
|-weather|SunnyDay|[upkeep]
|upkeep
|
|t:|1608701288
|switch|p2a: Infernape|Infernape, L82, F|27\/100
|-activate|p2a: Infernape|move: Sticky Web
|-unboost|p2a: Infernape|spe|1
|turn|21
|
|t:|1608701295
|-zpower|p2a: Infernape
|move|p2a: Infernape|All-Out Pummeling|p1a: Gigalith|[zeffect]
|-supereffective|p1a: Gigalith
|-damage|p1a: Gigalith|0 fnt
|faint|p1a: Gigalith
|
|-weather|SunnyDay|[upkeep]
|upkeep
|c|☆inkbug1|noooo
|c|☆inkbug1|rip
|c|☆inkbug1|i tried
|
|t:|1608701303
|switch|p1a: Incineroar|Incineroar, L86, F|303\/303
|-damage|p1a: Incineroar|228\/303|[from] Stealth Rock
|-ability|p1a: Incineroar|Intimidate|boost
|-unboost|p2a: Infernape|atk|1
|turn|22
|c|☆H2OPulse|wh e w
|c|☆H2OPulse|fair haha
|c|☆H2OPulse|Good game in any case :'D
|
|t:|1608701313
|move|p1a: Incineroar|Fake Out|p2a: Infernape
|-damage|p2a: Infernape|12\/100
|cant|p2a: Infernape|flinch
|
|-weather|none
|upkeep
|turn|23
|
|t:|1608701319
|move|p1a: Incineroar|Darkest Lariat|p2a: Infernape
|-resisted|p2a: Infernape
|-damage|p2a: Infernape|0 fnt
|faint|p2a: Infernape
|
|upkeep
|c|☆H2OPulse|and here is where I lose anyway :'D
|
|t:|1608701332
|switch|p2a: Stunfisk|Stunfisk-Galar, L86, F|100\/100
|-activate|p2a: Stunfisk|move: Sticky Web
|-unboost|p2a: Stunfisk|spe|1
|turn|24
|
|t:|1608701336
|move|p1a: Incineroar|Flare Blitz|p2a: Stunfisk
|-supereffective|p2a: Stunfisk
|-damage|p2a: Stunfisk|11\/100
|-damage|p1a: Incineroar|131\/303|[from] Recoil
|move|p2a: Stunfisk|Thunder Wave|p1a: Incineroar
|-status|p1a: Incineroar|par
|
|-heal|p2a: Stunfisk|17\/100|[from] item: Leftovers
|upkeep
|turn|25
|
|t:|1608701346
|cant|p1a: Incineroar|par
|move|p2a: Stunfisk|Earthquake|p1a: Incineroar
|-supereffective|p1a: Incineroar
|-damage|p1a: Incineroar|0 fnt
|faint|p1a: Incineroar
|
|win|H2OPulse
|c|☆H2OPulse|OOF sorry
|c|☆inkbug1|ggs :'D 
|c|☆H2OPulse|Good game!!!
|c|☆H2OPulse|Man what a roll that was though
|c|☆inkbug1|i tried so hard to get tht to work ajshdgas</script>
</div>
<div class="battle-log battle-log-inline"><div class="inner"><div class="battle-options"><div style="padding-top: 3px; padding-right: 3px; text-align: right"><button class="icon button" name="openBattleOptions" title="Options">Battle Options</button></div></div><div class="inner message-log"><div class="chat"><small>☆inkbug1 and ☆H2OPulse joined</small></div><div class=""><small>Format:</small> <br><strong>[Gen 8] M4A Random Battle</strong></div><div class=""><small><em>Dynamax Clause:</em> You cannot dynamax</small></div><div class=""><small><em>Species Clause:</em> Limit one of each Pokémon</small></div><div class=""><small><em>HP Percentage Mod:</em> HP is shown in percentages</small></div><div class=""><small><em>Sleep Clause Mod:</em> Limit one foe put to sleep</small></div><div class="spacer battle-history"><br></div><div class="battle-history">Battle started between inkbug1 and H2OPulse!<br></div><div class="spacer battle-history"><br></div><div class="battle-history">Go! <strong>Incineroar</strong>!<br></div><div class="spacer battle-history"><br></div><div class="battle-history">H2OPulse sent out <strong>Indeedee</strong>!<br></div><div class="battle-history">[The opposing Indeedee's Psychic Surge]<br><small>The battlefield got weird!</small><br></div><div class="battle-history">[Incineroar's Intimidate]<br></div><div class="battle-history"><small>The opposing Indeedee's Attack fell!</small><br></div><div class="spacer battle-history"><br></div><h2 class="battle-history">Turn 1</h2><div class="chat chatmessage-h2opulse"><strong style="color:#6e8c2b"><small>☆</small><span class="username" data-name="H2OPulse">H2OPulse</span>:</strong> <em>Aaaaa I love Incineroar</em></div><div class="chat chatmessage-inkbug1 mine"><strong style="color:#e46e0f"><small>☆</small><span class="username" data-name="inkbug1">inkbug1</span>:</strong> <em>oh thank god i thought fast enough to cancel that i almost did something really stupid</em></div><div class="chat chatmessage-h2opulse"><strong style="color:#6e8c2b"><small>☆</small><span class="username" data-name="H2OPulse">H2OPulse</span>:</strong> <em>Pff</em></div><div class="spacer battle-history"><br></div><div class="battle-history">H2OPulse withdrew Indeedee!<br></div><div class="battle-history">H2OPulse sent out <strong>Infernape</strong>!<br></div><div class="spacer battle-history"><br></div><div class="battle-history">Incineroar, come back!<br></div><div class="battle-history">Go! <strong>Gigalith</strong>!<br></div><div class="battle-history">[Gigalith's Sand Stream]<br><small>A sandstorm kicked up!</small><br></div><div class="spacer battle-history"><br></div><div class="battle-history"><small>(The sandstorm is raging.)</small><br></div><div class="battle-history"><small>The opposing Infernape is buffeted by the sandstorm!</small><br></div><div class="spacer battle-history"><br></div><h2 class="battle-history">Turn 2</h2><div class="chat chatmessage-inkbug1 mine"><strong style="color:#e46e0f"><small>☆</small><span class="username" data-name="inkbug1">inkbug1</span>:</strong> <em>a</em></div><div class="spacer battle-history"><br></div><div class="battle-history">Gigalith, come back!<br></div><div class="battle-history">Go! Oricorio (<strong>Oricorio-Pom-Pom</strong>)!<br></div><div class="spacer battle-history"><br></div><div class="battle-history">The opposing Infernape used <strong>Nasty Plot</strong>!<br></div><div class="battle-history"><small>The opposing Infernape's Sp. Atk rose sharply!</small><br></div><div class="spacer battle-history"><br></div><div class="battle-history"><small>(The sandstorm is raging.)</small><br></div><div class="battle-history"><small>The opposing Infernape is buffeted by the sandstorm!</small><br></div><div class="battle-history"><small>Oricorio is buffeted by the sandstorm!</small><br></div><div class="spacer battle-history"><br></div><h2 class="battle-history">Turn 3</h2><div class="spacer battle-history"><br></div><div class="battle-history">The opposing Infernape used <strong>Fire Blast</strong>!<br></div><div class="battle-history"><small>(Oricorio lost <abbr title="−258/275">93.8%</abbr> of its health!)</small><br></div><div class="spacer battle-history"><br></div><div class="battle-history">Oricorio fainted!<br></div><div class="spacer battle-history"><br></div><div class="battle-history"><small>(The sandstorm is raging.)</small><br></div><div class="battle-history"><small>The opposing Infernape is buffeted by the sandstorm!</small><br></div><div class="chat chatmessage-inkbug1 mine"><strong style="color:#e46e0f"><small>☆</small><span class="username" data-name="inkbug1">inkbug1</span>:</strong> <em>whoa what</em></div><div class="chat chatmessage-h2opulse"><strong style="color:#6e8c2b"><small>☆</small><span class="username" data-name="H2OPulse">H2OPulse</span>:</strong> <em>O:</em></div><div class="chat chatmessage-inkbug1 mine"><strong style="color:#e46e0f"><small>☆</small><span class="username" data-name="inkbug1">inkbug1</span>:</strong> <em>a team with synergy? on randbats? </em></div><div class="chat chatmessage-h2opulse"><strong style="color:#6e8c2b"><small>☆</small><span class="username" data-name="H2OPulse">H2OPulse</span>:</strong> <em>OOO:</em></div><div class="chat chatmessage-inkbug1 mine"><strong style="color:#e46e0f"><small>☆</small><span class="username" data-name="inkbug1">inkbug1</span>:</strong> <em>literally its an accident but :'D </em></div><div class="spacer battle-history"><br></div><div class="battle-history">Go! <strong>Raikou</strong>!<br></div><div class="battle-history">[Raikou's Pressure]<br><small>Raikou is exerting its pressure!</small><br></div><div class="spacer battle-history"><br></div><h2 class="battle-history">Turn 4</h2><div class="chat chatmessage-h2opulse"><strong style="color:#6e8c2b"><small>☆</small><span class="username" data-name="H2OPulse">H2OPulse</span>:</strong> <em>Oh man do you have a sun setter for Gigalith</em></div><div class="spacer battle-history"><br></div><div class="battle-history">Raikou used <strong>Thunderbolt</strong>!<br></div><div class="battle-history"><small>(The opposing Infernape lost 49% of its health!)</small><br></div><div class="spacer battle-history"><br></div><div class="battle-history">The opposing Infernape used <strong>Focus Blast</strong>!<br></div><div class="battle-history"><small>(Raikou lost <abbr title="−234/288">81.3%</abbr> of its health!)</small><br></div><div class="battle-history"><small>Raikou's Sp. Def fell!</small><br></div><div class="spacer battle-history"><br></div><div class="battle-history"><small>(The sandstorm is raging.)</small><br></div><div class="battle-history"><small>Raikou is buffeted by the sandstorm!</small><br></div><div class="battle-history"><small>The opposing Infernape is buffeted by the sandstorm!</small><br></div><div class="battle-history"><small>Raikou restored a little HP using its Leftovers!</small><br></div><div class="spacer battle-history"><br></div><h2 class="battle-history">Turn 5</h2><div class="spacer battle-history"><br></div><div class="battle-history">H2OPulse withdrew Infernape!<br></div><div class="battle-history">H2OPulse sent out Stunfisk (<strong>Stunfisk-Galar</strong>)!<br></div><div class="spacer battle-history"><br></div><div class="battle-history">Raikou used <strong>Thunderbolt</strong>!<br></div><div class="battle-history"><small>It doesn't affect the opposing Stunfisk...</small><br></div><div class="spacer battle-history"><br></div><div class="battle-history"><small>The sandstorm subsided.</small><br></div><div class="battle-history"><small>Raikou restored a little HP using its Leftovers!</small><br></div><div class="battle-history"><small>The weirdness disappeared from the battlefield!</small><br></div><div class="spacer battle-history"><br></div><h2 class="battle-history">Turn 6</h2><div class="spacer battle-history"><br></div><div class="battle-history">Raikou, come back!<br></div><div class="battle-history">Go! <strong>Ariados</strong>!<br></div><div class="spacer battle-history"><br></div><div class="battle-history">The opposing Stunfisk used <strong>Earthquake</strong>!<br></div><div class="battle-history"><small>(Ariados lost <abbr title="−108/266">40.6%</abbr> of its health!)</small><br></div><div class="spacer battle-history"><br></div><h2 class="battle-history">Turn 7</h2><div class="spacer battle-history"><br></div><div class="battle-history">Ariados used <strong>Toxic Spikes</strong>!<br></div><div class="battle-history"><small>Poison spikes were scattered on the ground all around the opposing team!</small><br></div><div class="spacer battle-history"><br></div><div class="battle-history">The opposing Stunfisk used <strong>Stealth Rock</strong>!<br></div><div class="battle-history"><small>Pointed stones float in the air around your team!</small><br></div><div class="spacer battle-history"><br></div><h2 class="battle-history">Turn 8</h2><div class="spacer battle-history"><br></div><div class="battle-history">Ariados used <strong>Toxic Spikes</strong>!<br></div><div class="battle-history"><small>Poison spikes were scattered on the ground all around the opposing team!</small><br></div><div class="spacer battle-history"><br></div><div class="battle-history">The opposing Stunfisk used <strong>Earthquake</strong>!<br></div><div class="battle-history"><small>(Ariados lost <abbr title="−106/266">39.8%</abbr> of its health!)</small><br></div><div class="spacer battle-history"><br></div><h2 class="battle-history">Turn 9</h2><div class="spacer battle-history"><br></div><div class="battle-history">H2OPulse withdrew Stunfisk!<br></div><div class="battle-history">H2OPulse sent out <strong>Arbok</strong>!<br></div><div class="battle-history"><small>The poison spikes disappeared from the ground around the opposing team!</small><br></div><div class="spacer battle-history"><br></div><div class="battle-history">Ariados used <strong>Sticky Web</strong>!<br></div><div class="battle-history"><small>A sticky web has been laid out on the ground around the opposing team!</small><br></div><div class="spacer battle-history"><br></div><h2 class="battle-history">Turn 10</h2><div class="spacer battle-history"><br></div><div class="battle-history">Ariados used <strong>Sucker Punch</strong>!<br></div><div class="battle-history"><small>(The opposing Arbok lost 24% of its health!)</small><br></div><div class="spacer battle-history"><br></div><div class="battle-history">The opposing Arbok used <strong>Earthquake</strong>!<br></div><div class="battle-history"><small>A critical hit!</small><br></div><div class="battle-history"><small>(Ariados lost <abbr title="−52/266">19.5%</abbr> of its health!)</small><br></div><div class="battle-history"><small>The opposing Arbok lost some of its HP!</small><br></div><div class="spacer battle-history"><br></div><div class="battle-history">Ariados fainted!<br></div><div class="spacer battle-history"><br></div><div class="battle-history">Go! <strong>Gigalith</strong>!<br></div><div class="battle-history"><small>Pointed stones dug into Gigalith!</small><br></div><div class="battle-history">[Gigalith's Sand Stream]<br><small>A sandstorm kicked up!</small><br></div><div class="spacer battle-history"><br></div><h2 class="battle-history">Turn 11</h2><div class="chat chatmessage-h2opulse"><strong style="color:#6e8c2b"><small>☆</small><span class="username" data-name="H2OPulse">H2OPulse</span>:</strong> <em>Wow that was important I should really have sent in something else that I had that could have prevented that</em></div><div class="chat chatmessage-h2opulse"><strong style="color:#6e8c2b"><small>☆</small><span class="username" data-name="H2OPulse">H2OPulse</span>:</strong> <em>I am afraid of these webs</em></div><div class="spacer battle-history"><br></div><div class="battle-history"><small>Gigalith's Gigalite is reacting to the Key Stone!</small><br>Gigalith has Mega Evolved into Mega Gigalith!<br></div><div class="chat"><ul class="utilichart"><li class="result"><span class="col pokemonnamecol" style="white-space: nowrap">Gigalith-Mega</span> <span class="col typecol"><img src="https://play.pokemonshowdown.com/sprites/types/Rock.png" alt="Rock" height="14" width="32"></span> <span style="float: left ; min-height: 26px"><span class="col abilitycol">Solar Core</span><span class="col abilitycol"></span></span><span style="float: left ; min-height: 26px"><span class="col statcol"><em>HP</em><br>85</span> <span class="col statcol"><em>Atk</em><br>135</span> <span class="col statcol"><em>Def</em><br>160</span> <span class="col statcol"><em>SpA</em><br>100</span> <span class="col statcol"><em>SpD</em><br>110</span> <span class="col statcol"><em>Spe</em><br>25</span> </span></li><li style="clear: both"></li></ul></div><div class="spacer battle-history"><br></div><div class="battle-history">The opposing Arbok used <strong>Earthquake</strong>!<br></div><div class="battle-history"><small>It's super effective!</small><br></div><div class="battle-history"><small>(Gigalith lost <abbr title="−120/280">42.9%</abbr> of its health!)</small><br></div><div class="battle-history"><small>The opposing Arbok lost some of its HP!</small><br></div><div class="spacer battle-history"><br></div><div class="battle-history">Gigalith used <strong>Synthesis</strong>!<br></div><div class="battle-history"><small>Gigalith had its HP restored.</small><br></div><div class="spacer battle-history"><br></div><div class="battle-history"><small>(The sandstorm is raging.)</small><br></div><div class="battle-history"><small>The opposing Arbok is buffeted by the sandstorm!</small><br></div><div class="spacer battle-history"><br></div><h2 class="battle-history">Turn 12</h2><div class="spacer battle-history"><br></div><div class="battle-history">Gigalith, come back!<br></div><div class="battle-history">Go! <strong>Groudon</strong>!<br></div><div class="battle-history"><small>Pointed stones dug into Groudon!</small><br></div><div class="battle-history">[Groudon's Drought]<br><small>The sunlight turned harsh!</small><br></div><div class="spacer battle-history"><br></div><div class="battle-history">The opposing Arbok used <strong>Earthquake</strong>!<br></div><div class="battle-history"><small>(Groudon lost <abbr title="−77/284">27.1%</abbr> of its health!)</small><br></div><div class="battle-history"><small>The opposing Arbok lost some of its HP!</small><br></div><div class="spacer battle-history"><br></div><div class="battle-history"><small>(The sunlight is strong.)</small><br></div><div class="battle-history"><small>Groudon restored a little HP using its Leftovers!</small><br></div><div class="spacer battle-history"><br></div><h2 class="battle-history">Turn 13</h2><div class="chat chatmessage-h2opulse"><strong style="color:#6e8c2b"><small>☆</small><span class="username" data-name="H2OPulse">H2OPulse</span>:</strong> <em>FEAR</em></div><div class="chat chatmessage-h2opulse"><strong style="color:#6e8c2b"><small>☆</small><span class="username" data-name="H2OPulse">H2OPulse</span>:</strong> <em>HOLY</em></div><div class="chat chatmessage-h2opulse"><strong style="color:#6e8c2b"><small>☆</small><span class="username" data-name="H2OPulse">H2OPulse</span>:</strong> <em>HECK</em></div><div class="chat chatmessage-inkbug1 mine"><strong style="color:#e46e0f"><small>☆</small><span class="username" data-name="inkbug1">inkbug1</span>:</strong> <em>the DREAM TEAM</em></div><div class="chat chatmessage-h2opulse"><strong style="color:#6e8c2b"><small>☆</small><span class="username" data-name="H2OPulse">H2OPulse</span>:</strong> <em>WOW I am afraid of this Gigalith</em></div><div class="spacer battle-history"><br></div><div class="battle-history">Groudon, come back!<br></div><div class="battle-history">Go! Gigalith (<strong>Gigalith-Mega</strong>)!<br></div><div class="battle-history"><small>Pointed stones dug into Gigalith!</small><br></div><div class="spacer battle-history"><br></div><div class="battle-history">The opposing Arbok used <strong>Earthquake</strong>!<br></div><div class="battle-history"><small>It's super effective!</small><br></div><div class="battle-history"><small>(Gigalith lost <abbr title="−114/280">40.7%</abbr> of its health!)</small><br></div><div class="battle-history"><small>The opposing Arbok lost some of its HP!</small><br></div><div class="spacer battle-history"><br></div><div class="battle-history"><small>(The sunlight is strong.)</small><br></div><div class="spacer battle-history"><br></div><h2 class="battle-history">Turn 14</h2><div class="chat chatmessage-h2opulse"><strong style="color:#6e8c2b"><small>☆</small><span class="username" data-name="H2OPulse">H2OPulse</span>:</strong> <em>or not</em></div><div class="chat chatmessage-inkbug1 mine"><strong style="color:#e46e0f"><small>☆</small><span class="username" data-name="inkbug1">inkbug1</span>:</strong> <em>oh i was expecting a switch hahaha uhh</em></div><div class="spacer battle-history"><br></div><div class="battle-history">Gigalith, come back!<br></div><div class="battle-history">Go! <strong>Groudon</strong>!<br></div><div class="battle-history"><small>Pointed stones dug into Groudon!</small><br></div><div class="spacer battle-history"><br></div><div class="battle-history">The opposing Arbok used <strong>Earthquake</strong>!<br></div><div class="battle-history"><small>(Groudon lost <abbr title="−79/284">27.8%</abbr> of its health!)</small><br></div><div class="battle-history"><small>The opposing Arbok lost some of its HP!</small><br></div><div class="spacer battle-history"><br></div><div class="battle-history"><small>(The sunlight is strong.)</small><br></div><div class="battle-history"><small>Groudon restored a little HP using its Leftovers!</small><br></div><div class="spacer battle-history"><br></div><h2 class="battle-history">Turn 15</h2><div class="chat chatmessage-h2opulse"><strong style="color:#6e8c2b"><small>☆</small><span class="username" data-name="H2OPulse">H2OPulse</span>:</strong> <em>haha fai r</em></div><div class="chat chatmessage-inkbug1 mine"><strong style="color:#e46e0f"><small>☆</small><span class="username" data-name="inkbug1">inkbug1</span>:</strong> <em>im not smart</em></div><div class="spacer battle-history"><br></div><div class="battle-history">The opposing Arbok used <strong>Earthquake</strong>!<br></div><div class="battle-history"><small>(Groudon lost <abbr title="−77/284">27.1%</abbr> of its health!)</small><br></div><div class="battle-history"><small>The opposing Arbok lost some of its HP!</small><br></div><div class="spacer battle-history"><br></div><div class="battle-history">Groudon used <strong>Earthquake</strong>!<br></div><div class="battle-history"><small>It's super effective!</small><br></div><div class="battle-history"><small>(The opposing Arbok lost 13% of its health!)</small><br></div><div class="spacer battle-history"><br></div><div class="battle-history">The opposing Arbok fainted!<br></div><div class="spacer battle-history"><br></div><div class="battle-history"><small>(The sunlight is strong.)</small><br></div><div class="battle-history"><small>Groudon restored a little HP using its Leftovers!</small><br></div><div class="spacer battle-history"><br></div><div class="battle-history">H2OPulse sent out <strong>Sableye</strong>!<br></div><div class="battle-history"><small>The opposing Sableye was caught in a sticky web!</small><br></div><div class="battle-history"><small>The opposing Sableye's Speed fell!</small><br></div><div class="spacer battle-history"><br></div><h2 class="battle-history">Turn 16</h2><div class="spacer battle-history"><br></div><div class="battle-history">The opposing Sableye used <strong>Will-O-Wisp</strong>!<br></div><div class="battle-history"><small>Groudon was burned!</small><br></div><div class="spacer battle-history"><br></div><div class="battle-history">Groudon used <strong>Toxic</strong>!<br></div><div class="battle-history"><small>The opposing Sableye was badly poisoned!</small><br></div><div class="spacer battle-history"><br></div><div class="battle-history"><small>The harsh sunlight faded.</small><br></div><div class="battle-history"><small>Groudon restored a little HP using its Leftovers!</small><br></div><div class="battle-history"><small>Groudon was hurt by its burn!</small><br></div><div class="battle-history"><small>The opposing Sableye was hurt by poison!</small><br></div><div class="spacer battle-history"><br></div><h2 class="battle-history">Turn 17</h2><div class="chat chatmessage-h2opulse"><strong style="color:#6e8c2b"><small>☆</small><span class="username" data-name="H2OPulse">H2OPulse</span>:</strong> <em>shoooooooot Prankster was not as important there</em></div><div class="chat chatmessage-h2opulse"><strong style="color:#6e8c2b"><small>☆</small><span class="username" data-name="H2OPulse">H2OPulse</span>:</strong> <em>this is why</em></div><div class="chat chatmessage-h2opulse"><strong style="color:#6e8c2b"><small>☆</small><span class="username" data-name="H2OPulse">H2OPulse</span>:</strong> <em>normal people Mega Evolve early</em></div><div class="chat chatmessage-inkbug1 mine"><strong style="color:#e46e0f"><small>☆</small><span class="username" data-name="inkbug1">inkbug1</span>:</strong> <em>asdasf</em></div><div class="spacer battle-history"><br></div><div class="battle-history">Groudon, come back!<br></div><div class="battle-history">Go! <strong>Raikou</strong>!<br></div><div class="battle-history"><small>Pointed stones dug into Raikou!</small><br></div><div class="battle-history">[Raikou's Pressure]<br><small>Raikou is exerting its pressure!</small><br></div><div class="spacer battle-history"><br></div><div class="battle-history"><small>The opposing Sableye's Sablenite is reacting to the Key Stone!</small><br>The opposing Sableye has Mega Evolved into Mega Sableye!<br></div><div class="chat"><ul class="utilichart"><li class="result"><span class="col pokemonnamecol" style="white-space: nowrap">Sableye-Mega</span> <span class="col typecol"><img src="https://play.pokemonshowdown.com/sprites/types/Dark.png" alt="Dark" height="14" width="32"><img src="https://play.pokemonshowdown.com/sprites/types/Ghost.png" alt="Ghost" height="14" width="32"></span> <span style="float: left ; min-height: 26px"><span class="col abilitycol">Magic Bounce</span><span class="col abilitycol"></span></span><span style="float: left ; min-height: 26px"><span class="col statcol"><em>HP</em><br>50</span> <span class="col statcol"><em>Atk</em><br>85</span> <span class="col statcol"><em>Def</em><br>125</span> <span class="col statcol"><em>SpA</em><br>85</span> <span class="col statcol"><em>SpD</em><br>115</span> <span class="col statcol"><em>Spe</em><br>20</span> </span></li><li style="clear: both"></li></ul></div><div class="spacer battle-history"><br></div><div class="battle-history">The opposing Sableye used <strong>Dark Pulse</strong>!<br></div><div class="battle-history"><small>(Raikou lost <abbr title="−36/288">12.5%</abbr> of its health!)</small><br></div><div class="spacer battle-history"><br></div><div class="battle-history">Raikou fainted!<br></div><div class="spacer battle-history"><br></div><div class="battle-history"><small>The opposing Sableye was hurt by poison!</small><br></div><div class="spacer battle-history"><br></div><div class="battle-history">Go! <strong>Groudon</strong>!<br></div><div class="battle-history"><small>Pointed stones dug into Groudon!</small><br></div><div class="battle-history">[Groudon's Drought]<br><small>The sunlight turned harsh!</small><br></div><div class="spacer battle-history"><br></div><h2 class="battle-history">Turn 18</h2><div class="spacer battle-history"><br></div><div class="battle-history">Groudon used <strong>Earthquake</strong>!<br></div><div class="battle-history"><small>(The opposing Sableye lost 25% of its health!)</small><br></div><div class="spacer battle-history"><br></div><div class="battle-history">The opposing Sableye used <strong>Dark Pulse</strong>!<br></div><div class="battle-history"><small>(Groudon lost <abbr title="−51/284">18.0%</abbr> of its health!)</small><br></div><div class="spacer battle-history"><br></div><div class="battle-history">Groudon fainted!<br></div><div class="spacer battle-history"><br></div><div class="battle-history"><small>(The sunlight is strong.)</small><br></div><div class="battle-history"><small>The opposing Sableye was hurt by poison!</small><br></div><div class="spacer battle-history"><br></div><div class="battle-history">Go! Gigalith (<strong>Gigalith-Mega</strong>)!<br></div><div class="battle-history"><small>Pointed stones dug into Gigalith!</small><br></div><div class="spacer battle-history"><br></div><h2 class="battle-history">Turn 19</h2><div class="spacer battle-history"><br></div><div class="battle-history">Gigalith used <strong>Synthesis</strong>!<br></div><div class="battle-history"><small>Gigalith had its HP restored.</small><br></div><div class="spacer battle-history"><br></div><div class="battle-history">The opposing Sableye used <strong>Dark Pulse</strong>!<br></div><div class="battle-history"><small>(Gigalith lost <abbr title="−66/280">23.6%</abbr> of its health!)</small><br></div><div class="spacer battle-history"><br></div><div class="battle-history"><small>(The sunlight is strong.)</small><br></div><div class="battle-history"><small>The opposing Sableye was hurt by poison!</small><br></div><div class="spacer battle-history"><br></div><h2 class="battle-history">Turn 20</h2><div class="spacer battle-history"><br></div><div class="battle-history">Gigalith used <strong>Meteor Beam</strong>!<br></div><div class="battle-history">Gigalith is overflowing with space power!<br></div><div class="battle-history"><small>Gigalith's Sp. Atk rose!</small><br></div><div class="battle-history"><small>(The opposing Sableye lost 14% of its health!)</small><br></div><div class="spacer battle-history"><br></div><div class="battle-history">The opposing Sableye fainted!<br></div><div class="spacer battle-history"><br></div><div class="battle-history"><small>(The sunlight is strong.)</small><br></div><div class="spacer battle-history"><br></div><div class="battle-history">H2OPulse sent out <strong>Infernape</strong>!<br></div><div class="battle-history"><small>The opposing Infernape was caught in a sticky web!</small><br></div><div class="battle-history"><small>The opposing Infernape's Speed fell!</small><br></div><div class="spacer battle-history"><br></div><h2 class="battle-history">Turn 21</h2><div class="spacer battle-history"><br></div><div class="battle-history"><small>The opposing Infernape surrounded itself with its Z-Power!</small><br></div><div class="spacer battle-history"><br></div><div class="battle-history"><small>The opposing Infernape unleashes its full-force Z-Move!</small><br>The opposing Infernape used <strong>All-Out Pummeling</strong>!<br></div><div class="battle-history"><small>It's super effective!</small><br></div><div class="battle-history"><small>(Gigalith lost <abbr title="−132/280">47.1%</abbr> of its health!)</small><br></div><div class="spacer battle-history"><br></div><div class="battle-history">Gigalith fainted!<br></div><div class="spacer battle-history"><br></div><div class="battle-history"><small>(The sunlight is strong.)</small><br></div><div class="chat chatmessage-inkbug1 mine"><strong style="color:#e46e0f"><small>☆</small><span class="username" data-name="inkbug1">inkbug1</span>:</strong> <em>noooo</em></div><div class="chat chatmessage-inkbug1 mine"><strong style="color:#e46e0f"><small>☆</small><span class="username" data-name="inkbug1">inkbug1</span>:</strong> <em>rip</em></div><div class="chat chatmessage-inkbug1 mine"><strong style="color:#e46e0f"><small>☆</small><span class="username" data-name="inkbug1">inkbug1</span>:</strong> <em>i tried</em></div><div class="spacer battle-history"><br></div><div class="battle-history">Go! <strong>Incineroar</strong>!<br></div><div class="battle-history"><small>Pointed stones dug into Incineroar!</small><br></div><div class="battle-history">[Incineroar's Intimidate]<br></div><div class="battle-history"><small>The opposing Infernape's Attack fell!</small><br></div><div class="spacer battle-history"><br></div><h2 class="battle-history">Turn 22</h2><div class="chat chatmessage-h2opulse"><strong style="color:#6e8c2b"><small>☆</small><span class="username" data-name="H2OPulse">H2OPulse</span>:</strong> <em>wh e w</em></div><div class="chat chatmessage-h2opulse"><strong style="color:#6e8c2b"><small>☆</small><span class="username" data-name="H2OPulse">H2OPulse</span>:</strong> <em>fair haha</em></div><div class="chat chatmessage-h2opulse"><strong style="color:#6e8c2b"><small>☆</small><span class="username" data-name="H2OPulse">H2OPulse</span>:</strong> <em>Good game in any case :'D</em></div><div class="spacer battle-history"><br></div><div class="battle-history">Incineroar used <strong>Fake Out</strong>!<br></div><div class="battle-history"><small>(The opposing Infernape lost 15% of its health!)</small><br></div><div class="spacer battle-history"><br></div><div class="battle-history">The opposing Infernape flinched and couldn't move!<br></div><div class="spacer battle-history"><br></div><div class="battle-history"><small>The harsh sunlight faded.</small><br></div><div class="spacer battle-history"><br></div><h2 class="battle-history">Turn 23</h2><div class="spacer battle-history"><br></div><div class="battle-history">Incineroar used <strong>Darkest Lariat</strong>!<br></div><div class="battle-history"><small>It's not very effective...</small><br></div><div class="battle-history"><small>(The opposing Infernape lost 12% of its health!)</small><br></div><div class="spacer battle-history"><br></div><div class="battle-history">The opposing Infernape fainted!<br></div><div class="chat chatmessage-h2opulse"><strong style="color:#6e8c2b"><small>☆</small><span class="username" data-name="H2OPulse">H2OPulse</span>:</strong> <em>and here is where I lose anyway :'D</em></div><div class="spacer battle-history"><br></div><div class="battle-history">H2OPulse sent out Stunfisk (<strong>Stunfisk-Galar</strong>)!<br></div><div class="battle-history"><small>The opposing Stunfisk was caught in a sticky web!</small><br></div><div class="battle-history"><small>The opposing Stunfisk's Speed fell!</small><br></div><div class="spacer battle-history"><br></div><h2 class="battle-history">Turn 24</h2><div class="spacer battle-history"><br></div><div class="battle-history">Incineroar used <strong>Flare Blitz</strong>!<br></div><div class="battle-history"><small>It's super effective!</small><br></div><div class="battle-history"><small>(The opposing Stunfisk lost 89% of its health!)</small><br></div><div class="battle-history"><small>Incineroar was damaged by the recoil!</small><br></div><div class="spacer battle-history"><br></div><div class="battle-history">The opposing Stunfisk used <strong>Thunder Wave</strong>!<br></div><div class="battle-history"><small>Incineroar is paralyzed! It may be unable to move!</small><br></div><div class="spacer battle-history"><br></div><div class="battle-history"><small>The opposing Stunfisk restored a little HP using its Leftovers!</small><br></div><div class="spacer battle-history"><br></div><h2 class="battle-history">Turn 25</h2><div class="spacer battle-history"><br></div><div class="battle-history">Incineroar is paralyzed! It can't move!<br></div><div class="spacer battle-history"><br></div><div class="battle-history">The opposing Stunfisk used <strong>Earthquake</strong>!<br></div><div class="battle-history"><small>It's super effective!</small><br></div><div class="battle-history"><small>(Incineroar lost <abbr title="−131/303">43.2%</abbr> of its health!)</small><br></div><div class="spacer battle-history"><br></div><div class="battle-history">Incineroar fainted!<br></div><div class="spacer battle-history"><br></div><div class="battle-history"><strong>H2OPulse</strong> won the battle!<br></div><div class="chat chatmessage-h2opulse"><strong style="color:#6e8c2b"><small>☆</small><span class="username" data-name="H2OPulse">H2OPulse</span>:</strong> <em>OOF sorry</em></div><div class="chat chatmessage-inkbug1 mine"><strong style="color:#e46e0f"><small>☆</small><span class="username" data-name="inkbug1">inkbug1</span>:</strong> <em>ggs :'D </em></div><div class="chat chatmessage-h2opulse"><strong style="color:#6e8c2b"><small>☆</small><span class="username" data-name="H2OPulse">H2OPulse</span>:</strong> <em>Good game!!!</em></div><div class="chat chatmessage-h2opulse"><strong style="color:#6e8c2b"><small>☆</small><span class="username" data-name="H2OPulse">H2OPulse</span>:</strong> <em>Man what a roll that was though</em></div><div class="chat chatmessage-inkbug1 mine"><strong style="color:#e46e0f"><small>☆</small><span class="username" data-name="inkbug1">inkbug1</span>:</strong> <em>i tried so hard to get tht to work ajshdgas</em></div></div><div class="inner-preempt message-log"></div></div></div>
</div>
<script>
let daily = Math.floor(Date.now()/1000/60/60/24);document.write('<script src="https://play.pokemonshowdown.com/js/replay-embed.js?version'+daily+'"></'+'script>');
</script>
