<!DOCTYPE html>
<meta charset="utf-8" />
<!-- version 1 -->
<title>[Gen 8] Megas for All replay: BlaueBrause vs. ViZarPKMN</title>
<style>
html,body {font-family:Verdana, sans-serif;font-size:10pt;margin:0;padding:0;}body{padding:12px 0;} .battle-log {font-family:Verdana, sans-serif;font-size:10pt;} .battle-log-inline {border:1px solid #AAAAAA;background:#EEF2F5;color:black;max-width:640px;margin:0 auto 80px;padding-bottom:5px;} .battle-log .inner {padding:4px 8px 0px 8px;} .battle-log .inner-preempt {padding:0 8px 4px 8px;} .battle-log .inner-after {margin-top:0.5em;} .battle-log h2 {margin:0.5em -8px;padding:4px 8px;border:1px solid #AAAAAA;background:#E0E7EA;border-left:0;border-right:0;font-family:Verdana, sans-serif;font-size:13pt;} .battle-log .chat {vertical-align:middle;padding:3px 0 3px 0;font-size:8pt;} .battle-log .chat strong {color:#40576A;} .battle-log .chat em {padding:1px 4px 1px 3px;color:#000000;font-style:normal;} .chat.mine {background:rgba(0,0,0,0.05);margin-left:-8px;margin-right:-8px;padding-left:8px;padding-right:8px;} .spoiler {color:#BBBBBB;background:#BBBBBB;padding:0px 3px;} .spoiler:hover, .spoiler:active, .spoiler-shown {color:#000000;background:#E2E2E2;padding:0px 3px;} .spoiler a {color:#BBBBBB;} .spoiler:hover a, .spoiler:active a, .spoiler-shown a {color:#2288CC;} .chat code, .chat .spoiler:hover code, .chat .spoiler:active code, .chat .spoiler-shown code {border:1px solid #C0C0C0;background:#EEEEEE;color:black;padding:0 2px;} .chat .spoiler code {border:1px solid #CCCCCC;background:#CCCCCC;color:#CCCCCC;} .battle-log .rated {padding:3px 4px;} .battle-log .rated strong {color:white;background:#89A;padding:1px 4px;border-radius:4px;} .spacer {margin-top:0.5em;} .message-announce {background:#6688AA;color:white;padding:1px 4px 2px;} .message-announce a, .broadcast-green a, .broadcast-blue a, .broadcast-red a {color:#DDEEFF;} .broadcast-green {background-color:#559955;color:white;padding:2px 4px;} .broadcast-blue {background-color:#6688AA;color:white;padding:2px 4px;} .infobox {border:1px solid #6688AA;padding:2px 4px;} .infobox-limited {max-height:200px;overflow:auto;overflow-x:hidden;} .broadcast-red {background-color:#AA5544;color:white;padding:2px 4px;} .message-learn-canlearn {font-weight:bold;color:#228822;text-decoration:underline;} .message-learn-cannotlearn {font-weight:bold;color:#CC2222;text-decoration:underline;} .message-effect-weak {font-weight:bold;color:#CC2222;} .message-effect-resist {font-weight:bold;color:#6688AA;} .message-effect-immune {font-weight:bold;color:#666666;} .message-learn-list {margin-top:0;margin-bottom:0;} .message-throttle-notice, .message-error {color:#992222;} .message-overflow, .chat small.message-overflow {font-size:0pt;} .message-overflow::before {font-size:9pt;content:'...';} .subtle {color:#3A4A66;}
</style>
<div class="wrapper replay-wrapper" style="max-width:1180px;margin:0 auto">
<input type="hidden" name="replayid" value="dragonheaven-gen8megasforall-464-ibhd5nh6phserf6ciknx0678gnmundkpw" />
<div class="battle"></div><div class="battle-log"></div><div class="replay-controls"></div><div class="replay-controls-2"></div>
<h1 style="font-weight:normal;text-align:center"><strong>[Gen 8] Megas for All</strong><br /><a href="http://pokemonshowdown.com/users/blauebrause" class="subtle" target="_blank">BlaueBrause</a> vs. <a href="http://pokemonshowdown.com/users/vizarpkmn" class="subtle" target="_blank">ViZarPKMN</a></h1>
<script type="text/plain" class="battle-log-data">|raw|<div class="broadcast-red"><strong>This battle is invite-only!<\/strong><br \/>Users must be invited with <code>\/invite<\/code> (or be staff) to join<\/div>
|j|☆BlaueBrause
|j|☆ViZarPKMN

|t:|1608673022
|player|p1|BlaueBrause|psychic|
|player|p2|ViZarPKMN|benga|
|teamsize|p1|6
|teamsize|p2|6
|gametype|singles
|gen|8
|tier|[Gen 8] Megas for All
|clearpoke
|poke|p1|Tapu Lele|
|poke|p1|Meloetta|
|poke|p1|Gallade, M|
|poke|p1|Latias, F|
|poke|p1|Gothitelle, M|
|poke|p1|Victini|
|poke|p2|Latias, F|
|poke|p2|Delibird, F|
|poke|p2|Gliscor, M|
|poke|p2|Swampert, M|
|poke|p2|Corviknight, M|
|poke|p2|Nidoking, M|
|rule|HP Percentage Mod: HP is shown in percentages
|rule|Endless Battle Clause: Forcing endless battles is banned
|rule|OHKO Clause: OHKO moves are banned
|rule|Evasion Moves Clause: Evasion moves are banned
|rule|Species Clause: Limit one of each Pokémon
|rule|Dynamax Clause: You cannot dynamax
|rule|Sleep Clause Mod: Limit one foe put to sleep
|rule|Freeze Clause Mod: Limit one foe frozen
|teampreview
|inactive|Battle timer is ON: inactive players will automatically lose when time's up. (requested by ViZarPKMN)
|inactive|Time left: 300 sec this turn | 300 sec total | 60 sec grace
|c|☆ViZarPKMN|glhf
|c|☆BlaueBrause|glhf1
|c|☆BlaueBrause|bin mal auf Delibird gespannt
|inactive|ViZarPKMN has 270 seconds left.
|c|☆ViZarPKMN|ich auch
|c|☆BlaueBrause|es hat auf jeden Fall einen schönen Bulk
|
|t:|1608673064
|start
|switch|p1a: Tapu Lele|Tapu Lele|100\/100
|switch|p2a: Gliscor|Gliscor, M|353\/353
|-fieldstart|move: Psychic Terrain|[from] ability: Psychic Surge|[of] p1a: Tapu Lele
|turn|1
|inactive|Time left: 300 sec this turn | 300 sec total
|
|t:|1608673071
|switch|p2a: Corviknight|Corviknight, M|399\/399
|-ability|p2a: Corviknight|Pressure
|move|p1a: Tapu Lele|Psychic|p2a: Corviknight
|-resisted|p2a: Corviknight
|-damage|p2a: Corviknight|315\/399
|
|-heal|p2a: Corviknight|339\/399|[from] item: Leftovers
|upkeep
|turn|2
|inactive|Time left: 300 sec this turn | 300 sec total
|c|☆BlaueBrause|wow, so wenig Schaden
|
|t:|1608673100
|switch|p1a: Gothitelle|Gothitelle, M|100\/100
|-item|p2a: Corviknight|Leftovers|[from] ability: Frisk|[of] p1a: Gothitelle|[identify]
|move|p2a: Corviknight|U-turn|p1a: Gothitelle
|-supereffective|p1a: Gothitelle
|-damage|p1a: Gothitelle|78\/100
|inactive|Time left: 300 sec this turn | 300 sec total
|
|t:|1608673115
|switch|p2a: Nidoking|Nidoking, M|303\/303
|
|upkeep
|turn|3
|inactive|Time left: 300 sec this turn | 300 sec total
|
|t:|1608673121
|move|p2a: Nidoking|Sludge Wave|p1a: Gothitelle
|-damage|p1a: Gothitelle|19\/100
|move|p1a: Gothitelle|Doom Desire|p2a: Nidoking
|-start|p1a: Gothitelle|Doom Desire
|
|upkeep
|turn|4
|inactive|Time left: 300 sec this turn | 300 sec total
|
|t:|1608673128
|move|p1a: Gothitelle|Protect|p1a: Gothitelle
|-singleturn|p1a: Gothitelle|Protect
|move|p2a: Nidoking|Ice Beam|p1a: Gothitelle
|-activate|p1a: Gothitelle|move: Protect
|
|upkeep
|turn|5
|inactive|Time left: 300 sec this turn | 300 sec total
|
|t:|1608673136
|switch|p1a: Gallade|Gallade, M|100\/100
|move|p2a: Nidoking|Sludge Wave|p1a: Gallade
|-damage|p1a: Gallade|72\/100
|
|-end|p2a: Nidoking|move: Doom Desire
|-damage|p2a: Nidoking|159\/303
|-fieldend|move: Psychic Terrain
|upkeep
|turn|6
|inactive|Time left: 300 sec this turn | 300 sec total
|
|t:|1608673145
|move|p2a: Nidoking|Earth Power|p1a: Gallade
|-damage|p1a: Gallade|47\/100
|move|p1a: Gallade|Knock Off|p2a: Nidoking
|-damage|p2a: Nidoking|49\/303
|-enditem|p2a: Nidoking|Life Orb|[from] move: Knock Off|[of] p1a: Gallade
|
|upkeep
|turn|7
|inactive|Time left: 300 sec this turn | 300 sec total
|
|t:|1608673157
|switch|p2a: Gliscor|Gliscor, M|353\/353
|move|p1a: Gallade|Drain Punch|p2a: Gliscor
|-resisted|p2a: Gliscor
|-damage|p2a: Gliscor|317\/353
|-heal|p1a: Gallade|52\/100|[from] drain|[of] p2a: Gliscor
|
|-status|p2a: Gliscor|tox|[from] item: Toxic Orb
|upkeep
|turn|8
|inactive|Time left: 300 sec this turn | 300 sec total
|
|t:|1608673167
|switch|p1a: Latias|Latias, F|100\/100
|move|p2a: Gliscor|Earthquake|p1a: Latias
|-immune|p1a: Latias|[from] ability: Levitate
|
|-heal|p2a: Gliscor|353\/353 tox|[from] ability: Poison Heal
|upkeep
|turn|9
|inactive|Time left: 300 sec this turn | 300 sec total
|
|t:|1608673176
|switch|p2a: Corviknight|Corviknight, M|339\/399
|-ability|p2a: Corviknight|Pressure
|move|p1a: Latias|Ice Beam|p2a: Corviknight
|-damage|p2a: Corviknight|265\/399
|
|-heal|p2a: Corviknight|289\/399|[from] item: Leftovers
|upkeep
|turn|10
|inactive|Time left: 300 sec this turn | 300 sec total
|
|t:|1608673186
|move|p1a: Latias|Thunderbolt|p2a: Corviknight
|-supereffective|p2a: Corviknight
|-damage|p2a: Corviknight|159\/399
|-status|p2a: Corviknight|par
|move|p2a: Corviknight|U-turn|p1a: Latias
|-supereffective|p1a: Latias
|-damage|p1a: Latias|66\/100
|inactive|Time left: 300 sec this turn | 300 sec total
|
|t:|1608673190
|switch|p2a: Delibird|Delibird, F|293\/293
|
|-heal|p1a: Latias|72\/100|[from] item: Leftovers
|upkeep
|turn|11
|inactive|Time left: 300 sec this turn | 300 sec total
|
|t:|1608673198
|detailschange|p2a: Delibird|Delibird-Mega, F
|-mega|p2a: Delibird|Delibird|Delibirdite
|-ability|p2a: Delibird|Spirit of Giving
|-item|p2: Nidoking|Life Orb|[from] Ability: Spirit of Giving
|raw|<ul class="utilichart"><li class="result"><span class="col pokemonnamecol" style="white-space: nowrap">Delibird-Mega<\/span> <span class="col typecol"><img src="https:\/\/play.pokemonshowdown.com\/sprites\/types\/Ice.png" alt="Ice" height="14" width="32"><img src="https:\/\/play.pokemonshowdown.com\/sprites\/types\/Flying.png" alt="Flying" height="14" width="32"><\/span> <span style="float: left ; min-height: 26px"><span class="col abilitycol">Spirit of Giving<\/span><span class="col abilitycol"><\/span><\/span><span style="float: left ; min-height: 26px"><span class="col statcol"><em>HP<\/em><br>45<\/span> <span class="col statcol"><em>Atk<\/em><br>25<\/span> <span class="col statcol"><em>Def<\/em><br>120<\/span> <span class="col statcol"><em>SpA<\/em><br>85<\/span> <span class="col statcol"><em>SpD<\/em><br>120<\/span> <span class="col statcol"><em>Spe<\/em><br>35<\/span> <\/span><\/li><li style="clear: both"><\/li><\/ul>
|move|p1a: Latias|Thunderbolt|p2a: Delibird
|-supereffective|p2a: Delibird
|-damage|p2a: Delibird|161\/293
|move|p2a: Delibird|U-turn|p1a: Latias
|-supereffective|p1a: Latias
|-damage|p1a: Latias|59\/100
|inactive|Time left: 300 sec this turn | 300 sec total
|
|t:|1608673209
|switch|p2a: Latias|Latias, F|301\/301
|
|-heal|p1a: Latias|65\/100|[from] item: Leftovers
|upkeep
|turn|12
|inactive|Time left: 300 sec this turn | 300 sec total
|
|t:|1608673215
|switch|p1a: Tapu Lele|Tapu Lele|100\/100
|-fieldstart|move: Psychic Terrain|[from] ability: Psychic Surge|[of] p1a: Tapu Lele
|move|p2a: Latias|Draco Meteor|p1a: Tapu Lele
|-immune|p1a: Tapu Lele
|
|upkeep
|turn|13
|inactive|Time left: 300 sec this turn | 300 sec total
|
|t:|1608673224
|switch|p2a: Corviknight|Corviknight, M|159\/399 par
|-ability|p2a: Corviknight|Pressure
|switch|p1a: Gothitelle|Gothitelle, M|19\/100
|-item|p2a: Corviknight|Leftovers|[from] ability: Frisk|[of] p1a: Gothitelle|[identify]
|
|-heal|p2a: Corviknight|183\/399 par|[from] item: Leftovers
|upkeep
|turn|14
|inactive|Time left: 300 sec this turn | 300 sec total
|
|t:|1608673236
|detailschange|p1a: Gothitelle|Gothitelle-Mega, M
|-mega|p1a: Gothitelle|Gothitelle|Gothitite
|raw|<ul class="utilichart"><li class="result"><span class="col pokemonnamecol" style="white-space: nowrap">Gothitelle-Mega<\/span> <span class="col typecol"><img src="https:\/\/play.pokemonshowdown.com\/sprites\/types\/Psychic.png" alt="Psychic" height="14" width="32"><img src="https:\/\/play.pokemonshowdown.com\/sprites\/types\/Steel.png" alt="Steel" height="14" width="32"><\/span> <span style="float: left ; min-height: 26px"><span class="col abilitycol">Magic Guard<\/span><span class="col abilitycol"><\/span><\/span><span style="float: left ; min-height: 26px"><span class="col statcol"><em>HP<\/em><br>70<\/span> <span class="col statcol"><em>Atk<\/em><br>55<\/span> <span class="col statcol"><em>Def<\/em><br>120<\/span> <span class="col statcol"><em>SpA<\/em><br>130<\/span> <span class="col statcol"><em>SpD<\/em><br>150<\/span> <span class="col statcol"><em>Spe<\/em><br>65<\/span> <\/span><\/li><li style="clear: both"><\/li><\/ul>
|move|p1a: Gothitelle|Wish|p1a: Gothitelle
|move|p2a: Corviknight|Roost|p2a: Corviknight
|-heal|p2a: Corviknight|383\/399 par
|-singleturn|p2a: Corviknight|move: Roost
|
|-heal|p2a: Corviknight|399\/399 par|[from] item: Leftovers
|upkeep
|turn|15
|inactive|Time left: 300 sec this turn | 300 sec total
|
|t:|1608673247
|switch|p2a: Nidoking|Nidoking, M|49\/303
|move|p1a: Gothitelle|Doom Desire|p2a: Nidoking
|-start|p1a: Gothitelle|Doom Desire
|
|-heal|p1a: Gothitelle|69\/100|[from] move: Wish|[wisher] Gothitelle
|upkeep
|turn|16
|inactive|Time left: 300 sec this turn | 300 sec total
|
|t:|1608673254
|move|p1a: Gothitelle|Protect|p1a: Gothitelle
|-singleturn|p1a: Gothitelle|Protect
|move|p2a: Nidoking|Sludge Wave|p1a: Gothitelle
|-activate|p1a: Gothitelle|move: Protect
|
|-fieldend|move: Psychic Terrain
|upkeep
|turn|17
|inactive|Time left: 300 sec this turn | 300 sec total
|
|t:|1608673262
|switch|p1a: Latias|Latias, F|65\/100
|move|p2a: Nidoking|Sludge Wave|p1a: Latias
|-damage|p1a: Latias|12\/100
|
|-end|p2a: Nidoking|move: Doom Desire
|-damage|p2a: Nidoking|0 fnt
|-heal|p1a: Latias|19\/100|[from] item: Leftovers
|faint|p2a: Nidoking
|upkeep
|inactive|Time left: 300 sec this turn | 300 sec total
|
|t:|1608673269
|switch|p2a: Swampert|Swampert, M|404\/404
|turn|18
|inactive|Time left: 300 sec this turn | 300 sec total
|
|t:|1608673274
|move|p1a: Latias|Roost|p1a: Latias
|-heal|p1a: Latias|69\/100
|-singleturn|p1a: Latias|move: Roost
|move|p2a: Swampert|Stealth Rock|p1a: Latias
|-sidestart|p1: BlaueBrause|move: Stealth Rock
|
|-heal|p1a: Latias|75\/100|[from] item: Leftovers
|upkeep
|turn|19
|inactive|Time left: 300 sec this turn | 300 sec total
|
|t:|1608673280
|move|p1a: Latias|Defog|p2a: Swampert
|-unboost|p2a: Swampert|evasion|1
|-sideend|p1: BlaueBrause|Stealth Rock|[from] move: Defog|[of] p1a: Latias
|move|p2a: Swampert|Flip Turn|p1a: Latias
|-resisted|p1a: Latias
|-damage|p1a: Latias|63\/100
|inactive|Time left: 300 sec this turn | 300 sec total
|
|t:|1608673288
|switch|p2a: Latias|Latias, F|301\/301
|
|-heal|p1a: Latias|69\/100|[from] item: Leftovers
|upkeep
|turn|20
|inactive|Time left: 300 sec this turn | 300 sec total
|
|t:|1608673296
|switch|p1a: Tapu Lele|Tapu Lele|100\/100
|-fieldstart|move: Psychic Terrain|[from] ability: Psychic Surge|[of] p1a: Tapu Lele
|move|p2a: Latias|Psyshock|p1a: Tapu Lele
|-resisted|p1a: Tapu Lele
|-damage|p1a: Tapu Lele|73\/100
|
|upkeep
|turn|21
|inactive|Time left: 300 sec this turn | 300 sec total
|
|t:|1608673306
|switch|p1a: Gothitelle|Gothitelle-Mega, M|69\/100
|move|p2a: Latias|Psyshock|p1a: Gothitelle
|-resisted|p1a: Gothitelle
|-damage|p1a: Gothitelle|62\/100
|
|upkeep
|turn|22
|inactive|Time left: 300 sec this turn | 300 sec total
|
|t:|1608673313
|switch|p2a: Corviknight|Corviknight, M|399\/399 par
|-ability|p2a: Corviknight|Pressure
|move|p1a: Gothitelle|Doom Desire|p2a: Corviknight
|-start|p1a: Gothitelle|Doom Desire
|
|upkeep
|turn|23
|inactive|Time left: 300 sec this turn | 300 sec total
|
|t:|1608673320
|move|p1a: Gothitelle|Wish|p1a: Gothitelle
|cant|p2a: Corviknight|par
|
|upkeep
|turn|24
|inactive|Time left: 300 sec this turn | 300 sec total
|error|[Invalid choice] Sorry, too late to cancel; the next turn has already started
|
|t:|1608673324
|move|p1a: Gothitelle|Protect|p1a: Gothitelle
|-singleturn|p1a: Gothitelle|Protect
|move|p2a: Corviknight|U-turn|p1a: Gothitelle
|-activate|p1a: Gothitelle|move: Protect
|
|-end|p2a: Corviknight|move: Doom Desire
|-resisted|p2a: Corviknight
|-damage|p2a: Corviknight|318\/399 par
|-heal|p1a: Gothitelle|100\/100|[from] move: Wish|[wisher] Gothitelle
|-heal|p2a: Corviknight|342\/399 par|[from] item: Leftovers
|-fieldend|move: Psychic Terrain
|upkeep
|turn|25
|inactive|Time left: 300 sec this turn | 300 sec total
|
|t:|1608673335
|cant|p2a: Corviknight|par
|move|p1a: Gothitelle|Teleport|p1a: Gothitelle
|inactive|Time left: 300 sec this turn | 300 sec total
|
|t:|1608673340
|switch|p1a: Victini|Victini|100\/100|[from]move: Teleport
|
|-heal|p2a: Corviknight|366\/399 par|[from] item: Leftovers
|upkeep
|turn|26
|inactive|Time left: 300 sec this turn | 300 sec total
|
|t:|1608673355
|switch|p2a: Gliscor|Gliscor, M|353\/353 tox
|move|p1a: Victini|V-create|p2a: Gliscor
|-damage|p2a: Gliscor|160\/353 tox
|-unboost|p1a: Victini|spe|1
|-unboost|p1a: Victini|def|1
|-unboost|p1a: Victini|spd|1
|
|-heal|p2a: Gliscor|204\/353 tox|[from] ability: Poison Heal
|upkeep
|turn|27
|inactive|Time left: 300 sec this turn | 300 sec total
|
|t:|1608673367
|switch|p1a: Latias|Latias, F|69\/100
|switch|p2a: Swampert|Swampert, M|404\/404
|
|-heal|p1a: Latias|75\/100|[from] item: Leftovers
|upkeep
|turn|28
|inactive|Time left: 300 sec this turn | 300 sec total
|
|t:|1608673376
|move|p1a: Latias|Ice Beam|p2a: Swampert
|-damage|p2a: Swampert|315\/404
|move|p2a: Swampert|Flip Turn|p1a: Latias
|-resisted|p1a: Latias
|-damage|p1a: Latias|62\/100
|inactive|Time left: 300 sec this turn | 300 sec total
|
|t:|1608673380
|switch|p2a: Latias|Latias, F|301\/301
|
|-heal|p1a: Latias|68\/100|[from] item: Leftovers
|upkeep
|turn|29
|inactive|Time left: 300 sec this turn | 300 sec total
|
|t:|1608673386
|switch|p1a: Gothitelle|Gothitelle-Mega, M|100\/100
|move|p2a: Latias|Mystical Fire|p1a: Gothitelle
|-supereffective|p1a: Gothitelle
|-crit|p1a: Gothitelle
|-damage|p1a: Gothitelle|50\/100
|-unboost|p1a: Gothitelle|spa|1
|
|upkeep
|turn|30
|inactive|Time left: 300 sec this turn | 300 sec total
|
|t:|1608673394
|move|p2a: Latias|Mystical Fire|p1a: Gothitelle
|-supereffective|p1a: Gothitelle
|-damage|p1a: Gothitelle|18\/100
|-unboost|p1a: Gothitelle|spa|1
|move|p1a: Gothitelle|Wish|p1a: Gothitelle
|
|upkeep
|turn|31
|inactive|Time left: 300 sec this turn | 300 sec total
|
|t:|1608673403
|switch|p2a: Swampert|Swampert, M|315\/404
|move|p1a: Gothitelle|Protect||[still]
|-fail|p1a: Gothitelle
|
|-heal|p1a: Gothitelle|68\/100|[from] move: Wish|[wisher] Gothitelle
|-heal|p2a: Swampert|340\/404|[from] item: Leftovers
|upkeep
|turn|32
|inactive|Time left: 300 sec this turn | 300 sec total
|inactive|BlaueBrause has 270 seconds left.
|
|t:|1608673435
|switch|p1a: Latias|Latias, F|68\/100
|move|p2a: Swampert|Flip Turn|p1a: Latias
|-resisted|p1a: Latias
|-damage|p1a: Latias|55\/100
|inactive|Time left: 300 sec this turn | 300 sec total
|
|t:|1608673444
|switch|p2a: Latias|Latias, F|301\/301
|
|-heal|p1a: Latias|61\/100|[from] item: Leftovers
|upkeep
|turn|33
|inactive|Time left: 300 sec this turn | 300 sec total
|
|t:|1608673451
|switch|p1a: Gothitelle|Gothitelle-Mega, M|68\/100
|move|p2a: Latias|Mystical Fire|p1a: Gothitelle
|-supereffective|p1a: Gothitelle
|-damage|p1a: Gothitelle|33\/100
|-unboost|p1a: Gothitelle|spa|1
|
|upkeep
|turn|34
|inactive|Time left: 300 sec this turn | 300 sec total
|
|t:|1608673459
|switch|p1a: Victini|Victini|100\/100
|move|p2a: Latias|Mystical Fire|p1a: Victini
|-resisted|p1a: Victini
|-damage|p1a: Victini|89\/100
|-unboost|p1a: Victini|spa|1
|
|upkeep
|turn|35
|inactive|Time left: 300 sec this turn | 300 sec total
|
|t:|1608673470
|switch|p2a: Swampert|Swampert, M|340\/404
|move|p1a: Victini|U-turn|p2a: Swampert
|-damage|p2a: Swampert|287\/404
|inactive|Time left: 300 sec this turn | 300 sec total
|
|t:|1608673483
|switch|p1a: Tapu Lele|Tapu Lele|73\/100|[from]move: U-turn
|-fieldstart|move: Psychic Terrain|[from] ability: Psychic Surge|[of] p1a: Tapu Lele
|
|-heal|p2a: Swampert|312\/404|[from] item: Leftovers
|upkeep
|turn|36
|inactive|Time left: 300 sec this turn | 300 sec total
|
|t:|1608673490
|move|p1a: Tapu Lele|Psychic|p2a: Swampert
|-damage|p2a: Swampert|66\/404
|move|p2a: Swampert|Earthquake|p1a: Tapu Lele
|-damage|p1a: Tapu Lele|21\/100
|
|-heal|p2a: Swampert|91\/404|[from] item: Leftovers
|upkeep
|turn|37
|inactive|Time left: 300 sec this turn | 300 sec total
|
|t:|1608673498
|switch|p1a: Gothitelle|Gothitelle-Mega, M|33\/100
|switch|p2a: Corviknight|Corviknight, M|366\/399 par
|-ability|p2a: Corviknight|Pressure
|
|-heal|p2a: Corviknight|390\/399 par|[from] item: Leftovers
|upkeep
|turn|38
|inactive|Time left: 300 sec this turn | 300 sec total
|
|t:|1608673507
|move|p1a: Gothitelle|Wish|p1a: Gothitelle
|move|p2a: Corviknight|U-turn|p1a: Gothitelle
|-damage|p1a: Gothitelle|24\/100
|inactive|Time left: 300 sec this turn | 300 sec total
|
|t:|1608673511
|switch|p2a: Swampert|Swampert, M|91\/404
|
|-heal|p2a: Swampert|116\/404|[from] item: Leftovers
|upkeep
|turn|39
|inactive|Time left: 300 sec this turn | 300 sec total
|
|t:|1608673520
|move|p1a: Gothitelle|Protect|p1a: Gothitelle
|-singleturn|p1a: Gothitelle|Protect
|move|p2a: Swampert|Stealth Rock|p1a: Gothitelle
|-sidestart|p1: BlaueBrause|move: Stealth Rock
|
|-heal|p1a: Gothitelle|74\/100|[from] move: Wish|[wisher] Gothitelle
|-heal|p2a: Swampert|141\/404|[from] item: Leftovers
|-fieldend|move: Psychic Terrain
|upkeep
|turn|40
|inactive|Time left: 300 sec this turn | 300 sec total
|
|t:|1608673529
|move|p1a: Gothitelle|Wish|p1a: Gothitelle
|move|p2a: Swampert|Earthquake|p1a: Gothitelle
|-supereffective|p1a: Gothitelle
|-damage|p1a: Gothitelle|28\/100
|
|-heal|p2a: Swampert|166\/404|[from] item: Leftovers
|upkeep
|turn|41
|inactive|Time left: 300 sec this turn | 300 sec total
|
|t:|1608673535
|move|p1a: Gothitelle|Protect|p1a: Gothitelle
|-singleturn|p1a: Gothitelle|Protect
|move|p2a: Swampert|Earthquake|p1a: Gothitelle
|-activate|p1a: Gothitelle|move: Protect
|
|-heal|p1a: Gothitelle|78\/100|[from] move: Wish|[wisher] Gothitelle
|-heal|p2a: Swampert|191\/404|[from] item: Leftovers
|upkeep
|turn|42
|inactive|Time left: 300 sec this turn | 300 sec total
|
|t:|1608673544
|switch|p1a: Latias|Latias, F|61\/100
|-damage|p1a: Latias|49\/100|[from] Stealth Rock
|move|p2a: Swampert|Earthquake|p1a: Latias
|-immune|p1a: Latias|[from] ability: Levitate
|
|-heal|p1a: Latias|55\/100|[from] item: Leftovers
|-heal|p2a: Swampert|216\/404|[from] item: Leftovers
|upkeep
|turn|43
|inactive|Time left: 300 sec this turn | 300 sec total
|error|[Invalid choice] There's nothing to cancel
|
|t:|1608673554
|move|p1a: Latias|Defog|p2a: Swampert
|-unboost|p2a: Swampert|evasion|1
|-sideend|p1: BlaueBrause|Stealth Rock|[from] move: Defog|[of] p1a: Latias
|move|p2a: Swampert|Flip Turn|p1a: Latias
|-resisted|p1a: Latias
|-damage|p1a: Latias|44\/100
|inactive|Time left: 300 sec this turn | 300 sec total
|
|t:|1608673557
|switch|p2a: Latias|Latias, F|301\/301
|
|-heal|p1a: Latias|50\/100|[from] item: Leftovers
|upkeep
|turn|44
|inactive|Time left: 300 sec this turn | 300 sec total
|
|t:|1608673568
|switch|p1a: Meloetta|Meloetta|100\/100
|move|p2a: Latias|Draco Meteor|p1a: Meloetta
|-damage|p1a: Meloetta|74\/100
|-unboost|p2a: Latias|spa|2
|
|upkeep
|turn|45
|inactive|Time left: 300 sec this turn | 300 sec total
|
|t:|1608673576
|switch|p2a: Corviknight|Corviknight, M|390\/399 par
|-ability|p2a: Corviknight|Pressure
|move|p1a: Meloetta|U-turn|p2a: Corviknight
|-resisted|p2a: Corviknight
|-damage|p2a: Corviknight|380\/399 par
|inactive|Time left: 300 sec this turn | 300 sec total
|
|t:|1608673582
|switch|p1a: Victini|Victini|89\/100|[from]move: U-turn
|
|-heal|p2a: Corviknight|399\/399 par|[from] item: Leftovers
|upkeep
|turn|46
|inactive|Time left: 300 sec this turn | 300 sec total
|
|t:|1608673588
|switch|p2a: Gliscor|Gliscor, M|204\/353 tox
|move|p1a: Victini|V-create|p2a: Gliscor
|-damage|p2a: Gliscor|33\/353 tox
|-unboost|p1a: Victini|spe|1
|-unboost|p1a: Victini|def|1
|-unboost|p1a: Victini|spd|1
|
|-heal|p2a: Gliscor|77\/353 tox|[from] ability: Poison Heal
|upkeep
|turn|47
|inactive|Time left: 300 sec this turn | 300 sec total
|
|t:|1608673597
|move|p1a: Victini|V-create|p2a: Gliscor
|-damage|p2a: Gliscor|0 fnt
|-unboost|p1a: Victini|spe|1
|-unboost|p1a: Victini|def|1
|-unboost|p1a: Victini|spd|1
|faint|p2a: Gliscor
|
|upkeep
|inactive|Time left: 300 sec this turn | 300 sec total
|
|t:|1608673600
|switch|p2a: Swampert|Swampert, M|216\/404
|turn|48
|inactive|Time left: 300 sec this turn | 300 sec total
|
|t:|1608673606
|switch|p1a: Latias|Latias, F|50\/100
|move|p2a: Swampert|Flip Turn|p1a: Latias
|-resisted|p1a: Latias
|-damage|p1a: Latias|38\/100
|inactive|Time left: 300 sec this turn | 300 sec total
|
|t:|1608673610
|switch|p2a: Latias|Latias, F|301\/301
|
|-heal|p1a: Latias|44\/100|[from] item: Leftovers
|upkeep
|turn|49
|inactive|Time left: 300 sec this turn | 300 sec total
|
|t:|1608673617
|switch|p1a: Gothitelle|Gothitelle-Mega, M|78\/100
|move|p2a: Latias|Mystical Fire|p1a: Gothitelle
|-supereffective|p1a: Gothitelle
|-damage|p1a: Gothitelle|46\/100
|-unboost|p1a: Gothitelle|spa|1
|
|upkeep
|turn|50
|inactive|Time left: 300 sec this turn | 300 sec total
|
|t:|1608673626
|switch|p2a: Swampert|Swampert, M|216\/404
|move|p1a: Gothitelle|Wish|p1a: Gothitelle
|
|-heal|p2a: Swampert|241\/404|[from] item: Leftovers
|upkeep
|turn|51
|inactive|Time left: 300 sec this turn | 300 sec total
|
|t:|1608673633
|switch|p1a: Tapu Lele|Tapu Lele|21\/100
|-fieldstart|move: Psychic Terrain|[from] ability: Psychic Surge|[of] p1a: Tapu Lele
|move|p2a: Swampert|Stealth Rock|p1a: Tapu Lele
|-sidestart|p1: BlaueBrause|move: Stealth Rock
|
|-heal|p1a: Tapu Lele|82\/100|[from] move: Wish|[wisher] Gothitelle
|-heal|p2a: Swampert|266\/404|[from] item: Leftovers
|upkeep
|turn|52
|inactive|Time left: 300 sec this turn | 300 sec total
|c|☆ViZarPKMN|wp
|c|☆BlaueBrause|danke
|
|t:|1608673649
|move|p1a: Tapu Lele|Psychic|p2a: Swampert
|-damage|p2a: Swampert|35\/404
|move|p2a: Swampert|Earthquake|p1a: Tapu Lele
|-damage|p1a: Tapu Lele|28\/100
|
|-heal|p2a: Swampert|60\/404|[from] item: Leftovers
|upkeep
|turn|53
|inactive|Time left: 295 sec this turn | 295 sec total
|
|t:|1608673656
|switch|p2a: Corviknight|Corviknight, M|399\/399 par
|-ability|p2a: Corviknight|Pressure
|move|p1a: Tapu Lele|Psychic|p2a: Corviknight
|-resisted|p2a: Corviknight
|-damage|p2a: Corviknight|319\/399 par
|
|-heal|p2a: Corviknight|343\/399 par|[from] item: Leftovers
|upkeep
|turn|54
|inactive|Time left: 300 sec this turn | 300 sec total
|
|t:|1608673666
|switch|p1a: Gothitelle|Gothitelle-Mega, M|46\/100
|cant|p2a: Corviknight|par
|
|-heal|p2a: Corviknight|367\/399 par|[from] item: Leftovers
|upkeep
|turn|55
|inactive|Time left: 300 sec this turn | 300 sec total
|
|t:|1608673677
|switch|p2a: Swampert|Swampert, M|60\/404
|move|p1a: Gothitelle|Doom Desire|p2a: Swampert
|-start|p1a: Gothitelle|Doom Desire
|
|-heal|p2a: Swampert|85\/404|[from] item: Leftovers
|-fieldend|move: Psychic Terrain
|upkeep
|turn|56
|inactive|Time left: 300 sec this turn | 300 sec total
|
|t:|1608673684
|move|p1a: Gothitelle|Protect|p1a: Gothitelle
|-singleturn|p1a: Gothitelle|Protect
|move|p2a: Swampert|Earthquake|p1a: Gothitelle
|-activate|p1a: Gothitelle|move: Protect
|
|-heal|p2a: Swampert|110\/404|[from] item: Leftovers
|upkeep
|turn|57
|inactive|Time left: 300 sec this turn | 300 sec total
|
|t:|1608673692
|switch|p1a: Latias|Latias, F|44\/100
|-damage|p1a: Latias|32\/100|[from] Stealth Rock
|move|p2a: Swampert|Protect||[still]
|-fail|p2a: Swampert
|
|-end|p2a: Swampert|move: Doom Desire
|-resisted|p2a: Swampert
|-damage|p2a: Swampert|0 fnt
|-heal|p1a: Latias|38\/100|[from] item: Leftovers
|faint|p2a: Swampert
|upkeep
|inactive|Time left: 300 sec this turn | 300 sec total
|
|t:|1608673700
|switch|p2a: Delibird|Delibird-Mega, F|161\/293
|turn|58
|inactive|Time left: 300 sec this turn | 300 sec total
|
|t:|1608673706
|move|p1a: Latias|Roost|p1a: Latias
|-heal|p1a: Latias|88\/100
|-singleturn|p1a: Latias|move: Roost
|move|p2a: Delibird|Roost|p2a: Delibird
|-heal|p2a: Delibird|293\/293
|-singleturn|p2a: Delibird|move: Roost
|
|-heal|p1a: Latias|94\/100|[from] item: Leftovers
|upkeep
|turn|59
|inactive|Time left: 300 sec this turn | 300 sec total
|
|t:|1608673715
|move|p1a: Latias|Defog|p2a: Delibird
|-unboost|p2a: Delibird|evasion|1
|-sideend|p1: BlaueBrause|Stealth Rock|[from] move: Defog|[of] p1a: Latias
|move|p2a: Delibird|U-turn|p1a: Latias
|-supereffective|p1a: Latias
|-damage|p1a: Latias|81\/100
|inactive|Time left: 300 sec this turn | 300 sec total
|
|t:|1608673717
|switch|p2a: Latias|Latias, F|301\/301
|
|-heal|p1a: Latias|87\/100|[from] item: Leftovers
|upkeep
|turn|60
|inactive|Time left: 300 sec this turn | 300 sec total
|
|t:|1608673725
|switch|p1a: Meloetta|Meloetta|74\/100
|move|p2a: Latias|Mystical Fire|p1a: Meloetta
|-damage|p1a: Meloetta|64\/100
|-unboost|p1a: Meloetta|spa|1
|
|upkeep
|turn|61
|inactive|Time left: 300 sec this turn | 300 sec total
|
|t:|1608673733
|move|p2a: Latias|Mystical Fire|p1a: Meloetta
|-damage|p1a: Meloetta|55\/100
|-unboost|p1a: Meloetta|spa|1
|move|p1a: Meloetta|U-turn|p2a: Latias
|-supereffective|p2a: Latias
|-damage|p2a: Latias|215\/301
|inactive|Time left: 300 sec this turn | 300 sec total
|
|t:|1608673745
|switch|p1a: Gallade|Gallade, M|52\/100|[from]move: U-turn
|
|upkeep
|turn|62
|inactive|Time left: 300 sec this turn | 300 sec total
|
|t:|1608673751
|switch|p2a: Corviknight|Corviknight, M|367\/399 par
|-ability|p2a: Corviknight|Pressure
|move|p1a: Gallade|Knock Off|p2a: Corviknight
|-damage|p2a: Corviknight|281\/399 par
|-enditem|p2a: Corviknight|Leftovers|[from] move: Knock Off|[of] p1a: Gallade
|
|upkeep
|turn|63
|inactive|Time left: 300 sec this turn | 300 sec total
|
|t:|1608673759
|switch|p1a: Gothitelle|Gothitelle-Mega, M|46\/100
|move|p2a: Corviknight|U-turn|p1a: Gothitelle
|-damage|p1a: Gothitelle|36\/100
|inactive|Time left: 300 sec this turn | 300 sec total
|
|t:|1608673763
|switch|p2a: Delibird|Delibird-Mega, F|293\/293
|-ability|p2a: Delibird|Spirit of Giving
|-item|p2: Corviknight|Leftovers|[from] Ability: Spirit of Giving
|
|upkeep
|turn|64
|inactive|Time left: 300 sec this turn | 300 sec total
|
|t:|1608673770
|move|p1a: Gothitelle|Wish|p1a: Gothitelle
|move|p2a: Delibird|U-turn|p1a: Gothitelle
|-damage|p1a: Gothitelle|32\/100
|inactive|Time left: 300 sec this turn | 300 sec total
|
|t:|1608673772
|switch|p2a: Latias|Latias, F|215\/301
|
|upkeep
|turn|65
|inactive|Time left: 300 sec this turn | 300 sec total
|
|t:|1608673776
|move|p1a: Gothitelle|Protect|p1a: Gothitelle
|-singleturn|p1a: Gothitelle|Protect
|move|p2a: Latias|Mystical Fire|p1a: Gothitelle
|-activate|p1a: Gothitelle|move: Protect
|
|-heal|p1a: Gothitelle|82\/100|[from] move: Wish|[wisher] Gothitelle
|upkeep
|turn|66
|inactive|Time left: 300 sec this turn | 300 sec total
|
|t:|1608673789
|switch|p1a: Victini|Victini|89\/100
|move|p2a: Latias|Mystical Fire|p1a: Victini
|-resisted|p1a: Victini
|-damage|p1a: Victini|77\/100
|-unboost|p1a: Victini|spa|1
|
|upkeep
|turn|67
|inactive|Time left: 300 sec this turn | 300 sec total
|
|t:|1608673798
|switch|p2a: Corviknight|Corviknight, M|281\/399 par
|-ability|p2a: Corviknight|Pressure
|move|p1a: Victini|U-turn|p2a: Corviknight
|-resisted|p2a: Corviknight
|-damage|p2a: Corviknight|266\/399 par
|inactive|Time left: 300 sec this turn | 300 sec total
|
|t:|1608673806
|switch|p1a: Gothitelle|Gothitelle-Mega, M|82\/100|[from]move: U-turn
|
|-heal|p2a: Corviknight|290\/399 par|[from] item: Leftovers
|upkeep
|turn|68
|inactive|Time left: 300 sec this turn | 300 sec total
|
|t:|1608673813
|move|p1a: Gothitelle|Doom Desire|p2a: Corviknight
|-start|p1a: Gothitelle|Doom Desire
|move|p2a: Corviknight|U-turn|p1a: Gothitelle
|-damage|p1a: Gothitelle|72\/100
|inactive|Time left: 300 sec this turn | 300 sec total
|
|t:|1608673818
|switch|p2a: Latias|Latias, F|215\/301
|
|upkeep
|turn|69
|inactive|Time left: 300 sec this turn | 300 sec total
|
|t:|1608673828
|move|p2a: Latias|Mystical Fire|p1a: Gothitelle
|-supereffective|p1a: Gothitelle
|-damage|p1a: Gothitelle|39\/100
|-unboost|p1a: Gothitelle|spa|1
|move|p1a: Gothitelle|Wish|p1a: Gothitelle
|
|upkeep
|turn|70
|inactive|Time left: 300 sec this turn | 300 sec total
|
|t:|1608673836
|switch|p2a: Delibird|Delibird-Mega, F|293\/293
|move|p1a: Gothitelle|Teleport|p1a: Gothitelle
|inactive|Time left: 300 sec this turn | 300 sec total
|
|t:|1608673844
|switch|p1a: Tapu Lele|Tapu Lele|28\/100|[from]move: Teleport
|-fieldstart|move: Psychic Terrain|[from] ability: Psychic Surge|[of] p1a: Tapu Lele
|
|-end|p2a: Delibird|move: Doom Desire
|-supereffective|p2a: Delibird
|-damage|p2a: Delibird|0 fnt
|-heal|p1a: Tapu Lele|89\/100|[from] move: Wish|[wisher] Gothitelle
|faint|p2a: Delibird
|upkeep
|inactive|Time left: 300 sec this turn | 300 sec total
|c|☆ViZarPKMN|gg
|c|☆BlaueBrause|gg
|-message|ViZarPKMN forfeited.
|
|win|BlaueBrause
|inactive|Time left: 300 sec this turn | 300 sec total</script>
</div>
<div class="battle-log battle-log-inline"><div class="inner"><div class="battle-options"><div style="padding-top: 3px; padding-right: 3px; text-align: right"><button class="icon button" name="openBattleOptions" title="Options">Battle Options</button></div></div><div class="inner message-log"><div class="chat"><div class="broadcast-red"><strong>This battle is invite-only!</strong><br>Users must be invited with <code>/invite</code> (or be staff) to join</div></div><div class="chat"><small>☆BlaueBrause and ☆ViZarPKMN joined</small></div><div class=""><small>Format:</small> <br><strong>[Gen 8] Megas for All</strong></div><div class=""><small><em>HP Percentage Mod:</em> HP is shown in percentages</small></div><div class=""><small><em>Endless Battle Clause:</em> Forcing endless battles is banned</small></div><div class=""><small><em>OHKO Clause:</em> OHKO moves are banned</small></div><div class=""><small><em>Evasion Moves Clause:</em> Evasion moves are banned</small></div><div class=""><small><em>Species Clause:</em> Limit one of each Pokémon</small></div><div class=""><small><em>Dynamax Clause:</em> You cannot dynamax</small></div><div class=""><small><em>Sleep Clause Mod:</em> Limit one foe put to sleep</small></div><div class=""><small><em>Freeze Clause Mod:</em> Limit one foe frozen</small></div><div class="chat battle-history"><strong>BlaueBrause's team:</strong> <em style="color:#445566;display:block;">Tapu Lele / Meloetta / Gallade / Latias / Gothitelle / Victini</em></div><div class="chat battle-history"><strong>ViZarPKMN's team:</strong> <em style="color:#445566;display:block;">Latias / Delibird / Gliscor / Swampert / Corviknight / Nidoking</em></div><div class="chat message-error">Battle timer is ON: inactive players will automatically lose when time's up. (requested by ViZarPKMN)</div><div class="chat chatmessage-vizarpkmn mine"><strong style="color:#4f78c0"><small>☆</small><span class="username" data-name="ViZarPKMN">ViZarPKMN</span>:</strong> <em>glhf</em></div><div class="chat chatmessage-blauebrause"><strong style="color:#6b66e4"><small>☆</small><span class="username" data-name="BlaueBrause">BlaueBrause</span>:</strong> <em>glhf1</em></div><div class="chat chatmessage-blauebrause"><strong style="color:#6b66e4"><small>☆</small><span class="username" data-name="BlaueBrause">BlaueBrause</span>:</strong> <em>bin mal auf Delibird gespannt</em></div><div class="chat message-error">ViZarPKMN has 270 seconds left.</div><div class="chat chatmessage-vizarpkmn mine"><strong style="color:#4f78c0"><small>☆</small><span class="username" data-name="ViZarPKMN">ViZarPKMN</span>:</strong> <em>ich auch</em></div><div class="chat chatmessage-blauebrause"><strong style="color:#6b66e4"><small>☆</small><span class="username" data-name="BlaueBrause">BlaueBrause</span>:</strong> <em>es hat auf jeden Fall einen schönen Bulk</em></div><div class="spacer battle-history"><br></div><div class="battle-history">Battle started between BlaueBrause and ViZarPKMN!<br></div><div class="spacer battle-history"><br></div><div class="battle-history">BlaueBrause sent out <strong>Tapu Lele</strong>!<br></div><div class="spacer battle-history"><br></div><div class="battle-history">Go! <strong>Gliscor</strong>!<br></div><div class="battle-history">[The opposing Tapu Lele's Psychic Surge]<br><small>The battlefield got weird!</small><br></div><div class="spacer battle-history"><br></div><h2 class="battle-history">Turn 1</h2><div class="spacer battle-history"><br></div><div class="battle-history">Gliscor, come back!<br></div><div class="battle-history">Go! <strong>Corviknight</strong>!<br></div><div class="battle-history">[Corviknight's Pressure]<br><small>Corviknight is exerting its pressure!</small><br></div><div class="spacer battle-history"><br></div><div class="battle-history">The opposing Tapu Lele used <strong>Psychic</strong>!<br></div><div class="battle-history"><small>It's not very effective...</small><br></div><div class="battle-history"><small>(Corviknight lost <abbr title="−84/399">21.1%</abbr> of its health!)</small><br></div><div class="spacer battle-history"><br></div><div class="battle-history"><small>Corviknight restored a little HP using its Leftovers!</small><br></div><div class="spacer battle-history"><br></div><h2 class="battle-history">Turn 2</h2><div class="chat chatmessage-blauebrause"><strong style="color:#6b66e4"><small>☆</small><span class="username" data-name="BlaueBrause">BlaueBrause</span>:</strong> <em>wow, so wenig Schaden</em></div><div class="spacer battle-history"><br></div><div class="battle-history">BlaueBrause withdrew Tapu Lele!<br></div><div class="battle-history">BlaueBrause sent out <strong>Gothitelle</strong>!<br></div><div class="battle-history">[The opposing Gothitelle's Frisk]<br><small>The opposing Gothitelle frisked Corviknight and found its Leftovers!</small><br></div><div class="spacer battle-history"><br></div><div class="battle-history">Corviknight used <strong>U-turn</strong>!<br></div><div class="battle-history"><small>It's super effective!</small><br></div><div class="battle-history"><small>(The opposing Gothitelle lost 22% of its health!)</small><br></div><div class="spacer battle-history"><br></div><div class="battle-history">Corviknight went back to ViZarPKMN!<br></div><div class="battle-history">Go! <strong>Nidoking</strong>!<br></div><div class="spacer battle-history"><br></div><h2 class="battle-history">Turn 3</h2><div class="spacer battle-history"><br></div><div class="battle-history">Nidoking used <strong>Sludge Wave</strong>!<br></div><div class="battle-history"><small>(The opposing Gothitelle lost 59% of its health!)</small><br></div><div class="spacer battle-history"><br></div><div class="battle-history">The opposing Gothitelle used <strong>Doom Desire</strong>!<br></div><div class="battle-history"><small>The opposing Gothitelle chose Doom Desire as its destiny!</small><br></div><div class="spacer battle-history"><br></div><h2 class="battle-history">Turn 4</h2><div class="spacer battle-history"><br></div><div class="battle-history">The opposing Gothitelle used <strong>Protect</strong>!<br></div><div class="battle-history"><small>The opposing Gothitelle protected itself!</small><br></div><div class="spacer battle-history"><br></div><div class="battle-history">Nidoking used <strong>Ice Beam</strong>!<br></div><div class="battle-history"><small>The opposing Gothitelle protected itself!</small><br></div><div class="spacer battle-history"><br></div><h2 class="battle-history">Turn 5</h2><div class="spacer battle-history"><br></div><div class="battle-history">BlaueBrause withdrew Gothitelle!<br></div><div class="battle-history">BlaueBrause sent out <strong>Gallade</strong>!<br></div><div class="spacer battle-history"><br></div><div class="battle-history">Nidoking used <strong>Sludge Wave</strong>!<br></div><div class="battle-history"><small>(The opposing Gallade lost 28% of its health!)</small><br></div><div class="spacer battle-history"><br></div><div class="battle-history"><small>Nidoking took the Doom Desire attack!</small><br></div><div class="battle-history"><small>(Nidoking lost <abbr title="−144/303">47.5%</abbr> of its health!)</small><br></div><div class="battle-history"><small>The weirdness disappeared from the battlefield!</small><br></div><div class="spacer battle-history"><br></div><h2 class="battle-history">Turn 6</h2><div class="spacer battle-history"><br></div><div class="battle-history">Nidoking used <strong>Earth Power</strong>!<br></div><div class="battle-history"><small>(The opposing Gallade lost 25% of its health!)</small><br></div><div class="spacer battle-history"><br></div><div class="battle-history">The opposing Gallade used <strong>Knock Off</strong>!<br></div><div class="battle-history"><small>(Nidoking lost <abbr title="−110/303">36.3%</abbr> of its health!)</small><br></div><div class="battle-history"><small>The opposing Gallade knocked off Nidoking's Life Orb!</small><br></div><div class="spacer battle-history"><br></div><h2 class="battle-history">Turn 7</h2><div class="spacer battle-history"><br></div><div class="battle-history">Nidoking, come back!<br></div><div class="battle-history">Go! <strong>Gliscor</strong>!<br></div><div class="spacer battle-history"><br></div><div class="battle-history">The opposing Gallade used <strong>Drain Punch</strong>!<br></div><div class="battle-history"><small>It's not very effective...</small><br></div><div class="battle-history"><small>(Gliscor lost <abbr title="−36/353">10.2%</abbr> of its health!)</small><br></div><div class="battle-history"><small>Gliscor had its energy drained!</small><br></div><div class="spacer battle-history"><br></div><div class="battle-history"><small>Gliscor was badly poisoned!</small><br></div><div class="spacer battle-history"><br></div><h2 class="battle-history">Turn 8</h2><div class="spacer battle-history"><br></div><div class="battle-history">BlaueBrause withdrew Gallade!<br></div><div class="battle-history">BlaueBrause sent out <strong>Latias</strong>!<br></div><div class="spacer battle-history"><br></div><div class="battle-history">Gliscor used <strong>Earthquake</strong>!<br></div><div class="battle-history">[The opposing Latias's Levitate]<br><small>It doesn't affect the opposing Latias...</small><br></div><div class="spacer battle-history"><br></div><div class="battle-history">[Gliscor's Poison Heal]<br><small>Gliscor had its HP restored.</small><br></div><div class="spacer battle-history"><br></div><h2 class="battle-history">Turn 9</h2><div class="spacer battle-history"><br></div><div class="battle-history">Gliscor, come back!<br></div><div class="battle-history">Go! <strong>Corviknight</strong>!<br></div><div class="battle-history">[Corviknight's Pressure]<br><small>Corviknight is exerting its pressure!</small><br></div><div class="spacer battle-history"><br></div><div class="battle-history">The opposing Latias used <strong>Ice Beam</strong>!<br></div><div class="battle-history"><small>(Corviknight lost <abbr title="−74/399">18.5%</abbr> of its health!)</small><br></div><div class="spacer battle-history"><br></div><div class="battle-history"><small>Corviknight restored a little HP using its Leftovers!</small><br></div><div class="spacer battle-history"><br></div><h2 class="battle-history">Turn 10</h2><div class="spacer battle-history"><br></div><div class="battle-history">The opposing Latias used <strong>Thunderbolt</strong>!<br></div><div class="battle-history"><small>It's super effective!</small><br></div><div class="battle-history"><small>(Corviknight lost <abbr title="−130/399">32.6%</abbr> of its health!)</small><br></div><div class="battle-history"><small>Corviknight is paralyzed! It may be unable to move!</small><br></div><div class="spacer battle-history"><br></div><div class="battle-history">Corviknight used <strong>U-turn</strong>!<br></div><div class="battle-history"><small>It's super effective!</small><br></div><div class="battle-history"><small>(The opposing Latias lost 34% of its health!)</small><br></div><div class="spacer battle-history"><br></div><div class="battle-history">Corviknight went back to ViZarPKMN!<br></div><div class="battle-history">Go! <strong>Delibird</strong>!<br></div><div class="spacer battle-history"><br></div><div class="battle-history"><small>The opposing Latias restored a little HP using its Leftovers!</small><br></div><div class="spacer battle-history"><br></div><h2 class="battle-history">Turn 11</h2><div class="spacer battle-history"><br></div><div class="battle-history"><small>Delibird's Delibirdite is reacting to the Key Stone!</small><br>Delibird has Mega Evolved into Mega Delibird!<br></div><div class="battle-history">[Delibird's Spirit of Giving]<br></div><div class="battle-history"><small>Nidoking obtained one Life Orb.</small><br></div><div class="chat"><ul class="utilichart"><li class="result"><span class="col pokemonnamecol" style="white-space: nowrap">Delibird-Mega</span> <span class="col typecol"><img src="https://play.pokemonshowdown.com/sprites/types/Ice.png" alt="Ice" height="14" width="32"><img src="https://play.pokemonshowdown.com/sprites/types/Flying.png" alt="Flying" height="14" width="32"></span> <span style="float: left ; min-height: 26px"><span class="col abilitycol">Spirit of Giving</span><span class="col abilitycol"></span></span><span style="float: left ; min-height: 26px"><span class="col statcol"><em>HP</em><br>45</span> <span class="col statcol"><em>Atk</em><br>25</span> <span class="col statcol"><em>Def</em><br>120</span> <span class="col statcol"><em>SpA</em><br>85</span> <span class="col statcol"><em>SpD</em><br>120</span> <span class="col statcol"><em>Spe</em><br>35</span> </span></li><li style="clear: both"></li></ul></div><div class="spacer battle-history"><br></div><div class="battle-history">The opposing Latias used <strong>Thunderbolt</strong>!<br></div><div class="battle-history"><small>It's super effective!</small><br></div><div class="battle-history"><small>(Delibird lost <abbr title="−132/293">45.1%</abbr> of its health!)</small><br></div><div class="spacer battle-history"><br></div><div class="battle-history">Delibird used <strong>U-turn</strong>!<br></div><div class="battle-history"><small>It's super effective!</small><br></div><div class="battle-history"><small>(The opposing Latias lost 13% of its health!)</small><br></div><div class="spacer battle-history"><br></div><div class="battle-history">Delibird went back to ViZarPKMN!<br></div><div class="battle-history">Go! <strong>Latias</strong>!<br></div><div class="spacer battle-history"><br></div><div class="battle-history"><small>The opposing Latias restored a little HP using its Leftovers!</small><br></div><div class="spacer battle-history"><br></div><h2 class="battle-history">Turn 12</h2><div class="spacer battle-history"><br></div><div class="battle-history">BlaueBrause withdrew Latias!<br></div><div class="battle-history">BlaueBrause sent out <strong>Tapu Lele</strong>!<br></div><div class="battle-history">[The opposing Tapu Lele's Psychic Surge]<br><small>The battlefield got weird!</small><br></div><div class="spacer battle-history"><br></div><div class="battle-history">Latias used <strong>Draco Meteor</strong>!<br></div><div class="battle-history"><small>It doesn't affect the opposing Tapu Lele...</small><br></div><div class="spacer battle-history"><br></div><h2 class="battle-history">Turn 13</h2><div class="spacer battle-history"><br></div><div class="battle-history">Latias, come back!<br></div><div class="battle-history">Go! <strong>Corviknight</strong>!<br></div><div class="battle-history">[Corviknight's Pressure]<br><small>Corviknight is exerting its pressure!</small><br></div><div class="spacer battle-history"><br></div><div class="battle-history">BlaueBrause withdrew Tapu Lele!<br></div><div class="battle-history">BlaueBrause sent out <strong>Gothitelle</strong>!<br></div><div class="battle-history">[The opposing Gothitelle's Frisk]<br><small>The opposing Gothitelle frisked Corviknight and found its Leftovers!</small><br></div><div class="spacer battle-history"><br></div><div class="battle-history"><small>Corviknight restored a little HP using its Leftovers!</small><br></div><div class="spacer battle-history"><br></div><h2 class="battle-history">Turn 14</h2><div class="spacer battle-history"><br></div><div class="battle-history"><small>The opposing Gothitelle's Gothitite is reacting to the Key Stone!</small><br>The opposing Gothitelle has Mega Evolved into Mega Gothitelle!<br></div><div class="chat"><ul class="utilichart"><li class="result"><span class="col pokemonnamecol" style="white-space: nowrap">Gothitelle-Mega</span> <span class="col typecol"><img src="https://play.pokemonshowdown.com/sprites/types/Psychic.png" alt="Psychic" height="14" width="32"><img src="https://play.pokemonshowdown.com/sprites/types/Steel.png" alt="Steel" height="14" width="32"></span> <span style="float: left ; min-height: 26px"><span class="col abilitycol">Magic Guard</span><span class="col abilitycol"></span></span><span style="float: left ; min-height: 26px"><span class="col statcol"><em>HP</em><br>70</span> <span class="col statcol"><em>Atk</em><br>55</span> <span class="col statcol"><em>Def</em><br>120</span> <span class="col statcol"><em>SpA</em><br>130</span> <span class="col statcol"><em>SpD</em><br>150</span> <span class="col statcol"><em>Spe</em><br>65</span> </span></li><li style="clear: both"></li></ul></div><div class="spacer battle-history"><br></div><div class="battle-history">The opposing Gothitelle used <strong>Wish</strong>!<br></div><div class="spacer battle-history"><br></div><div class="battle-history">Corviknight used <strong>Roost</strong>!<br></div><div class="battle-history"><small>Corviknight had its HP restored.</small><br></div><div class="battle-history"><small>(Corviknight loses Flying type this turn.)</small><br></div><div class="spacer battle-history"><br></div><div class="battle-history"><small>Corviknight restored a little HP using its Leftovers!</small><br></div><div class="spacer battle-history"><br></div><h2 class="battle-history">Turn 15</h2><div class="spacer battle-history"><br></div><div class="battle-history">Corviknight, come back!<br></div><div class="battle-history">Go! <strong>Nidoking</strong>!<br></div><div class="spacer battle-history"><br></div><div class="battle-history">The opposing Gothitelle used <strong>Doom Desire</strong>!<br></div><div class="battle-history"><small>The opposing Gothitelle chose Doom Desire as its destiny!</small><br></div><div class="spacer battle-history"><br></div><div class="battle-history"><small>Gothitelle's wish came true!</small><br></div><div class="spacer battle-history"><br></div><h2 class="battle-history">Turn 16</h2><div class="spacer battle-history"><br></div><div class="battle-history">The opposing Gothitelle used <strong>Protect</strong>!<br></div><div class="battle-history"><small>The opposing Gothitelle protected itself!</small><br></div><div class="spacer battle-history"><br></div><div class="battle-history">Nidoking used <strong>Sludge Wave</strong>!<br></div><div class="battle-history"><small>The opposing Gothitelle protected itself!</small><br></div><div class="spacer battle-history"><br></div><div class="battle-history"><small>The weirdness disappeared from the battlefield!</small><br></div><div class="spacer battle-history"><br></div><h2 class="battle-history">Turn 17</h2><div class="spacer battle-history"><br></div><div class="battle-history">BlaueBrause withdrew Gothitelle!<br></div><div class="battle-history">BlaueBrause sent out <strong>Latias</strong>!<br></div><div class="spacer battle-history"><br></div><div class="battle-history">Nidoking used <strong>Sludge Wave</strong>!<br></div><div class="battle-history"><small>(The opposing Latias lost 53% of its health!)</small><br></div><div class="spacer battle-history"><br></div><div class="battle-history"><small>Nidoking took the Doom Desire attack!</small><br></div><div class="battle-history"><small>(Nidoking lost <abbr title="−49/303">16.2%</abbr> of its health!)</small><br></div><div class="battle-history"><small>The opposing Latias restored a little HP using its Leftovers!</small><br></div><div class="spacer battle-history"><br></div><div class="battle-history">Nidoking fainted!<br></div><div class="spacer battle-history"><br></div><div class="battle-history">Go! <strong>Swampert</strong>!<br></div><div class="spacer battle-history"><br></div><h2 class="battle-history">Turn 18</h2><div class="spacer battle-history"><br></div><div class="battle-history">The opposing Latias used <strong>Roost</strong>!<br></div><div class="battle-history"><small>The opposing Latias had its HP restored.</small><br></div><div class="spacer battle-history"><br></div><div class="battle-history">Swampert used <strong>Stealth Rock</strong>!<br></div><div class="battle-history"><small>Pointed stones float in the air around the opposing team!</small><br></div><div class="spacer battle-history"><br></div><div class="battle-history"><small>The opposing Latias restored a little HP using its Leftovers!</small><br></div><div class="spacer battle-history"><br></div><h2 class="battle-history">Turn 19</h2><div class="spacer battle-history"><br></div><div class="battle-history">The opposing Latias used <strong>Defog</strong>!<br></div><div class="battle-history"><small>Swampert's evasiveness fell!</small><br></div><div class="battle-history"><small>The pointed stones disappeared from around the opposing team!</small><br></div><div class="spacer battle-history"><br></div><div class="battle-history">Swampert used <strong>Flip Turn</strong>!<br></div><div class="battle-history"><small>It's not very effective...</small><br></div><div class="battle-history"><small>(The opposing Latias lost 12% of its health!)</small><br></div><div class="spacer battle-history"><br></div><div class="battle-history">Swampert, come back!<br></div><div class="battle-history">Go! <strong>Latias</strong>!<br></div><div class="spacer battle-history"><br></div><div class="battle-history"><small>The opposing Latias restored a little HP using its Leftovers!</small><br></div><div class="spacer battle-history"><br></div><h2 class="battle-history">Turn 20</h2><div class="spacer battle-history"><br></div><div class="battle-history">BlaueBrause withdrew Latias!<br></div><div class="battle-history">BlaueBrause sent out <strong>Tapu Lele</strong>!<br></div><div class="battle-history">[The opposing Tapu Lele's Psychic Surge]<br><small>The battlefield got weird!</small><br></div><div class="spacer battle-history"><br></div><div class="battle-history">Latias used <strong>Psyshock</strong>!<br></div><div class="battle-history"><small>It's not very effective...</small><br></div><div class="battle-history"><small>(The opposing Tapu Lele lost 27% of its health!)</small><br></div><div class="spacer battle-history"><br></div><h2 class="battle-history">Turn 21</h2><div class="spacer battle-history"><br></div><div class="battle-history">BlaueBrause withdrew Tapu Lele!<br></div><div class="battle-history">BlaueBrause sent out Gothitelle (<strong>Gothitelle-Mega</strong>)!<br></div><div class="spacer battle-history"><br></div><div class="battle-history">Latias used <strong>Psyshock</strong>!<br></div><div class="battle-history"><small>It's not very effective...</small><br></div><div class="battle-history"><small>(The opposing Gothitelle lost 7% of its health!)</small><br></div><div class="spacer battle-history"><br></div><h2 class="battle-history">Turn 22</h2><div class="spacer battle-history"><br></div><div class="battle-history">Latias, come back!<br></div><div class="battle-history">Go! <strong>Corviknight</strong>!<br></div><div class="battle-history">[Corviknight's Pressure]<br><small>Corviknight is exerting its pressure!</small><br></div><div class="spacer battle-history"><br></div><div class="battle-history">The opposing Gothitelle used <strong>Doom Desire</strong>!<br></div><div class="battle-history"><small>The opposing Gothitelle chose Doom Desire as its destiny!</small><br></div><div class="spacer battle-history"><br></div><h2 class="battle-history">Turn 23</h2><div class="spacer battle-history"><br></div><div class="battle-history">The opposing Gothitelle used <strong>Wish</strong>!<br></div><div class="spacer battle-history"><br></div><div class="battle-history">Corviknight is paralyzed! It can't move!<br></div><div class="spacer battle-history"><br></div><h2 class="battle-history">Turn 24</h2><div class="chat message-error">[Invalid choice] Sorry, too late to cancel; the next turn has already started</div><div class="spacer battle-history"><br></div><div class="battle-history">The opposing Gothitelle used <strong>Protect</strong>!<br></div><div class="battle-history"><small>The opposing Gothitelle protected itself!</small><br></div><div class="spacer battle-history"><br></div><div class="battle-history">Corviknight used <strong>U-turn</strong>!<br></div><div class="battle-history"><small>The opposing Gothitelle protected itself!</small><br></div><div class="spacer battle-history"><br></div><div class="battle-history"><small>Corviknight took the Doom Desire attack!</small><br></div><div class="battle-history"><small>It's not very effective...</small><br></div><div class="battle-history"><small>(Corviknight lost <abbr title="−81/399">20.3%</abbr> of its health!)</small><br></div><div class="battle-history"><small>Gothitelle's wish came true!</small><br></div><div class="battle-history"><small>Corviknight restored a little HP using its Leftovers!</small><br></div><div class="battle-history"><small>The weirdness disappeared from the battlefield!</small><br></div><div class="spacer battle-history"><br></div><h2 class="battle-history">Turn 25</h2><div class="spacer battle-history"><br></div><div class="battle-history">Corviknight is paralyzed! It can't move!<br></div><div class="spacer battle-history"><br></div><div class="battle-history">The opposing Gothitelle used <strong>Teleport</strong>!<br></div><div class="spacer battle-history"><br></div><div class="battle-history">BlaueBrause withdrew Gothitelle!<br></div><div class="battle-history">BlaueBrause sent out <strong>Victini</strong>!<br></div><div class="spacer battle-history"><br></div><div class="battle-history"><small>Corviknight restored a little HP using its Leftovers!</small><br></div><div class="spacer battle-history"><br></div><h2 class="battle-history">Turn 26</h2><div class="spacer battle-history"><br></div><div class="battle-history">Corviknight went back to ViZarPKMN!<br></div><div class="battle-history">Go! <strong>Gliscor</strong>!<br></div><div class="spacer battle-history"><br></div><div class="battle-history">The opposing Victini used <strong>V-create</strong>!<br></div><div class="battle-history"><small>(Gliscor lost <abbr title="−193/353">54.7%</abbr> of its health!)</small><br></div><div class="battle-history"><small>The opposing Victini's Speed fell!</small><br></div><div class="battle-history"><small>The opposing Victini's Defense fell!</small><br></div><div class="battle-history"><small>The opposing Victini's Sp. Def fell!</small><br></div><div class="spacer battle-history"><br></div><div class="battle-history">[Gliscor's Poison Heal]<br><small>Gliscor had its HP restored.</small><br></div><div class="spacer battle-history"><br></div><h2 class="battle-history">Turn 27</h2><div class="spacer battle-history"><br></div><div class="battle-history">BlaueBrause withdrew Victini!<br></div><div class="battle-history">BlaueBrause sent out <strong>Latias</strong>!<br></div><div class="spacer battle-history"><br></div><div class="battle-history">Gliscor, come back!<br></div><div class="battle-history">Go! <strong>Swampert</strong>!<br></div><div class="spacer battle-history"><br></div><div class="battle-history"><small>The opposing Latias restored a little HP using its Leftovers!</small><br></div><div class="spacer battle-history"><br></div><h2 class="battle-history">Turn 28</h2><div class="spacer battle-history"><br></div><div class="battle-history">The opposing Latias used <strong>Ice Beam</strong>!<br></div><div class="battle-history"><small>(Swampert lost <abbr title="−89/404">22.0%</abbr> of its health!)</small><br></div><div class="spacer battle-history"><br></div><div class="battle-history">Swampert used <strong>Flip Turn</strong>!<br></div><div class="battle-history"><small>It's not very effective...</small><br></div><div class="battle-history"><small>(The opposing Latias lost 13% of its health!)</small><br></div><div class="spacer battle-history"><br></div><div class="battle-history">Swampert, come back!<br></div><div class="battle-history">Go! <strong>Latias</strong>!<br></div><div class="spacer battle-history"><br></div><div class="battle-history"><small>The opposing Latias restored a little HP using its Leftovers!</small><br></div><div class="spacer battle-history"><br></div><h2 class="battle-history">Turn 29</h2><div class="spacer battle-history"><br></div><div class="battle-history">BlaueBrause withdrew Latias!<br></div><div class="battle-history">BlaueBrause sent out Gothitelle (<strong>Gothitelle-Mega</strong>)!<br></div><div class="spacer battle-history"><br></div><div class="battle-history">Latias used <strong>Mystical Fire</strong>!<br></div><div class="battle-history"><small>It's super effective!</small><br></div><div class="battle-history"><small>A critical hit!</small><br></div><div class="battle-history"><small>(The opposing Gothitelle lost 50% of its health!)</small><br></div><div class="battle-history"><small>The opposing Gothitelle's Sp. Atk fell!</small><br></div><div class="spacer battle-history"><br></div><h2 class="battle-history">Turn 30</h2><div class="spacer battle-history"><br></div><div class="battle-history">Latias used <strong>Mystical Fire</strong>!<br></div><div class="battle-history"><small>It's super effective!</small><br></div><div class="battle-history"><small>(The opposing Gothitelle lost 32% of its health!)</small><br></div><div class="battle-history"><small>The opposing Gothitelle's Sp. Atk fell!</small><br></div><div class="spacer battle-history"><br></div><div class="battle-history">The opposing Gothitelle used <strong>Wish</strong>!<br></div><div class="spacer battle-history"><br></div><h2 class="battle-history">Turn 31</h2><div class="spacer battle-history"><br></div><div class="battle-history">Latias, come back!<br></div><div class="battle-history">Go! <strong>Swampert</strong>!<br></div><div class="spacer battle-history"><br></div><div class="battle-history">The opposing Gothitelle used <strong>Protect</strong>!<br></div><div class="battle-history"><small>But it failed!</small><br></div><div class="spacer battle-history"><br></div><div class="battle-history"><small>Gothitelle's wish came true!</small><br></div><div class="battle-history"><small>Swampert restored a little HP using its Leftovers!</small><br></div><div class="spacer battle-history"><br></div><h2 class="battle-history">Turn 32</h2><div class="chat message-error">BlaueBrause has 270 seconds left.</div><div class="spacer battle-history"><br></div><div class="battle-history">BlaueBrause withdrew Gothitelle!<br></div><div class="battle-history">BlaueBrause sent out <strong>Latias</strong>!<br></div><div class="spacer battle-history"><br></div><div class="battle-history">Swampert used <strong>Flip Turn</strong>!<br></div><div class="battle-history"><small>It's not very effective...</small><br></div><div class="battle-history"><small>(The opposing Latias lost 13% of its health!)</small><br></div><div class="spacer battle-history"><br></div><div class="battle-history">Swampert, come back!<br></div><div class="battle-history">Go! <strong>Latias</strong>!<br></div><div class="spacer battle-history"><br></div><div class="battle-history"><small>The opposing Latias restored a little HP using its Leftovers!</small><br></div><div class="spacer battle-history"><br></div><h2 class="battle-history">Turn 33</h2><div class="spacer battle-history"><br></div><div class="battle-history">BlaueBrause withdrew Latias!<br></div><div class="battle-history">BlaueBrause sent out Gothitelle (<strong>Gothitelle-Mega</strong>)!<br></div><div class="spacer battle-history"><br></div><div class="battle-history">Latias used <strong>Mystical Fire</strong>!<br></div><div class="battle-history"><small>It's super effective!</small><br></div><div class="battle-history"><small>(The opposing Gothitelle lost 35% of its health!)</small><br></div><div class="battle-history"><small>The opposing Gothitelle's Sp. Atk fell!</small><br></div><div class="spacer battle-history"><br></div><h2 class="battle-history">Turn 34</h2><div class="spacer battle-history"><br></div><div class="battle-history">BlaueBrause withdrew Gothitelle!<br></div><div class="battle-history">BlaueBrause sent out <strong>Victini</strong>!<br></div><div class="spacer battle-history"><br></div><div class="battle-history">Latias used <strong>Mystical Fire</strong>!<br></div><div class="battle-history"><small>It's not very effective...</small><br></div><div class="battle-history"><small>(The opposing Victini lost 11% of its health!)</small><br></div><div class="battle-history"><small>The opposing Victini's Sp. Atk fell!</small><br></div><div class="spacer battle-history"><br></div><h2 class="battle-history">Turn 35</h2><div class="spacer battle-history"><br></div><div class="battle-history">Latias, come back!<br></div><div class="battle-history">Go! <strong>Swampert</strong>!<br></div><div class="spacer battle-history"><br></div><div class="battle-history">The opposing Victini used <strong>U-turn</strong>!<br></div><div class="battle-history"><small>(Swampert lost <abbr title="−53/404">13.1%</abbr> of its health!)</small><br></div><div class="spacer battle-history"><br></div><div class="battle-history">The opposing Victini went back to BlaueBrause!<br></div><div class="battle-history">BlaueBrause sent out <strong>Tapu Lele</strong>!<br></div><div class="battle-history">[The opposing Tapu Lele's Psychic Surge]<br><small>The battlefield got weird!</small><br></div><div class="spacer battle-history"><br></div><div class="battle-history"><small>Swampert restored a little HP using its Leftovers!</small><br></div><div class="spacer battle-history"><br></div><h2 class="battle-history">Turn 36</h2><div class="spacer battle-history"><br></div><div class="battle-history">The opposing Tapu Lele used <strong>Psychic</strong>!<br></div><div class="battle-history"><small>(Swampert lost <abbr title="−246/404">60.9%</abbr> of its health!)</small><br></div><div class="spacer battle-history"><br></div><div class="battle-history">Swampert used <strong>Earthquake</strong>!<br></div><div class="battle-history"><small>(The opposing Tapu Lele lost 52% of its health!)</small><br></div><div class="spacer battle-history"><br></div><div class="battle-history"><small>Swampert restored a little HP using its Leftovers!</small><br></div><div class="spacer battle-history"><br></div><h2 class="battle-history">Turn 37</h2><div class="spacer battle-history"><br></div><div class="battle-history">BlaueBrause withdrew Tapu Lele!<br></div><div class="battle-history">BlaueBrause sent out Gothitelle (<strong>Gothitelle-Mega</strong>)!<br></div><div class="spacer battle-history"><br></div><div class="battle-history">Swampert, come back!<br></div><div class="battle-history">Go! <strong>Corviknight</strong>!<br></div><div class="battle-history">[Corviknight's Pressure]<br><small>Corviknight is exerting its pressure!</small><br></div><div class="spacer battle-history"><br></div><div class="battle-history"><small>Corviknight restored a little HP using its Leftovers!</small><br></div><div class="spacer battle-history"><br></div><h2 class="battle-history">Turn 38</h2><div class="spacer battle-history"><br></div><div class="battle-history">The opposing Gothitelle used <strong>Wish</strong>!<br></div><div class="spacer battle-history"><br></div><div class="battle-history">Corviknight used <strong>U-turn</strong>!<br></div><div class="battle-history"><small>(The opposing Gothitelle lost 9% of its health!)</small><br></div><div class="spacer battle-history"><br></div><div class="battle-history">Corviknight went back to ViZarPKMN!<br></div><div class="battle-history">Go! <strong>Swampert</strong>!<br></div><div class="spacer battle-history"><br></div><div class="battle-history"><small>Swampert restored a little HP using its Leftovers!</small><br></div><div class="spacer battle-history"><br></div><h2 class="battle-history">Turn 39</h2><div class="spacer battle-history"><br></div><div class="battle-history">The opposing Gothitelle used <strong>Protect</strong>!<br></div><div class="battle-history"><small>The opposing Gothitelle protected itself!</small><br></div><div class="spacer battle-history"><br></div><div class="battle-history">Swampert used <strong>Stealth Rock</strong>!<br></div><div class="battle-history"><small>Pointed stones float in the air around the opposing team!</small><br></div><div class="spacer battle-history"><br></div><div class="battle-history"><small>Gothitelle's wish came true!</small><br></div><div class="battle-history"><small>Swampert restored a little HP using its Leftovers!</small><br></div><div class="battle-history"><small>The weirdness disappeared from the battlefield!</small><br></div><div class="spacer battle-history"><br></div><h2 class="battle-history">Turn 40</h2><div class="spacer battle-history"><br></div><div class="battle-history">The opposing Gothitelle used <strong>Wish</strong>!<br></div><div class="spacer battle-history"><br></div><div class="battle-history">Swampert used <strong>Earthquake</strong>!<br></div><div class="battle-history"><small>It's super effective!</small><br></div><div class="battle-history"><small>(The opposing Gothitelle lost 46% of its health!)</small><br></div><div class="spacer battle-history"><br></div><div class="battle-history"><small>Swampert restored a little HP using its Leftovers!</small><br></div><div class="spacer battle-history"><br></div><h2 class="battle-history">Turn 41</h2><div class="spacer battle-history"><br></div><div class="battle-history">The opposing Gothitelle used <strong>Protect</strong>!<br></div><div class="battle-history"><small>The opposing Gothitelle protected itself!</small><br></div><div class="spacer battle-history"><br></div><div class="battle-history">Swampert used <strong>Earthquake</strong>!<br></div><div class="battle-history"><small>The opposing Gothitelle protected itself!</small><br></div><div class="spacer battle-history"><br></div><div class="battle-history"><small>Gothitelle's wish came true!</small><br></div><div class="battle-history"><small>Swampert restored a little HP using its Leftovers!</small><br></div><div class="spacer battle-history"><br></div><h2 class="battle-history">Turn 42</h2><div class="spacer battle-history"><br></div><div class="battle-history">BlaueBrause withdrew Gothitelle!<br></div><div class="battle-history">BlaueBrause sent out <strong>Latias</strong>!<br></div><div class="battle-history"><small>Pointed stones dug into the opposing Latias!</small><br></div><div class="spacer battle-history"><br></div><div class="battle-history">Swampert used <strong>Earthquake</strong>!<br></div><div class="battle-history">[The opposing Latias's Levitate]<br><small>It doesn't affect the opposing Latias...</small><br></div><div class="spacer battle-history"><br></div><div class="battle-history"><small>The opposing Latias restored a little HP using its Leftovers!</small><br></div><div class="battle-history"><small>Swampert restored a little HP using its Leftovers!</small><br></div><div class="spacer battle-history"><br></div><h2 class="battle-history">Turn 43</h2><div class="chat message-error">[Invalid choice] There's nothing to cancel</div><div class="spacer battle-history"><br></div><div class="battle-history">The opposing Latias used <strong>Defog</strong>!<br></div><div class="battle-history"><small>Swampert's evasiveness fell!</small><br></div><div class="battle-history"><small>The pointed stones disappeared from around the opposing team!</small><br></div><div class="spacer battle-history"><br></div><div class="battle-history">Swampert used <strong>Flip Turn</strong>!<br></div><div class="battle-history"><small>It's not very effective...</small><br></div><div class="battle-history"><small>(The opposing Latias lost 11% of its health!)</small><br></div><div class="spacer battle-history"><br></div><div class="battle-history">Swampert, come back!<br></div><div class="battle-history">Go! <strong>Latias</strong>!<br></div><div class="spacer battle-history"><br></div><div class="battle-history"><small>The opposing Latias restored a little HP using its Leftovers!</small><br></div><div class="spacer battle-history"><br></div><h2 class="battle-history">Turn 44</h2><div class="spacer battle-history"><br></div><div class="battle-history">BlaueBrause withdrew Latias!<br></div><div class="battle-history">BlaueBrause sent out <strong>Meloetta</strong>!<br></div><div class="spacer battle-history"><br></div><div class="battle-history">Latias used <strong>Draco Meteor</strong>!<br></div><div class="battle-history"><small>(The opposing Meloetta lost 26% of its health!)</small><br></div><div class="battle-history"><small>Latias's Sp. Atk fell harshly!</small><br></div><div class="spacer battle-history"><br></div><h2 class="battle-history">Turn 45</h2><div class="spacer battle-history"><br></div><div class="battle-history">Latias, come back!<br></div><div class="battle-history">Go! <strong>Corviknight</strong>!<br></div><div class="battle-history">[Corviknight's Pressure]<br><small>Corviknight is exerting its pressure!</small><br></div><div class="spacer battle-history"><br></div><div class="battle-history">The opposing Meloetta used <strong>U-turn</strong>!<br></div><div class="battle-history"><small>It's not very effective...</small><br></div><div class="battle-history"><small>(Corviknight lost <abbr title="−10/399">2.5%</abbr> of its health!)</small><br></div><div class="spacer battle-history"><br></div><div class="battle-history">The opposing Meloetta went back to BlaueBrause!<br></div><div class="battle-history">BlaueBrause sent out <strong>Victini</strong>!<br></div><div class="spacer battle-history"><br></div><div class="battle-history"><small>Corviknight restored a little HP using its Leftovers!</small><br></div><div class="spacer battle-history"><br></div><h2 class="battle-history">Turn 46</h2><div class="spacer battle-history"><br></div><div class="battle-history">Corviknight, come back!<br></div><div class="battle-history">Go! <strong>Gliscor</strong>!<br></div><div class="spacer battle-history"><br></div><div class="battle-history">The opposing Victini used <strong>V-create</strong>!<br></div><div class="battle-history"><small>(Gliscor lost <abbr title="−171/353">48.4%</abbr> of its health!)</small><br></div><div class="battle-history"><small>The opposing Victini's Speed fell!</small><br></div><div class="battle-history"><small>The opposing Victini's Defense fell!</small><br></div><div class="battle-history"><small>The opposing Victini's Sp. Def fell!</small><br></div><div class="spacer battle-history"><br></div><div class="battle-history">[Gliscor's Poison Heal]<br><small>Gliscor had its HP restored.</small><br></div><div class="spacer battle-history"><br></div><h2 class="battle-history">Turn 47</h2><div class="spacer battle-history"><br></div><div class="battle-history">The opposing Victini used <strong>V-create</strong>!<br></div><div class="battle-history"><small>(Gliscor lost <abbr title="−77/353">21.8%</abbr> of its health!)</small><br></div><div class="battle-history"><small>The opposing Victini's Speed fell!</small><br></div><div class="battle-history"><small>The opposing Victini's Defense fell!</small><br></div><div class="battle-history"><small>The opposing Victini's Sp. Def fell!</small><br></div><div class="spacer battle-history"><br></div><div class="battle-history">Gliscor fainted!<br></div><div class="spacer battle-history"><br></div><div class="battle-history">Go! <strong>Swampert</strong>!<br></div><div class="spacer battle-history"><br></div><h2 class="battle-history">Turn 48</h2><div class="spacer battle-history"><br></div><div class="battle-history">BlaueBrause withdrew Victini!<br></div><div class="battle-history">BlaueBrause sent out <strong>Latias</strong>!<br></div><div class="spacer battle-history"><br></div><div class="battle-history">Swampert used <strong>Flip Turn</strong>!<br></div><div class="battle-history"><small>It's not very effective...</small><br></div><div class="battle-history"><small>(The opposing Latias lost 12% of its health!)</small><br></div><div class="spacer battle-history"><br></div><div class="battle-history">Swampert, come back!<br></div><div class="battle-history">Go! <strong>Latias</strong>!<br></div><div class="spacer battle-history"><br></div><div class="battle-history"><small>The opposing Latias restored a little HP using its Leftovers!</small><br></div><div class="spacer battle-history"><br></div><h2 class="battle-history">Turn 49</h2><div class="spacer battle-history"><br></div><div class="battle-history">BlaueBrause withdrew Latias!<br></div><div class="battle-history">BlaueBrause sent out Gothitelle (<strong>Gothitelle-Mega</strong>)!<br></div><div class="spacer battle-history"><br></div><div class="battle-history">Latias used <strong>Mystical Fire</strong>!<br></div><div class="battle-history"><small>It's super effective!</small><br></div><div class="battle-history"><small>(The opposing Gothitelle lost 32% of its health!)</small><br></div><div class="battle-history"><small>The opposing Gothitelle's Sp. Atk fell!</small><br></div><div class="spacer battle-history"><br></div><h2 class="battle-history">Turn 50</h2><div class="spacer battle-history"><br></div><div class="battle-history">Latias, come back!<br></div><div class="battle-history">Go! <strong>Swampert</strong>!<br></div><div class="spacer battle-history"><br></div><div class="battle-history">The opposing Gothitelle used <strong>Wish</strong>!<br></div><div class="spacer battle-history"><br></div><div class="battle-history"><small>Swampert restored a little HP using its Leftovers!</small><br></div><div class="spacer battle-history"><br></div><h2 class="battle-history">Turn 51</h2><div class="spacer battle-history"><br></div><div class="battle-history">BlaueBrause withdrew Gothitelle!<br></div><div class="battle-history">BlaueBrause sent out <strong>Tapu Lele</strong>!<br></div><div class="battle-history">[The opposing Tapu Lele's Psychic Surge]<br><small>The battlefield got weird!</small><br></div><div class="spacer battle-history"><br></div><div class="battle-history">Swampert used <strong>Stealth Rock</strong>!<br></div><div class="battle-history"><small>Pointed stones float in the air around the opposing team!</small><br></div><div class="spacer battle-history"><br></div><div class="battle-history"><small>Gothitelle's wish came true!</small><br></div><div class="battle-history"><small>Swampert restored a little HP using its Leftovers!</small><br></div><div class="spacer battle-history"><br></div><h2 class="battle-history">Turn 52</h2><div class="chat chatmessage-vizarpkmn mine"><strong style="color:#4f78c0"><small>☆</small><span class="username" data-name="ViZarPKMN">ViZarPKMN</span>:</strong> <em>wp</em></div><div class="chat chatmessage-blauebrause"><strong style="color:#6b66e4"><small>☆</small><span class="username" data-name="BlaueBrause">BlaueBrause</span>:</strong> <em>danke</em></div><div class="spacer battle-history"><br></div><div class="battle-history">The opposing Tapu Lele used <strong>Psychic</strong>!<br></div><div class="battle-history"><small>(Swampert lost <abbr title="−231/404">57.2%</abbr> of its health!)</small><br></div><div class="spacer battle-history"><br></div><div class="battle-history">Swampert used <strong>Earthquake</strong>!<br></div><div class="battle-history"><small>(The opposing Tapu Lele lost 54% of its health!)</small><br></div><div class="spacer battle-history"><br></div><div class="battle-history"><small>Swampert restored a little HP using its Leftovers!</small><br></div><div class="spacer battle-history"><br></div><h2 class="battle-history">Turn 53</h2><div class="spacer battle-history"><br></div><div class="battle-history">Swampert, come back!<br></div><div class="battle-history">Go! <strong>Corviknight</strong>!<br></div><div class="battle-history">[Corviknight's Pressure]<br><small>Corviknight is exerting its pressure!</small><br></div><div class="spacer battle-history"><br></div><div class="battle-history">The opposing Tapu Lele used <strong>Psychic</strong>!<br></div><div class="battle-history"><small>It's not very effective...</small><br></div><div class="battle-history"><small>(Corviknight lost <abbr title="−80/399">20.1%</abbr> of its health!)</small><br></div><div class="spacer battle-history"><br></div><div class="battle-history"><small>Corviknight restored a little HP using its Leftovers!</small><br></div><div class="spacer battle-history"><br></div><h2 class="battle-history">Turn 54</h2><div class="spacer battle-history"><br></div><div class="battle-history">BlaueBrause withdrew Tapu Lele!<br></div><div class="battle-history">BlaueBrause sent out Gothitelle (<strong>Gothitelle-Mega</strong>)!<br></div><div class="spacer battle-history"><br></div><div class="battle-history">Corviknight is paralyzed! It can't move!<br></div><div class="spacer battle-history"><br></div><div class="battle-history"><small>Corviknight restored a little HP using its Leftovers!</small><br></div><div class="spacer battle-history"><br></div><h2 class="battle-history">Turn 55</h2><div class="spacer battle-history"><br></div><div class="battle-history">Corviknight, come back!<br></div><div class="battle-history">Go! <strong>Swampert</strong>!<br></div><div class="spacer battle-history"><br></div><div class="battle-history">The opposing Gothitelle used <strong>Doom Desire</strong>!<br></div><div class="battle-history"><small>The opposing Gothitelle chose Doom Desire as its destiny!</small><br></div><div class="spacer battle-history"><br></div><div class="battle-history"><small>Swampert restored a little HP using its Leftovers!</small><br></div><div class="battle-history"><small>The weirdness disappeared from the battlefield!</small><br></div><div class="spacer battle-history"><br></div><h2 class="battle-history">Turn 56</h2><div class="spacer battle-history"><br></div><div class="battle-history">The opposing Gothitelle used <strong>Protect</strong>!<br></div><div class="battle-history"><small>The opposing Gothitelle protected itself!</small><br></div><div class="spacer battle-history"><br></div><div class="battle-history">Swampert used <strong>Earthquake</strong>!<br></div><div class="battle-history"><small>The opposing Gothitelle protected itself!</small><br></div><div class="spacer battle-history"><br></div><div class="battle-history"><small>Swampert restored a little HP using its Leftovers!</small><br></div><div class="spacer battle-history"><br></div><h2 class="battle-history">Turn 57</h2><div class="spacer battle-history"><br></div><div class="battle-history">BlaueBrause withdrew Gothitelle!<br></div><div class="battle-history">BlaueBrause sent out <strong>Latias</strong>!<br></div><div class="battle-history"><small>Pointed stones dug into the opposing Latias!</small><br></div><div class="spacer battle-history"><br></div><div class="battle-history">Swampert used <strong>Protect</strong>!<br></div><div class="battle-history"><small>But it failed!</small><br></div><div class="spacer battle-history"><br></div><div class="battle-history"><small>Swampert took the Doom Desire attack!</small><br></div><div class="battle-history"><small>It's not very effective...</small><br></div><div class="battle-history"><small>(Swampert lost <abbr title="−110/404">27.2%</abbr> of its health!)</small><br></div><div class="battle-history"><small>The opposing Latias restored a little HP using its Leftovers!</small><br></div><div class="spacer battle-history"><br></div><div class="battle-history">Swampert fainted!<br></div><div class="spacer battle-history"><br></div><div class="battle-history">Go! Delibird (<strong>Delibird-Mega</strong>)!<br></div><div class="spacer battle-history"><br></div><h2 class="battle-history">Turn 58</h2><div class="spacer battle-history"><br></div><div class="battle-history">The opposing Latias used <strong>Roost</strong>!<br></div><div class="battle-history"><small>The opposing Latias had its HP restored.</small><br></div><div class="spacer battle-history"><br></div><div class="battle-history">Delibird used <strong>Roost</strong>!<br></div><div class="battle-history"><small>Delibird had its HP restored.</small><br></div><div class="spacer battle-history"><br></div><div class="battle-history"><small>The opposing Latias restored a little HP using its Leftovers!</small><br></div><div class="spacer battle-history"><br></div><h2 class="battle-history">Turn 59</h2><div class="spacer battle-history"><br></div><div class="battle-history">The opposing Latias used <strong>Defog</strong>!<br></div><div class="battle-history"><small>Delibird's evasiveness fell!</small><br></div><div class="battle-history"><small>The pointed stones disappeared from around the opposing team!</small><br></div><div class="spacer battle-history"><br></div><div class="battle-history">Delibird used <strong>U-turn</strong>!<br></div><div class="battle-history"><small>It's super effective!</small><br></div><div class="battle-history"><small>(The opposing Latias lost 13% of its health!)</small><br></div><div class="spacer battle-history"><br></div><div class="battle-history">Delibird went back to ViZarPKMN!<br></div><div class="battle-history">Go! <strong>Latias</strong>!<br></div><div class="spacer battle-history"><br></div><div class="battle-history"><small>The opposing Latias restored a little HP using its Leftovers!</small><br></div><div class="spacer battle-history"><br></div><h2 class="battle-history">Turn 60</h2><div class="spacer battle-history"><br></div><div class="battle-history">BlaueBrause withdrew Latias!<br></div><div class="battle-history">BlaueBrause sent out <strong>Meloetta</strong>!<br></div><div class="spacer battle-history"><br></div><div class="battle-history">Latias used <strong>Mystical Fire</strong>!<br></div><div class="battle-history"><small>(The opposing Meloetta lost 10% of its health!)</small><br></div><div class="battle-history"><small>The opposing Meloetta's Sp. Atk fell!</small><br></div><div class="spacer battle-history"><br></div><h2 class="battle-history">Turn 61</h2><div class="spacer battle-history"><br></div><div class="battle-history">Latias used <strong>Mystical Fire</strong>!<br></div><div class="battle-history"><small>(The opposing Meloetta lost 9% of its health!)</small><br></div><div class="battle-history"><small>The opposing Meloetta's Sp. Atk fell!</small><br></div><div class="spacer battle-history"><br></div><div class="battle-history">The opposing Meloetta used <strong>U-turn</strong>!<br></div><div class="battle-history"><small>It's super effective!</small><br></div><div class="battle-history"><small>(Latias lost <abbr title="−86/301">28.6%</abbr> of its health!)</small><br></div><div class="spacer battle-history"><br></div><div class="battle-history">The opposing Meloetta went back to BlaueBrause!<br></div><div class="battle-history">BlaueBrause sent out <strong>Gallade</strong>!<br></div><div class="spacer battle-history"><br></div><h2 class="battle-history">Turn 62</h2><div class="spacer battle-history"><br></div><div class="battle-history">Latias, come back!<br></div><div class="battle-history">Go! <strong>Corviknight</strong>!<br></div><div class="battle-history">[Corviknight's Pressure]<br><small>Corviknight is exerting its pressure!</small><br></div><div class="spacer battle-history"><br></div><div class="battle-history">The opposing Gallade used <strong>Knock Off</strong>!<br></div><div class="battle-history"><small>(Corviknight lost <abbr title="−86/399">21.6%</abbr> of its health!)</small><br></div><div class="battle-history"><small>The opposing Gallade knocked off Corviknight's Leftovers!</small><br></div><div class="spacer battle-history"><br></div><h2 class="battle-history">Turn 63</h2><div class="spacer battle-history"><br></div><div class="battle-history">BlaueBrause withdrew Gallade!<br></div><div class="battle-history">BlaueBrause sent out Gothitelle (<strong>Gothitelle-Mega</strong>)!<br></div><div class="spacer battle-history"><br></div><div class="battle-history">Corviknight used <strong>U-turn</strong>!<br></div><div class="battle-history"><small>(The opposing Gothitelle lost 10% of its health!)</small><br></div><div class="spacer battle-history"><br></div><div class="battle-history">Corviknight went back to ViZarPKMN!<br></div><div class="battle-history">Go! Delibird (<strong>Delibird-Mega</strong>)!<br></div><div class="battle-history">[Delibird's Spirit of Giving]<br></div><div class="battle-history"><small>Corviknight obtained one Leftovers.</small><br></div><div class="spacer battle-history"><br></div><h2 class="battle-history">Turn 64</h2><div class="spacer battle-history"><br></div><div class="battle-history">The opposing Gothitelle used <strong>Wish</strong>!<br></div><div class="spacer battle-history"><br></div><div class="battle-history">Delibird used <strong>U-turn</strong>!<br></div><div class="battle-history"><small>(The opposing Gothitelle lost 4% of its health!)</small><br></div><div class="spacer battle-history"><br></div><div class="battle-history">Delibird went back to ViZarPKMN!<br></div><div class="battle-history">Go! <strong>Latias</strong>!<br></div><div class="spacer battle-history"><br></div><h2 class="battle-history">Turn 65</h2><div class="spacer battle-history"><br></div><div class="battle-history">The opposing Gothitelle used <strong>Protect</strong>!<br></div><div class="battle-history"><small>The opposing Gothitelle protected itself!</small><br></div><div class="spacer battle-history"><br></div><div class="battle-history">Latias used <strong>Mystical Fire</strong>!<br></div><div class="battle-history"><small>The opposing Gothitelle protected itself!</small><br></div><div class="spacer battle-history"><br></div><div class="battle-history"><small>Gothitelle's wish came true!</small><br></div><div class="spacer battle-history"><br></div><h2 class="battle-history">Turn 66</h2><div class="spacer battle-history"><br></div><div class="battle-history">BlaueBrause withdrew Gothitelle!<br></div><div class="battle-history">BlaueBrause sent out <strong>Victini</strong>!<br></div><div class="spacer battle-history"><br></div><div class="battle-history">Latias used <strong>Mystical Fire</strong>!<br></div><div class="battle-history"><small>It's not very effective...</small><br></div><div class="battle-history"><small>(The opposing Victini lost 12% of its health!)</small><br></div><div class="battle-history"><small>The opposing Victini's Sp. Atk fell!</small><br></div><div class="spacer battle-history"><br></div><h2 class="battle-history">Turn 67</h2><div class="spacer battle-history"><br></div><div class="battle-history">Latias, come back!<br></div><div class="battle-history">Go! <strong>Corviknight</strong>!<br></div><div class="battle-history">[Corviknight's Pressure]<br><small>Corviknight is exerting its pressure!</small><br></div><div class="spacer battle-history"><br></div><div class="battle-history">The opposing Victini used <strong>U-turn</strong>!<br></div><div class="battle-history"><small>It's not very effective...</small><br></div><div class="battle-history"><small>(Corviknight lost <abbr title="−15/399">3.8%</abbr> of its health!)</small><br></div><div class="spacer battle-history"><br></div><div class="battle-history">The opposing Victini went back to BlaueBrause!<br></div><div class="battle-history">BlaueBrause sent out Gothitelle (<strong>Gothitelle-Mega</strong>)!<br></div><div class="spacer battle-history"><br></div><div class="battle-history"><small>Corviknight restored a little HP using its Leftovers!</small><br></div><div class="spacer battle-history"><br></div><h2 class="battle-history">Turn 68</h2><div class="spacer battle-history"><br></div><div class="battle-history">The opposing Gothitelle used <strong>Doom Desire</strong>!<br></div><div class="battle-history"><small>The opposing Gothitelle chose Doom Desire as its destiny!</small><br></div><div class="spacer battle-history"><br></div><div class="battle-history">Corviknight used <strong>U-turn</strong>!<br></div><div class="battle-history"><small>(The opposing Gothitelle lost 10% of its health!)</small><br></div><div class="spacer battle-history"><br></div><div class="battle-history">Corviknight went back to ViZarPKMN!<br></div><div class="battle-history">Go! <strong>Latias</strong>!<br></div><div class="spacer battle-history"><br></div><h2 class="battle-history">Turn 69</h2><div class="spacer battle-history"><br></div><div class="battle-history">Latias used <strong>Mystical Fire</strong>!<br></div><div class="battle-history"><small>It's super effective!</small><br></div><div class="battle-history"><small>(The opposing Gothitelle lost 33% of its health!)</small><br></div><div class="battle-history"><small>The opposing Gothitelle's Sp. Atk fell!</small><br></div><div class="spacer battle-history"><br></div><div class="battle-history">The opposing Gothitelle used <strong>Wish</strong>!<br></div><div class="spacer battle-history"><br></div><h2 class="battle-history">Turn 70</h2><div class="spacer battle-history"><br></div><div class="battle-history">Latias, come back!<br></div><div class="battle-history">Go! Delibird (<strong>Delibird-Mega</strong>)!<br></div><div class="spacer battle-history"><br></div><div class="battle-history">The opposing Gothitelle used <strong>Teleport</strong>!<br></div><div class="spacer battle-history"><br></div><div class="battle-history">BlaueBrause withdrew Gothitelle!<br></div><div class="battle-history">BlaueBrause sent out <strong>Tapu Lele</strong>!<br></div><div class="battle-history">[The opposing Tapu Lele's Psychic Surge]<br><small>The battlefield got weird!</small><br></div><div class="spacer battle-history"><br></div><div class="battle-history"><small>Delibird took the Doom Desire attack!</small><br></div><div class="battle-history"><small>It's super effective!</small><br></div><div class="battle-history"><small>(Delibird lost <abbr title="−293/293">100%</abbr> of its health!)</small><br></div><div class="battle-history"><small>Gothitelle's wish came true!</small><br></div><div class="spacer battle-history"><br></div><div class="battle-history">Delibird fainted!<br></div><div class="chat chatmessage-vizarpkmn mine"><strong style="color:#4f78c0"><small>☆</small><span class="username" data-name="ViZarPKMN">ViZarPKMN</span>:</strong> <em>gg</em></div><div class="chat chatmessage-blauebrause"><strong style="color:#6b66e4"><small>☆</small><span class="username" data-name="BlaueBrause">BlaueBrause</span>:</strong> <em>gg</em></div><div class="battle-history"><small>ViZarPKMN forfeited.</small><br></div><div class="spacer battle-history"><br></div><div class="battle-history"><strong>BlaueBrause</strong> won the battle!<br></div></div><div class="inner-preempt message-log"></div></div></div>
</div>
<script>
let daily = Math.floor(Date.now()/1000/60/60/24);document.write('<script src="https://play.pokemonshowdown.com/js/replay-embed.js?version'+daily+'"></'+'script>');
</script>
