<!DOCTYPE html>
<meta charset="utf-8" />
<!-- version 1 -->
<title>[Gen 8] Megas for All replay: IsoCon vs. Ninjacid</title>
<style>
html,body {font-family:Verdana, sans-serif;font-size:10pt;margin:0;padding:0;}body{padding:12px 0;} .battle-log {font-family:Verdana, sans-serif;font-size:10pt;} .battle-log-inline {border:1px solid #AAAAAA;background:#EEF2F5;color:black;max-width:640px;margin:0 auto 80px;padding-bottom:5px;} .battle-log .inner {padding:4px 8px 0px 8px;} .battle-log .inner-preempt {padding:0 8px 4px 8px;} .battle-log .inner-after {margin-top:0.5em;} .battle-log h2 {margin:0.5em -8px;padding:4px 8px;border:1px solid #AAAAAA;background:#E0E7EA;border-left:0;border-right:0;font-family:Verdana, sans-serif;font-size:13pt;} .battle-log .chat {vertical-align:middle;padding:3px 0 3px 0;font-size:8pt;} .battle-log .chat strong {color:#40576A;} .battle-log .chat em {padding:1px 4px 1px 3px;color:#000000;font-style:normal;} .chat.mine {background:rgba(0,0,0,0.05);margin-left:-8px;margin-right:-8px;padding-left:8px;padding-right:8px;} .spoiler {color:#BBBBBB;background:#BBBBBB;padding:0px 3px;} .spoiler:hover, .spoiler:active, .spoiler-shown {color:#000000;background:#E2E2E2;padding:0px 3px;} .spoiler a {color:#BBBBBB;} .spoiler:hover a, .spoiler:active a, .spoiler-shown a {color:#2288CC;} .chat code, .chat .spoiler:hover code, .chat .spoiler:active code, .chat .spoiler-shown code {border:1px solid #C0C0C0;background:#EEEEEE;color:black;padding:0 2px;} .chat .spoiler code {border:1px solid #CCCCCC;background:#CCCCCC;color:#CCCCCC;} .battle-log .rated {padding:3px 4px;} .battle-log .rated strong {color:white;background:#89A;padding:1px 4px;border-radius:4px;} .spacer {margin-top:0.5em;} .message-announce {background:#6688AA;color:white;padding:1px 4px 2px;} .message-announce a, .broadcast-green a, .broadcast-blue a, .broadcast-red a {color:#DDEEFF;} .broadcast-green {background-color:#559955;color:white;padding:2px 4px;} .broadcast-blue {background-color:#6688AA;color:white;padding:2px 4px;} .infobox {border:1px solid #6688AA;padding:2px 4px;} .infobox-limited {max-height:200px;overflow:auto;overflow-x:hidden;} .broadcast-red {background-color:#AA5544;color:white;padding:2px 4px;} .message-learn-canlearn {font-weight:bold;color:#228822;text-decoration:underline;} .message-learn-cannotlearn {font-weight:bold;color:#CC2222;text-decoration:underline;} .message-effect-weak {font-weight:bold;color:#CC2222;} .message-effect-resist {font-weight:bold;color:#6688AA;} .message-effect-immune {font-weight:bold;color:#666666;} .message-learn-list {margin-top:0;margin-bottom:0;} .message-throttle-notice, .message-error {color:#992222;} .message-overflow, .chat small.message-overflow {font-size:0pt;} .message-overflow::before {font-size:9pt;content:'...';} .subtle {color:#3A4A66;}
</style>
<div class="wrapper replay-wrapper" style="max-width:1180px;margin:0 auto">
<input type="hidden" name="replayid" value="dragonheaven-gen8megasforall-329" />
<div class="battle"></div><div class="battle-log"></div><div class="replay-controls"></div><div class="replay-controls-2"></div>
<h1 style="font-weight:normal;text-align:center"><strong>[Gen 8] Megas for All</strong><br /><a href="http://pokemonshowdown.com/users/isocon" class="subtle" target="_blank">IsoCon</a> vs. <a href="http://pokemonshowdown.com/users/ninjacid" class="subtle" target="_blank">Ninjacid</a></h1>
<script type="text/plain" class="battle-log-data">|j|☆IsoCon
|j|☆Ninjacid
|t:|1621466029
|player|p1|IsoCon|evelyn|
|player|p2|Ninjacid|veteran|
|teamsize|p1|6
|teamsize|p2|6
|gametype|singles
|gen|8
|tier|[Gen 8] Megas for All
|rated|Tournament battle
|clearpoke
|poke|p1|Celesteela|
|poke|p1|Reuniclus, F|
|poke|p1|Toxapex, M|
|poke|p1|Blissey, F|
|poke|p1|Weavile, M|
|poke|p1|Gliscor, M|
|poke|p2|Rillaboom, M|
|poke|p2|Tornadus-Therian, M|
|poke|p2|Blissey, F|
|poke|p2|Amoonguss, M|
|poke|p2|Zapdos|
|poke|p2|Greninja, M|
|rule|HP Percentage Mod: HP is shown in percentages
|rule|Endless Battle Clause: Forcing endless battles is banned
|rule|OHKO Clause: OHKO moves are banned
|rule|Evasion Moves Clause: Evasion moves are banned
|rule|Species Clause: Limit one of each Pokémon
|rule|Dynamax Clause: You cannot dynamax
|rule|Sleep Clause Mod: Limit one foe put to sleep
|rule|Freeze Clause Mod: Limit one foe frozen
|raw|<img src="https:\/\/www.smogon.com\/forums\/attachments\/banner_2-png.302358\/" height="65" width="381">
|-message|Welcome to Megas for All!
|-message|This is a National Dex-based format where we aim to give a new Mega Evolution to every Pokémon.
|-message|Just like any official format, you can still only Mega Evolve one Pokémon per team!
|-message|You can find our thread and metagame resources here:
|-message|https:\/\/www.smogon.com\/forums\/threads\/3671140\/
|teampreview
|j|#inkbug1

|c|☆Ninjacid|glhf
|c|☆IsoCon|u2
|
|t:|1621466056
|start
|switch|p1a: Weavile|Weavile, M|100\/100
|switch|p2a: Blissey|Blissey, F|100\/100
|-ability|p1a: Weavile|Pressure
|turn|1
|
|t:|1621466100
|move|p1a: Weavile|Knock Off|p2a: Blissey
|-damage|p2a: Blissey|36\/100
|-enditem|p2a: Blissey|Heavy-Duty Boots|[from] move: Knock Off|[of] p1a: Weavile
|move|p2a: Blissey|Thunder Wave|p1a: Weavile
|-status|p1a: Weavile|par
|
|upkeep
|turn|2
|
|t:|1621466136
|switch|p1a: Reuniclus|Reuniclus, F|100\/100
|switch|p2a: Amoonguss|Amoonguss, M|100\/100
|
|upkeep
|turn|3
|
|t:|1621466157
|switch|p1a: Weavile|Weavile, M|100\/100 par
|-ability|p1a: Weavile|Pressure
|move|p2a: Amoonguss|Spore||[still]
|-fail|p2a: Amoonguss
|
|upkeep
|turn|4
|
|t:|1621466169
|move|p1a: Weavile|Triple Axel|p2a: Amoonguss
|-supereffective|p2a: Amoonguss
|-damage|p2a: Amoonguss|80\/100
|-damage|p1a: Weavile|84\/100 par|[from] item: Rocky Helmet|[of] p2a: Amoonguss
|-supereffective|p2a: Amoonguss
|-damage|p2a: Amoonguss|39\/100
|-damage|p1a: Weavile|68\/100 par|[from] item: Rocky Helmet|[of] p2a: Amoonguss
|-supereffective|p2a: Amoonguss
|-damage|p2a: Amoonguss|0 fnt
|-damage|p1a: Weavile|51\/100 par|[from] item: Rocky Helmet|[of] p2a: Amoonguss
|-hitcount|p2a: Amoonguss|3
|faint|p2a: Amoonguss
|
|upkeep
|
|t:|1621466187
|switch|p2a: Rillaboom|Rillaboom, M|100\/100
|-fieldstart|move: Grassy Terrain|[from] ability: Grassy Surge|[of] p2a: Rillaboom
|turn|5
|
|t:|1621466215
|detailschange|p2a: Rillaboom|Rillaboom-Mega, M
|-mega|p2a: Rillaboom|Rillaboom|Rillaboomite
|-fieldend|move: Grassy Terrain
|-fieldstart|move: Grassy Terrain|[from] ability: Arena Rock|[of] p2a: Rillaboom
|-start|p2a: Rillaboom|typechange|Grass|[silent]
|raw|<ul class="utilichart"><li class="result"><span class="col pokemonnamecol" style="white-space: nowrap">Rillaboom-Mega<\/span> <span class="col typecol"><img src="https:\/\/play.pokemonshowdown.com\/sprites\/types\/Grass.png" alt="Grass" height="14" width="32"><\/span> <span style="float: left ; min-height: 26px"><span class="col abilitycol">Arena Rock<\/span><span class="col abilitycol"><\/span><\/span><span style="float: left ; min-height: 26px"><span class="col statcol"><em>HP<\/em><br>100<\/span> <span class="col statcol"><em>Atk<\/em><br>135<\/span> <span class="col statcol"><em>Def<\/em><br>110<\/span> <span class="col statcol"><em>SpA<\/em><br>80<\/span> <span class="col statcol"><em>SpD<\/em><br>110<\/span> <span class="col statcol"><em>Spe<\/em><br>95<\/span> <\/span><\/li><li style="clear: both"><\/li><\/ul>
|move|p2a: Rillaboom|Drain Punch|p1a: Weavile
|-supereffective|p1a: Weavile
|-damage|p1a: Weavile|0 fnt
|faint|p1a: Weavile
|
|upkeep
|
|t:|1621466226
|switch|p1a: Reuniclus|Reuniclus, F|100\/100
|turn|6
|j| TEST do .bos
|l| TEST do .bos
|
|t:|1621466382
|detailschange|p1a: Reuniclus|Reuniclus-Mega, F
|-mega|p1a: Reuniclus|Reuniclus|Reunite
|-start|p1a: Reuniclus|typechange|Psychic\/Fighting|[silent]
|raw|<ul class="utilichart"><li class="result"><span class="col pokemonnamecol" style="white-space: nowrap">Reuniclus-Mega<\/span> <span class="col typecol"><img src="https:\/\/play.pokemonshowdown.com\/sprites\/types\/Psychic.png" alt="Psychic" height="14" width="32"><img src="https:\/\/play.pokemonshowdown.com\/sprites\/types\/Fighting.png" alt="Fighting" height="14" width="32"><\/span> <span style="float: left ; min-height: 26px"><span class="col abilitycol">Two-Minded<\/span><span class="col abilitycol"><\/span><\/span><span style="float: left ; min-height: 26px"><span class="col statcol"><em>HP<\/em><br>110<\/span> <span class="col statcol"><em>Atk<\/em><br>110<\/span> <span class="col statcol"><em>Def<\/em><br>115<\/span> <span class="col statcol"><em>SpA<\/em><br>165<\/span> <span class="col statcol"><em>SpD<\/em><br>85<\/span> <span class="col statcol"><em>Spe<\/em><br>5<\/span> <\/span><\/li><li style="clear: both"><\/li><\/ul>
|move|p2a: Rillaboom|U-turn|p1a: Reuniclus
|-damage|p1a: Reuniclus|81\/100
|
|t:|1621466389
|-heal|p1a: Reuniclus|87\/100|[from] Grassy Terrain
|-fieldend|move: Grassy Terrain
|switch|p2a: Blissey|Blissey, F|36\/100|[from]move: U-turn
|move|p1a: Reuniclus|Psycho Boost|p2a: Blissey
|-damage|p2a: Blissey|11\/100
|-unboost|p1a: Reuniclus|spa|2
|-ability|p1a: Reuniclus|Two-Minded
|-boost|p1a: Reuniclus|atk|2
|
|upkeep
|turn|7
|
|t:|1621466409
|move|p2a: Blissey|Thunder Wave|p1a: Reuniclus
|-status|p1a: Reuniclus|par
|move|p1a: Reuniclus|Drain Punch|p2a: Blissey
|-supereffective|p2a: Blissey
|-damage|p2a: Blissey|0 fnt
|-heal|p1a: Reuniclus|96\/100 par|[from] drain|[of] p2a: Blissey
|faint|p2a: Blissey
|
|upkeep
|
|t:|1621466419
|switch|p2a: Zapdos|Zapdos|100\/100
|turn|8
|
|t:|1621466493
|move|p2a: Zapdos|Hurricane|p1a: Reuniclus
|-supereffective|p1a: Reuniclus
|-damage|p1a: Reuniclus|18\/100 par
|move|p1a: Reuniclus|Photon Geyser|p2a: Zapdos
|-damage|p2a: Zapdos|0 fnt
|faint|p2a: Zapdos
|
|upkeep
|
|t:|1621466532
|switch|p2a: Rillaboom|Rillaboom-Mega, M|100\/100
|-start|p2a: Rillaboom|typechange|Grass|[silent]
|-fieldstart|move: Grassy Terrain|[from] ability: Arena Rock|[of] p2a: Rillaboom
|turn|9
|
|t:|1621466536
|move|p2a: Rillaboom|Grassy Glide|p1a: Reuniclus
|-damage|p1a: Reuniclus|0 fnt
|faint|p1a: Reuniclus
|
|upkeep
|
|t:|1621466552
|switch|p1a: Toxapex|Toxapex, M|100\/100
|turn|10
|
|t:|1621466558
|move|p2a: Rillaboom|Swords Dance|p2a: Rillaboom
|-boost|p2a: Rillaboom|atk|2
|move|p1a: Toxapex|Toxic|p2a: Rillaboom
|-status|p2a: Rillaboom|tox
|
|-damage|p2a: Rillaboom|94\/100 tox|[from] psn
|upkeep
|turn|11
|
|t:|1621466562
|move|p2a: Rillaboom|Swords Dance|p2a: Rillaboom
|-boost|p2a: Rillaboom|atk|2
|move|p1a: Toxapex|Haze|p1a: Toxapex
|-clearallboost
|
|-heal|p2a: Rillaboom|100\/100 tox|[from] Grassy Terrain
|-damage|p2a: Rillaboom|88\/100 tox|[from] psn
|upkeep
|turn|12
|
|t:|1621466574
|move|p2a: Rillaboom|Swords Dance|p2a: Rillaboom
|-boost|p2a: Rillaboom|atk|2
|move|p1a: Toxapex|Toxic|p2a: Rillaboom
|-fail|p2a: Rillaboom|tox
|
|-heal|p2a: Rillaboom|94\/100 tox|[from] Grassy Terrain
|-damage|p2a: Rillaboom|76\/100 tox|[from] psn
|upkeep
|turn|13
|c|☆Ninjacid|darn haze
|
|t:|1621466580
|move|p2a: Rillaboom|Grassy Glide|p1a: Toxapex
|-damage|p1a: Toxapex|32\/100
|-damage|p2a: Rillaboom|59\/100 tox|[from] item: Rocky Helmet|[of] p1a: Toxapex
|move|p1a: Toxapex|Haze|p1a: Toxapex
|-clearallboost
|
|-heal|p2a: Rillaboom|66\/100 tox|[from] Grassy Terrain
|-heal|p1a: Toxapex|38\/100|[from] Grassy Terrain
|-damage|p2a: Rillaboom|41\/100 tox|[from] psn
|upkeep
|turn|14
|
|t:|1621466592
|-heal|p2a: Rillaboom|47\/100 tox|[from] Grassy Terrain
|-heal|p1a: Toxapex|44\/100|[from] Grassy Terrain
|-fieldend|move: Grassy Terrain
|switch|p2a: Greninja|Greninja, M|100\/100
|move|p1a: Toxapex|Recover|p1a: Toxapex
|-heal|p1a: Toxapex|94\/100
|
|upkeep
|turn|15
|
|t:|1621466601
|switch|p2a: Tornadus|Tornadus-Therian, M|100\/100
|switch|p1a: Blissey|Blissey, F|100\/100
|
|upkeep
|turn|16
|
|t:|1621466605
|move|p2a: Tornadus|Nasty Plot|p2a: Tornadus
|-boost|p2a: Tornadus|spa|2
|move|p1a: Blissey|Toxic|p2a: Tornadus
|-status|p2a: Tornadus|tox
|
|-damage|p2a: Tornadus|94\/100 tox|[from] psn
|upkeep
|turn|17
|
|t:|1621466612
|move|p2a: Tornadus|Nasty Plot|p2a: Tornadus
|-boost|p2a: Tornadus|spa|2
|move|p1a: Blissey|Teleport|p1a: Blissey
|
|t:|1621466618
|switch|p1a: Celesteela|Celesteela|100\/100|[from]move: Teleport
|
|-damage|p2a: Tornadus|82\/100 tox|[from] psn
|upkeep
|turn|18
|
|t:|1621466770
|move|p1a: Celesteela|Protect|p1a: Celesteela
|-singleturn|p1a: Celesteela|Protect
|-zpower|p2a: Tornadus
|move|p2a: Tornadus|Supersonic Skystrike|p1a: Celesteela|[zeffect]
|-resisted|p1a: Celesteela
|-zbroken|p1a: Celesteela
|-damage|p1a: Celesteela|79\/100
|
|-heal|p1a: Celesteela|85\/100|[from] item: Leftovers
|-damage|p2a: Tornadus|64\/100 tox|[from] psn
|upkeep
|turn|19
|c|☆Ninjacid|nice read
|
|t:|1621466781
|move|p2a: Tornadus|Nasty Plot|p2a: Tornadus
|-boost|p2a: Tornadus|spa|2
|move|p1a: Celesteela|Heavy Slam|p2a: Tornadus
|-damage|p2a: Tornadus|8\/100 tox
|
|-heal|p1a: Celesteela|91\/100|[from] item: Leftovers
|-damage|p2a: Tornadus|0 fnt|[from] psn
|faint|p2a: Tornadus
|upkeep
|
|t:|1621466790
|switch|p2a: Greninja|Greninja, M|100\/100
|turn|20
|
|t:|1621466800
|switch|p2a: Rillaboom|Rillaboom-Mega, M|47\/100 tox
|-start|p2a: Rillaboom|typechange|Grass|[silent]
|-fieldstart|move: Grassy Terrain|[from] ability: Arena Rock|[of] p2a: Rillaboom
|move|p1a: Celesteela|Protect||[still]
|-fail|p1a: Celesteela
|
|-heal|p2a: Rillaboom|53\/100 tox|[from] Grassy Terrain
|-heal|p1a: Celesteela|97\/100|[from] item: Leftovers
|-damage|p2a: Rillaboom|47\/100 tox|[from] psn
|upkeep
|turn|21
|
|t:|1621466807
|move|p2a: Rillaboom|Swords Dance|p2a: Rillaboom
|-boost|p2a: Rillaboom|atk|2
|move|p1a: Celesteela|Flamethrower|p2a: Rillaboom
|-supereffective|p2a: Rillaboom
|-crit|p2a: Rillaboom
|-damage|p2a: Rillaboom|0 fnt
|faint|p2a: Rillaboom
|-heal|p1a: Celesteela|100\/100|[from] item: Leftovers
|-fieldend|move: Grassy Terrain
|-ability|p1a: Celesteela|Beast Boost|boost
|-boost|p1a: Celesteela|spd|1
|
|upkeep
|
|t:|1621466810
|switch|p2a: Greninja|Greninja, M|100\/100
|turn|22
|c|☆Ninjacid|gg
|c|☆IsoCon|crit may well have mattered
|
|t:|1621466822
|move|p1a: Celesteela|Protect|p1a: Celesteela
|-singleturn|p1a: Celesteela|Protect
|move|p2a: Greninja|Hydro Pump|p1a: Celesteela
|-activate|p1a: Celesteela|move: Protect
|
|upkeep
|turn|23
|c|☆Ninjacid|it did
|c|☆Ninjacid|but its okay
|c|☆Ninjacid|i misplayed a lot
|c|☆IsoCon|yeah i remember playing vs mrilla with this team when it still had jungle healing and flamethrower did absolutely nothing so i thought so
|
|t:|1621466855
|move|p2a: Greninja|Hydro Pump|p1a: Celesteela
|-damage|p1a: Celesteela|71\/100
|move|p1a: Celesteela|Leech Seed|p2a: Greninja
|-start|p2a: Greninja|move: Leech Seed
|
|-heal|p1a: Celesteela|77\/100|[from] item: Leftovers
|-damage|p2a: Greninja|88\/100|[from] Leech Seed|[of] p1a: Celesteela
|-heal|p1a: Celesteela|86\/100|[silent]
|upkeep
|turn|24
|
|t:|1621466880
|switch|p1a: Toxapex|Toxapex, M|100\/100
|move|p2a: Greninja|Hydro Pump|p1a: Toxapex|[miss]
|-miss|p2a: Greninja|p1a: Toxapex
|
|-damage|p2a: Greninja|76\/100|[from] Leech Seed|[of] p1a: Toxapex
|upkeep
|turn|25
|c|☆IsoCon|gg
|c|☆Ninjacid|gg
|
|t:|1621466889
|move|p2a: Greninja|Hydro Pump|p1a: Toxapex
|-resisted|p1a: Toxapex
|-damage|p1a: Toxapex|70\/100
|move|p1a: Toxapex|Toxic|p2a: Greninja
|-status|p2a: Greninja|tox
|
|-damage|p2a: Greninja|64\/100 tox|[from] Leech Seed|[of] p1a: Toxapex
|-heal|p1a: Toxapex|82\/100|[silent]
|-damage|p2a: Greninja|58\/100 tox|[from] psn
|upkeep
|turn|26
|
|t:|1621466894
|move|p2a: Greninja|Hydro Pump|p1a: Toxapex
|-resisted|p1a: Toxapex
|-damage|p1a: Toxapex|53\/100
|move|p1a: Toxapex|Recover|p1a: Toxapex
|-heal|p1a: Toxapex|100\/100
|
|-damage|p2a: Greninja|45\/100 tox|[from] Leech Seed|[of] p1a: Toxapex
|-damage|p2a: Greninja|33\/100 tox|[from] psn
|upkeep
|turn|27
|
|t:|1621466897
|move|p2a: Greninja|Hydro Pump|p1a: Toxapex|[miss]
|-miss|p2a: Greninja|p1a: Toxapex
|move|p1a: Toxapex|Recover||[still]
|-fail|p1a: Toxapex|heal
|
|-damage|p2a: Greninja|21\/100 tox|[from] Leech Seed|[of] p1a: Toxapex
|-damage|p2a: Greninja|3\/100 tox|[from] psn
|upkeep
|turn|28
|
|t:|1621466901
|move|p2a: Greninja|Hydro Pump|p1a: Toxapex
|-resisted|p1a: Toxapex
|-damage|p1a: Toxapex|68\/100
|move|p1a: Toxapex|Recover|p1a: Toxapex
|-heal|p1a: Toxapex|100\/100
|
|-damage|p2a: Greninja|0 fnt|[from] Leech Seed|[of] p1a: Toxapex
|faint|p2a: Greninja
|
|win|IsoCon
|upkeep</script>
</div>
<div class="battle-log battle-log-inline"><div class="inner"><div class="battle-options"><div style="padding-top: 3px; padding-right: 3px; text-align: right"><button class="icon button" name="openBattleOptions" title="Options">Battle Options</button></div></div><div class="inner message-log"><div class="chat"><small>☆IsoCon and ☆Ninjacid joined</small></div><div class=""><small>Format:</small> <br><strong>[Gen 8] Megas for All</strong></div><div class="rated"><strong>Tournament battle</strong></div><div class=""><small><em>HP Percentage Mod:</em> HP is shown in percentages</small></div><div class=""><small><em>Endless Battle Clause:</em> Forcing endless battles is banned</small></div><div class=""><small><em>OHKO Clause:</em> OHKO moves are banned</small></div><div class=""><small><em>Evasion Moves Clause:</em> Evasion moves are banned</small></div><div class=""><small><em>Species Clause:</em> Limit one of each Pokémon</small></div><div class=""><small><em>Dynamax Clause:</em> You cannot dynamax</small></div><div class=""><small><em>Sleep Clause Mod:</em> Limit one foe put to sleep</small></div><div class=""><small><em>Freeze Clause Mod:</em> Limit one foe frozen</small></div><div class="chat"><img src="https://www.smogon.com/forums/attachments/banner_2-png.302358/" height="65" width="381"></div><div class="spacer battle-history"><br></div><div class="battle-history"><small>Welcome to Megas for All!</small><br></div><div class="battle-history"><small>This is a National Dex-based format where we aim to give a new Mega Evolution to every Pokémon.</small><br></div><div class="battle-history"><small>Just like any official format, you can still only Mega Evolve one Pokémon per team!</small><br></div><div class="battle-history"><small>You can find our thread and metagame resources here:</small><br></div><div class="battle-history"><small>https://www.smogon.com/forums/threads/3671140/</small><br></div><div class="chat battle-history"><strong>IsoCon's team:</strong> <em style="color:#445566;display:block;">Celesteela / Reuniclus / Toxapex / Blissey / Weavile / Gliscor</em></div><div class="chat battle-history"><strong>Ninjacid's team:</strong> <em style="color:#445566;display:block;">Rillaboom / Tornadus-Therian / Blissey / Amoonguss / Zapdos / Greninja</em></div><div class="chat"><small>#inkbug1 joined</small></div><div class="chat chatmessage-ninjacid"><strong style="color:#c62447"><small>☆</small><span class="username" data-name="Ninjacid">Ninjacid</span>:</strong> <em>glhf</em></div><div class="chat chatmessage-isocon"><strong style="color:#616adf"><small>☆</small><span class="username" data-name="IsoCon">IsoCon</span>:</strong> <em>u2</em></div><div class="spacer battle-history"><br></div><div class="battle-history">Battle started between IsoCon and Ninjacid!<br></div><div class="spacer battle-history"><br></div><div class="battle-history">Go! <strong>Weavile</strong>!<br></div><div class="spacer battle-history"><br></div><div class="battle-history">Ninjacid sent out <strong>Blissey</strong>!<br></div><div class="battle-history">[Weavile's Pressure]<br><small>Weavile is exerting its pressure!</small><br></div><div class="spacer battle-history"><br></div><h2 class="battle-history">Turn 1</h2><div class="spacer battle-history"><br></div><div class="battle-history">Weavile used <strong>Knock Off</strong>!<br></div><div class="battle-history"><small>(The opposing Blissey lost 64% of its health!)</small><br></div><div class="battle-history"><small>Weavile knocked off the opposing Blissey's Heavy-Duty Boots!</small><br></div><div class="spacer battle-history"><br></div><div class="battle-history">The opposing Blissey used <strong>Thunder Wave</strong>!<br></div><div class="battle-history"><small>Weavile is paralyzed! It may be unable to move!</small><br></div><div class="spacer battle-history"><br></div><h2 class="battle-history">Turn 2</h2><div class="spacer battle-history"><br></div><div class="battle-history">Weavile, come back!<br></div><div class="battle-history">Go! <strong>Reuniclus</strong>!<br></div><div class="spacer battle-history"><br></div><div class="battle-history">Ninjacid withdrew Blissey!<br></div><div class="battle-history">Ninjacid sent out <strong>Amoonguss</strong>!<br></div><div class="spacer battle-history"><br></div><h2 class="battle-history">Turn 3</h2><div class="spacer battle-history"><br></div><div class="battle-history">Reuniclus, come back!<br></div><div class="battle-history">Go! <strong>Weavile</strong>!<br></div><div class="battle-history">[Weavile's Pressure]<br><small>Weavile is exerting its pressure!</small><br></div><div class="spacer battle-history"><br></div><div class="battle-history">The opposing Amoonguss used <strong>Spore</strong>!<br></div><div class="battle-history"><small>But it failed!</small><br></div><div class="spacer battle-history"><br></div><h2 class="battle-history">Turn 4</h2><div class="spacer battle-history"><br></div><div class="battle-history">Weavile used <strong>Triple Axel</strong>!<br></div><div class="battle-history"><small>It's super effective!</small><br></div><div class="battle-history"><small>(The opposing Amoonguss lost 20% of its health!)</small><br></div><div class="battle-history"><small>Weavile was hurt by the Rocky Helmet!</small><br></div><div class="battle-history"><small>It's super effective!</small><br></div><div class="battle-history"><small>(The opposing Amoonguss lost 41% of its health!)</small><br></div><div class="battle-history"><small>Weavile was hurt by the Rocky Helmet!</small><br></div><div class="battle-history"><small>It's super effective!</small><br></div><div class="battle-history"><small>(The opposing Amoonguss lost 39% of its health!)</small><br></div><div class="battle-history"><small>Weavile was hurt by the Rocky Helmet!</small><br></div><div class="battle-history"><small>The Pokémon was hit 3 times!</small><br></div><div class="spacer battle-history"><br></div><div class="battle-history">The opposing Amoonguss fainted!<br></div><div class="spacer battle-history"><br></div><div class="battle-history">Ninjacid sent out <strong>Rillaboom</strong>!<br></div><div class="battle-history">[The opposing Rillaboom's Grassy Surge]<br><small>Grass grew to cover the battlefield!</small><br></div><div class="spacer battle-history"><br></div><h2 class="battle-history">Turn 5</h2><div class="spacer battle-history"><br></div><div class="battle-history"><small>The opposing Rillaboom's Rillaboomite is reacting to the Key Stone!</small><br>The opposing Rillaboom has Mega Evolved into Mega Rillaboom!<br></div><div class="battle-history"><small>The grass disappeared from the battlefield.</small><br></div><div class="battle-history">[The opposing Rillaboom's Arena Rock]<br><small>Grass grew to cover the battlefield!</small><br></div><div class="chat"><ul class="utilichart"><li class="result"><span class="col pokemonnamecol" style="white-space: nowrap">Rillaboom-Mega</span> <span class="col typecol"><img src="https://play.pokemonshowdown.com/sprites/types/Grass.png" alt="Grass" height="14" width="32"></span> <span style="float: left ; min-height: 26px"><span class="col abilitycol">Arena Rock</span><span class="col abilitycol"></span></span><span style="float: left ; min-height: 26px"><span class="col statcol"><em>HP</em><br>100</span> <span class="col statcol"><em>Atk</em><br>135</span> <span class="col statcol"><em>Def</em><br>110</span> <span class="col statcol"><em>SpA</em><br>80</span> <span class="col statcol"><em>SpD</em><br>110</span> <span class="col statcol"><em>Spe</em><br>95</span> </span></li><li style="clear: both"></li></ul></div><div class="spacer battle-history"><br></div><div class="battle-history">The opposing Rillaboom used <strong>Drain Punch</strong>!<br></div><div class="battle-history"><small>It's super effective!</small><br></div><div class="battle-history"><small>(Weavile lost 51% of its health!)</small><br></div><div class="spacer battle-history"><br></div><div class="battle-history">Weavile fainted!<br></div><div class="spacer battle-history"><br></div><div class="battle-history">Go! <strong>Reuniclus</strong>!<br></div><div class="spacer battle-history"><br></div><h2 class="battle-history">Turn 6</h2><div class="chat"><small> TEST do .bos joined;  TEST do .bos left</small></div><div class="spacer battle-history"><br></div><div class="battle-history"><small>Reuniclus's Reunite is reacting to the Key Stone!</small><br>Reuniclus has Mega Evolved into Mega Reuniclus!<br></div><div class="chat"><ul class="utilichart"><li class="result"><span class="col pokemonnamecol" style="white-space: nowrap">Reuniclus-Mega</span> <span class="col typecol"><img src="https://play.pokemonshowdown.com/sprites/types/Psychic.png" alt="Psychic" height="14" width="32"><img src="https://play.pokemonshowdown.com/sprites/types/Fighting.png" alt="Fighting" height="14" width="32"></span> <span style="float: left ; min-height: 26px"><span class="col abilitycol">Two-Minded</span><span class="col abilitycol"></span></span><span style="float: left ; min-height: 26px"><span class="col statcol"><em>HP</em><br>110</span> <span class="col statcol"><em>Atk</em><br>110</span> <span class="col statcol"><em>Def</em><br>115</span> <span class="col statcol"><em>SpA</em><br>165</span> <span class="col statcol"><em>SpD</em><br>85</span> <span class="col statcol"><em>Spe</em><br>5</span> </span></li><li style="clear: both"></li></ul></div><div class="spacer battle-history"><br></div><div class="battle-history">The opposing Rillaboom used <strong>U-turn</strong>!<br></div><div class="battle-history"><small>(Reuniclus lost 19% of its health!)</small><br></div><div class="spacer battle-history"><br></div><div class="battle-history"><small>Reuniclus's HP was restored.</small><br></div><div class="battle-history"><small>The grass disappeared from the battlefield.</small><br></div><div class="spacer battle-history"><br></div><div class="battle-history">The opposing Rillaboom went back to Ninjacid!<br></div><div class="battle-history">Ninjacid sent out <strong>Blissey</strong>!<br></div><div class="spacer battle-history"><br></div><div class="battle-history">Reuniclus used <strong>Psycho Boost</strong>!<br></div><div class="battle-history"><small>(The opposing Blissey lost 25% of its health!)</small><br></div><div class="battle-history"><small>Reuniclus's Sp. Atk fell harshly!</small><br></div><div class="battle-history">[Reuniclus's Two-Minded]<br></div><div class="battle-history"><small>Reuniclus's Attack rose sharply!</small><br></div><div class="spacer battle-history"><br></div><h2 class="battle-history">Turn 7</h2><div class="spacer battle-history"><br></div><div class="battle-history">The opposing Blissey used <strong>Thunder Wave</strong>!<br></div><div class="battle-history"><small>Reuniclus is paralyzed! It may be unable to move!</small><br></div><div class="spacer battle-history"><br></div><div class="battle-history">Reuniclus used <strong>Drain Punch</strong>!<br></div><div class="battle-history"><small>It's super effective!</small><br></div><div class="battle-history"><small>(The opposing Blissey lost 11% of its health!)</small><br></div><div class="battle-history"><small>The opposing Blissey had its energy drained!</small><br></div><div class="spacer battle-history"><br></div><div class="battle-history">The opposing Blissey fainted!<br></div><div class="spacer battle-history"><br></div><div class="battle-history">Ninjacid sent out <strong>Zapdos</strong>!<br></div><div class="spacer battle-history"><br></div><h2 class="battle-history">Turn 8</h2><div class="spacer battle-history"><br></div><div class="battle-history">The opposing Zapdos used <strong>Hurricane</strong>!<br></div><div class="battle-history"><small>It's super effective!</small><br></div><div class="battle-history"><small>(Reuniclus lost 78% of its health!)</small><br></div><div class="spacer battle-history"><br></div><div class="battle-history">Reuniclus used <strong>Photon Geyser</strong>!<br></div><div class="battle-history"><small>(The opposing Zapdos lost 100% of its health!)</small><br></div><div class="spacer battle-history"><br></div><div class="battle-history">The opposing Zapdos fainted!<br></div><div class="spacer battle-history"><br></div><div class="battle-history">Ninjacid sent out Rillaboom (<strong>Rillaboom-Mega</strong>)!<br></div><div class="battle-history">[The opposing Rillaboom's Arena Rock]<br><small>Grass grew to cover the battlefield!</small><br></div><div class="spacer battle-history"><br></div><h2 class="battle-history">Turn 9</h2><div class="spacer battle-history"><br></div><div class="battle-history">The opposing Rillaboom used <strong>Grassy Glide</strong>!<br></div><div class="battle-history"><small>(Reuniclus lost 18% of its health!)</small><br></div><div class="spacer battle-history"><br></div><div class="battle-history">Reuniclus fainted!<br></div><div class="spacer battle-history"><br></div><div class="battle-history">Go! <strong>Toxapex</strong>!<br></div><div class="spacer battle-history"><br></div><h2 class="battle-history">Turn 10</h2><div class="spacer battle-history"><br></div><div class="battle-history">The opposing Rillaboom used <strong>Swords Dance</strong>!<br></div><div class="battle-history"><small>The opposing Rillaboom's Attack rose sharply!</small><br></div><div class="spacer battle-history"><br></div><div class="battle-history">Toxapex used <strong>Toxic</strong>!<br></div><div class="battle-history"><small>The opposing Rillaboom was badly poisoned!</small><br></div><div class="spacer battle-history"><br></div><div class="battle-history"><small>The opposing Rillaboom was hurt by poison!</small><br></div><div class="spacer battle-history"><br></div><h2 class="battle-history">Turn 11</h2><div class="spacer battle-history"><br></div><div class="battle-history">The opposing Rillaboom used <strong>Swords Dance</strong>!<br></div><div class="battle-history"><small>The opposing Rillaboom's Attack rose sharply!</small><br></div><div class="spacer battle-history"><br></div><div class="battle-history">Toxapex used <strong>Haze</strong>!<br></div><div class="battle-history"><small>All stat changes were eliminated!</small><br></div><div class="spacer battle-history"><br></div><div class="battle-history"><small>The opposing Rillaboom's HP was restored.</small><br></div><div class="battle-history"><small>The opposing Rillaboom was hurt by poison!</small><br></div><div class="spacer battle-history"><br></div><h2 class="battle-history">Turn 12</h2><div class="spacer battle-history"><br></div><div class="battle-history">The opposing Rillaboom used <strong>Swords Dance</strong>!<br></div><div class="battle-history"><small>The opposing Rillaboom's Attack rose sharply!</small><br></div><div class="spacer battle-history"><br></div><div class="battle-history">Toxapex used <strong>Toxic</strong>!<br></div><div class="battle-history"><small>But it failed!</small><br></div><div class="spacer battle-history"><br></div><div class="battle-history"><small>The opposing Rillaboom's HP was restored.</small><br></div><div class="battle-history"><small>The opposing Rillaboom was hurt by poison!</small><br></div><div class="spacer battle-history"><br></div><h2 class="battle-history">Turn 13</h2><div class="chat chatmessage-ninjacid"><strong style="color:#c62447"><small>☆</small><span class="username" data-name="Ninjacid">Ninjacid</span>:</strong> <em>darn haze</em></div><div class="spacer battle-history"><br></div><div class="battle-history">The opposing Rillaboom used <strong>Grassy Glide</strong>!<br></div><div class="battle-history"><small>(Toxapex lost 68% of its health!)</small><br></div><div class="battle-history"><small>The opposing Rillaboom was hurt by the Rocky Helmet!</small><br></div><div class="spacer battle-history"><br></div><div class="battle-history">Toxapex used <strong>Haze</strong>!<br></div><div class="battle-history"><small>All stat changes were eliminated!</small><br></div><div class="spacer battle-history"><br></div><div class="battle-history"><small>The opposing Rillaboom's HP was restored.</small><br></div><div class="battle-history"><small>Toxapex's HP was restored.</small><br></div><div class="battle-history"><small>The opposing Rillaboom was hurt by poison!</small><br></div><div class="spacer battle-history"><br></div><h2 class="battle-history">Turn 14</h2><div class="spacer battle-history"><br></div><div class="battle-history"><small>The opposing Rillaboom's HP was restored.</small><br></div><div class="battle-history"><small>Toxapex's HP was restored.</small><br></div><div class="battle-history"><small>The grass disappeared from the battlefield.</small><br></div><div class="spacer battle-history"><br></div><div class="battle-history">Ninjacid withdrew Rillaboom!<br></div><div class="battle-history">Ninjacid sent out <strong>Greninja</strong>!<br></div><div class="spacer battle-history"><br></div><div class="battle-history">Toxapex used <strong>Recover</strong>!<br></div><div class="battle-history"><small>Toxapex had its HP restored.</small><br></div><div class="spacer battle-history"><br></div><h2 class="battle-history">Turn 15</h2><div class="spacer battle-history"><br></div><div class="battle-history">Ninjacid withdrew Greninja!<br></div><div class="battle-history">Ninjacid sent out Tornadus (<strong>Tornadus-Therian</strong>)!<br></div><div class="spacer battle-history"><br></div><div class="battle-history">Toxapex, come back!<br></div><div class="battle-history">Go! <strong>Blissey</strong>!<br></div><div class="spacer battle-history"><br></div><h2 class="battle-history">Turn 16</h2><div class="spacer battle-history"><br></div><div class="battle-history">The opposing Tornadus used <strong>Nasty Plot</strong>!<br></div><div class="battle-history"><small>The opposing Tornadus's Sp. Atk rose sharply!</small><br></div><div class="spacer battle-history"><br></div><div class="battle-history">Blissey used <strong>Toxic</strong>!<br></div><div class="battle-history"><small>The opposing Tornadus was badly poisoned!</small><br></div><div class="spacer battle-history"><br></div><div class="battle-history"><small>The opposing Tornadus was hurt by poison!</small><br></div><div class="spacer battle-history"><br></div><h2 class="battle-history">Turn 17</h2><div class="spacer battle-history"><br></div><div class="battle-history">The opposing Tornadus used <strong>Nasty Plot</strong>!<br></div><div class="battle-history"><small>The opposing Tornadus's Sp. Atk rose sharply!</small><br></div><div class="spacer battle-history"><br></div><div class="battle-history">Blissey used <strong>Teleport</strong>!<br></div><div class="spacer battle-history"><br></div><div class="battle-history">Blissey, come back!<br></div><div class="battle-history">Go! <strong>Celesteela</strong>!<br></div><div class="spacer battle-history"><br></div><div class="battle-history"><small>The opposing Tornadus was hurt by poison!</small><br></div><div class="spacer battle-history"><br></div><h2 class="battle-history">Turn 18</h2><div class="spacer battle-history"><br></div><div class="battle-history">Celesteela used <strong>Protect</strong>!<br></div><div class="battle-history"><small>Celesteela protected itself!</small><br></div><div class="battle-history"><small>The opposing Tornadus surrounded itself with its Z-Power!</small><br></div><div class="spacer battle-history"><br></div><div class="battle-history"><small>The opposing Tornadus unleashes its full-force Z-Move!</small><br>The opposing Tornadus used <strong>Supersonic Skystrike</strong>!<br></div><div class="battle-history"><small>It's not very effective...</small><br></div><div class="battle-history"><small>Celesteela couldn't fully protect itself and got hurt!</small><br></div><div class="battle-history"><small>(Celesteela lost 21% of its health!)</small><br></div><div class="spacer battle-history"><br></div><div class="battle-history"><small>Celesteela restored a little HP using its Leftovers!</small><br></div><div class="battle-history"><small>The opposing Tornadus was hurt by poison!</small><br></div><div class="spacer battle-history"><br></div><h2 class="battle-history">Turn 19</h2><div class="chat chatmessage-ninjacid"><strong style="color:#c62447"><small>☆</small><span class="username" data-name="Ninjacid">Ninjacid</span>:</strong> <em>nice read</em></div><div class="spacer battle-history"><br></div><div class="battle-history">The opposing Tornadus used <strong>Nasty Plot</strong>!<br></div><div class="battle-history"><small>The opposing Tornadus's Sp. Atk rose sharply!</small><br></div><div class="spacer battle-history"><br></div><div class="battle-history">Celesteela used <strong>Heavy Slam</strong>!<br></div><div class="battle-history"><small>(The opposing Tornadus lost 56% of its health!)</small><br></div><div class="spacer battle-history"><br></div><div class="battle-history"><small>Celesteela restored a little HP using its Leftovers!</small><br></div><div class="battle-history"><small>The opposing Tornadus was hurt by poison!</small><br></div><div class="spacer battle-history"><br></div><div class="battle-history">The opposing Tornadus fainted!<br></div><div class="spacer battle-history"><br></div><div class="battle-history">Ninjacid sent out <strong>Greninja</strong>!<br></div><div class="spacer battle-history"><br></div><h2 class="battle-history">Turn 20</h2><div class="spacer battle-history"><br></div><div class="battle-history">Ninjacid withdrew Greninja!<br></div><div class="battle-history">Ninjacid sent out Rillaboom (<strong>Rillaboom-Mega</strong>)!<br></div><div class="battle-history">[The opposing Rillaboom's Arena Rock]<br><small>Grass grew to cover the battlefield!</small><br></div><div class="spacer battle-history"><br></div><div class="battle-history">Celesteela used <strong>Protect</strong>!<br></div><div class="battle-history"><small>But it failed!</small><br></div><div class="spacer battle-history"><br></div><div class="battle-history"><small>The opposing Rillaboom's HP was restored.</small><br></div><div class="battle-history"><small>Celesteela restored a little HP using its Leftovers!</small><br></div><div class="battle-history"><small>The opposing Rillaboom was hurt by poison!</small><br></div><div class="spacer battle-history"><br></div><h2 class="battle-history">Turn 21</h2><div class="spacer battle-history"><br></div><div class="battle-history">The opposing Rillaboom used <strong>Swords Dance</strong>!<br></div><div class="battle-history"><small>The opposing Rillaboom's Attack rose sharply!</small><br></div><div class="spacer battle-history"><br></div><div class="battle-history">Celesteela used <strong>Flamethrower</strong>!<br></div><div class="battle-history"><small>It's super effective!</small><br></div><div class="battle-history"><small>A critical hit!</small><br></div><div class="battle-history"><small>(The opposing Rillaboom lost 47% of its health!)</small><br></div><div class="spacer battle-history"><br></div><div class="battle-history">The opposing Rillaboom fainted!<br></div><div class="battle-history"><small>Celesteela restored a little HP using its Leftovers!</small><br></div><div class="battle-history"><small>The grass disappeared from the battlefield.</small><br></div><div class="battle-history">[Celesteela's Beast Boost]<br></div><div class="battle-history"><small>Celesteela's Sp. Def rose!</small><br></div><div class="spacer battle-history"><br></div><div class="battle-history">Ninjacid sent out <strong>Greninja</strong>!<br></div><div class="spacer battle-history"><br></div><h2 class="battle-history">Turn 22</h2><div class="chat chatmessage-ninjacid"><strong style="color:#c62447"><small>☆</small><span class="username" data-name="Ninjacid">Ninjacid</span>:</strong> <em>gg</em></div><div class="chat chatmessage-isocon"><strong style="color:#616adf"><small>☆</small><span class="username" data-name="IsoCon">IsoCon</span>:</strong> <em>crit may well have mattered</em></div><div class="spacer battle-history"><br></div><div class="battle-history">Celesteela used <strong>Protect</strong>!<br></div><div class="battle-history"><small>Celesteela protected itself!</small><br></div><div class="spacer battle-history"><br></div><div class="battle-history">The opposing Greninja used <strong>Hydro Pump</strong>!<br></div><div class="battle-history"><small>Celesteela protected itself!</small><br></div><div class="spacer battle-history"><br></div><h2 class="battle-history">Turn 23</h2><div class="chat chatmessage-ninjacid"><strong style="color:#c62447"><small>☆</small><span class="username" data-name="Ninjacid">Ninjacid</span>:</strong> <em>it did</em></div><div class="chat chatmessage-ninjacid"><strong style="color:#c62447"><small>☆</small><span class="username" data-name="Ninjacid">Ninjacid</span>:</strong> <em>but its okay</em></div><div class="chat chatmessage-ninjacid"><strong style="color:#c62447"><small>☆</small><span class="username" data-name="Ninjacid">Ninjacid</span>:</strong> <em>i misplayed a lot</em></div><div class="chat chatmessage-isocon"><strong style="color:#616adf"><small>☆</small><span class="username" data-name="IsoCon">IsoCon</span>:</strong> <em>yeah i remember playing vs mrilla with this team when it still had jungle healing and flamethrower did absolutely nothing so i thought so</em></div><div class="spacer battle-history"><br></div><div class="battle-history">The opposing Greninja used <strong>Hydro Pump</strong>!<br></div><div class="battle-history"><small>(Celesteela lost 29% of its health!)</small><br></div><div class="spacer battle-history"><br></div><div class="battle-history">Celesteela used <strong>Leech Seed</strong>!<br></div><div class="battle-history"><small>The opposing Greninja was seeded!</small><br></div><div class="spacer battle-history"><br></div><div class="battle-history"><small>Celesteela restored a little HP using its Leftovers!</small><br></div><div class="battle-history"><small>The opposing Greninja's health is sapped by Leech Seed!</small><br></div><div class="spacer battle-history"><br></div><h2 class="battle-history">Turn 24</h2><div class="spacer battle-history"><br></div><div class="battle-history">Celesteela, come back!<br></div><div class="battle-history">Go! <strong>Toxapex</strong>!<br></div><div class="spacer battle-history"><br></div><div class="battle-history">The opposing Greninja used <strong>Hydro Pump</strong>!<br></div><div class="battle-history"><small>Toxapex avoided the attack!</small><br></div><div class="spacer battle-history"><br></div><div class="battle-history"><small>The opposing Greninja's health is sapped by Leech Seed!</small><br></div><div class="spacer battle-history"><br></div><h2 class="battle-history">Turn 25</h2><div class="chat chatmessage-isocon"><strong style="color:#616adf"><small>☆</small><span class="username" data-name="IsoCon">IsoCon</span>:</strong> <em>gg</em></div><div class="chat chatmessage-ninjacid"><strong style="color:#c62447"><small>☆</small><span class="username" data-name="Ninjacid">Ninjacid</span>:</strong> <em>gg</em></div><div class="spacer battle-history"><br></div><div class="battle-history">The opposing Greninja used <strong>Hydro Pump</strong>!<br></div><div class="battle-history"><small>It's not very effective...</small><br></div><div class="battle-history"><small>(Toxapex lost 30% of its health!)</small><br></div><div class="spacer battle-history"><br></div><div class="battle-history">Toxapex used <strong>Toxic</strong>!<br></div><div class="battle-history"><small>The opposing Greninja was badly poisoned!</small><br></div><div class="spacer battle-history"><br></div><div class="battle-history"><small>The opposing Greninja's health is sapped by Leech Seed!</small><br></div><div class="battle-history"><small>The opposing Greninja was hurt by poison!</small><br></div><div class="spacer battle-history"><br></div><h2 class="battle-history">Turn 26</h2><div class="spacer battle-history"><br></div><div class="battle-history">The opposing Greninja used <strong>Hydro Pump</strong>!<br></div><div class="battle-history"><small>It's not very effective...</small><br></div><div class="battle-history"><small>(Toxapex lost 29% of its health!)</small><br></div><div class="spacer battle-history"><br></div><div class="battle-history">Toxapex used <strong>Recover</strong>!<br></div><div class="battle-history"><small>Toxapex had its HP restored.</small><br></div><div class="spacer battle-history"><br></div><div class="battle-history"><small>The opposing Greninja's health is sapped by Leech Seed!</small><br></div><div class="battle-history"><small>The opposing Greninja was hurt by poison!</small><br></div><div class="spacer battle-history"><br></div><h2 class="battle-history">Turn 27</h2><div class="spacer battle-history"><br></div><div class="battle-history">The opposing Greninja used <strong>Hydro Pump</strong>!<br></div><div class="battle-history"><small>Toxapex avoided the attack!</small><br></div><div class="spacer battle-history"><br></div><div class="battle-history">Toxapex used <strong>Recover</strong>!<br></div><div class="battle-history"><small>Toxapex's HP is full!</small><br></div><div class="spacer battle-history"><br></div><div class="battle-history"><small>The opposing Greninja's health is sapped by Leech Seed!</small><br></div><div class="battle-history"><small>The opposing Greninja was hurt by poison!</small><br></div><div class="spacer battle-history"><br></div><h2 class="battle-history">Turn 28</h2><div class="spacer battle-history"><br></div><div class="battle-history">The opposing Greninja used <strong>Hydro Pump</strong>!<br></div><div class="battle-history"><small>It's not very effective...</small><br></div><div class="battle-history"><small>(Toxapex lost 32% of its health!)</small><br></div><div class="spacer battle-history"><br></div><div class="battle-history">Toxapex used <strong>Recover</strong>!<br></div><div class="battle-history"><small>Toxapex had its HP restored.</small><br></div><div class="spacer battle-history"><br></div><div class="battle-history"><small>The opposing Greninja's health is sapped by Leech Seed!</small><br></div><div class="spacer battle-history"><br></div><div class="battle-history">The opposing Greninja fainted!<br></div><div class="spacer battle-history"><br></div><div class="battle-history"><strong>IsoCon</strong> won the battle!<br></div></div><div class="inner-preempt message-log"></div></div></div>
</div>
<script>
let daily = Math.floor(Date.now()/1000/60/60/24);document.write('<script src="https://dragonheaven.herokuapp.com/js/replay-embed.js?version'+daily+'"></'+'script>');
</script>
