<!DOCTYPE html>
<meta charset="utf-8" />
<!-- version 1 -->
<title>[Gen 8] M4A VGC replay: pitterpatter5786 vs. BlazingHero657</title>
<style>
html,body {font-family:Verdana, sans-serif;font-size:10pt;margin:0;padding:0;}body{padding:12px 0;} .battle-log {font-family:Verdana, sans-serif;font-size:10pt;} .battle-log-inline {border:1px solid #AAAAAA;background:#EEF2F5;color:black;max-width:640px;margin:0 auto 80px;padding-bottom:5px;} .battle-log .inner {padding:4px 8px 0px 8px;} .battle-log .inner-preempt {padding:0 8px 4px 8px;} .battle-log .inner-after {margin-top:0.5em;} .battle-log h2 {margin:0.5em -8px;padding:4px 8px;border:1px solid #AAAAAA;background:#E0E7EA;border-left:0;border-right:0;font-family:Verdana, sans-serif;font-size:13pt;} .battle-log .chat {vertical-align:middle;padding:3px 0 3px 0;font-size:8pt;} .battle-log .chat strong {color:#40576A;} .battle-log .chat em {padding:1px 4px 1px 3px;color:#000000;font-style:normal;} .chat.mine {background:rgba(0,0,0,0.05);margin-left:-8px;margin-right:-8px;padding-left:8px;padding-right:8px;} .spoiler {color:#BBBBBB;background:#BBBBBB;padding:0px 3px;} .spoiler:hover, .spoiler:active, .spoiler-shown {color:#000000;background:#E2E2E2;padding:0px 3px;} .spoiler a {color:#BBBBBB;} .spoiler:hover a, .spoiler:active a, .spoiler-shown a {color:#2288CC;} .chat code, .chat .spoiler:hover code, .chat .spoiler:active code, .chat .spoiler-shown code {border:1px solid #C0C0C0;background:#EEEEEE;color:black;padding:0 2px;} .chat .spoiler code {border:1px solid #CCCCCC;background:#CCCCCC;color:#CCCCCC;} .battle-log .rated {padding:3px 4px;} .battle-log .rated strong {color:white;background:#89A;padding:1px 4px;border-radius:4px;} .spacer {margin-top:0.5em;} .message-announce {background:#6688AA;color:white;padding:1px 4px 2px;} .message-announce a, .broadcast-green a, .broadcast-blue a, .broadcast-red a {color:#DDEEFF;} .broadcast-green {background-color:#559955;color:white;padding:2px 4px;} .broadcast-blue {background-color:#6688AA;color:white;padding:2px 4px;} .infobox {border:1px solid #6688AA;padding:2px 4px;} .infobox-limited {max-height:200px;overflow:auto;overflow-x:hidden;} .broadcast-red {background-color:#AA5544;color:white;padding:2px 4px;} .message-learn-canlearn {font-weight:bold;color:#228822;text-decoration:underline;} .message-learn-cannotlearn {font-weight:bold;color:#CC2222;text-decoration:underline;} .message-effect-weak {font-weight:bold;color:#CC2222;} .message-effect-resist {font-weight:bold;color:#6688AA;} .message-effect-immune {font-weight:bold;color:#666666;} .message-learn-list {margin-top:0;margin-bottom:0;} .message-throttle-notice, .message-error {color:#992222;} .message-overflow, .chat small.message-overflow {font-size:0pt;} .message-overflow::before {font-size:9pt;content:'...';} .subtle {color:#3A4A66;}
</style>
<div class="wrapper replay-wrapper" style="max-width:1180px;margin:0 auto">
<input type="hidden" name="replayid" value="dragonheaven-gen8m4avgc-312" />
<div class="battle"></div><div class="battle-log"></div><div class="replay-controls"></div><div class="replay-controls-2"></div>
<h1 style="font-weight:normal;text-align:center"><strong>[Gen 8] M4A VGC</strong><br /><a href="http://pokemonshowdown.com/users/pitterpatter5786" class="subtle" target="_blank">pitterpatter5786</a> vs. <a href="http://pokemonshowdown.com/users/blazinghero657" class="subtle" target="_blank">BlazingHero657</a></h1>
<script type="text/plain" class="battle-log-data">|j|☆pitterpatter5786
|j|☆BlazingHero657

|t:|1630168932
|player|p1|pitterpatter5786|lillie-z|
|player|p2|BlazingHero657|veteran|
|teamsize|p1|6
|teamsize|p2|6
|gametype|doubles
|gen|8
|tier|[Gen 8] M4A VGC
|clearpoke
|poke|p1|Aurorus, L50, M|
|poke|p1|Porygon2, L50|
|poke|p1|Arctovish, L50|
|poke|p1|Zapdos-Galar, L50|
|poke|p1|Whimsicott, L50, F|
|poke|p1|Heatran, L50, F|
|poke|p2|Scizor, L50, M|
|poke|p2|Kingdra, L50, F|
|poke|p2|Clefairy, L50, F|
|poke|p2|Gothitelle, L50, F|
|poke|p2|Walrein, L50, M|
|poke|p2|Jellicent, L50, F|
|rule|Species Clause: Limit one of each Pokémon
|rule|Item Clause: Limit one of each item
|rule|Dynamax Clause: You cannot dynamax
|raw|<img src="https:\/\/www.smogon.com\/forums\/attachments\/banner_2-png.302358\/" height="65" width="381">
|-message|Welcome to Megas for All!
|-message|This is a National Dex-based format where we aim to give a new Mega Evolution to every Pokémon.
|-message|Just like any official format, you can still only Mega Evolve one Pokémon per team!
|-message|You can find our thread and metagame resources here:
|-message|https:\/\/www.smogon.com\/forums\/threads\/3671140\/
|teampreview|4
|j| ASnomPlaysShowdown
|c|☆pitterpatter5786|glhf
|j| BlueRayVGC
|
|t:|1630168952
|start
|switch|p1a: Aurorus|Aurorus, L50, M|48\/48
|switch|p1b: Arctovish|Arctovish, L50|48\/48
|switch|p2a: Tusk|Walrein, L50, M|217\/217
|switch|p2b: Stardust|Clefairy, L50, F|177\/177
|-weather|Hail|[from] ability: Snow Warning|[of] p1a: Aurorus
|turn|1
|j| ry42
|j| analysis geek
|
|t:|1630168987
|detailschange|p2a: Tusk|Walrein-Mega, L50, M
|-mega|p2a: Tusk|Walrein|Walreinite
|-weather|RainDance|[from] ability: Drizzle|[of] p2a: Tusk
|-start|p2a: Tusk|typechange|Ice\/Water|[silent]
|raw|<ul class="utilichart"><li class="result"><span class="col pokemonnamecol" style="white-space: nowrap">Walrein-Mega<\/span> <span class="col typecol"><img src="https:\/\/play.pokemonshowdown.com\/sprites\/types\/Ice.png" alt="Ice" height="14" width="32"><img src="https:\/\/play.pokemonshowdown.com\/sprites\/types\/Water.png" alt="Water" height="14" width="32"><\/span> <span style="float: left ; min-height: 26px"><span class="col abilitycol">Drizzle<\/span><span class="col abilitycol"><\/span><\/span><span style="float: left ; min-height: 26px"><span class="col statcol"><em>HP<\/em><br>110<\/span> <span class="col statcol"><em>Atk<\/em><br>110<\/span> <span class="col statcol"><em>Def<\/em><br>90<\/span> <span class="col statcol"><em>SpA<\/em><br>145<\/span> <span class="col statcol"><em>SpD<\/em><br>90<\/span> <span class="col statcol"><em>Spe<\/em><br>85<\/span> <\/span><\/li><li style="clear: both"><\/li><\/ul>
|detailschange|p1a: Aurorus|Aurorus-Mega, L50, M
|-mega|p1a: Aurorus|Aurorus|Aurorite
|-ability|p1a: Aurorus|Diamond Dust
|-weather|Diamond Dust|[silent]
|-message|A cloud of diamond dust blew in!
|-message|All Rock-type damage, including Stealth Rock, will be nullified.
|-message|Other weather-related moves and Abilities will behave as they do in hail.
|-start|p1a: Aurorus|typechange|Electric\/Ice|[silent]
|raw|<ul class="utilichart"><li class="result"><span class="col pokemonnamecol" style="white-space: nowrap">Aurorus-Mega<\/span> <span class="col typecol"><img src="https:\/\/play.pokemonshowdown.com\/sprites\/types\/Electric.png" alt="Electric" height="14" width="32"><img src="https:\/\/play.pokemonshowdown.com\/sprites\/types\/Ice.png" alt="Ice" height="14" width="32"><\/span> <span style="float: left ; min-height: 26px"><span class="col abilitycol">Diamond Dust<\/span><span class="col abilitycol"><\/span><\/span><span style="float: left ; min-height: 26px"><span class="col statcol"><em>HP<\/em><br>123<\/span> <span class="col statcol"><em>Atk<\/em><br>77<\/span> <span class="col statcol"><em>Def<\/em><br>102<\/span> <span class="col statcol"><em>SpA<\/em><br>131<\/span> <span class="col statcol"><em>SpD<\/em><br>122<\/span> <span class="col statcol"><em>Spe<\/em><br>66<\/span> <\/span><\/li><li style="clear: both"><\/li><\/ul>
|move|p2b: Stardust|Follow Me|p2b: Stardust
|-singleturn|p2b: Stardust|move: Follow Me
|move|p1b: Arctovish|Fishious Rend|p2b: Stardust
|-damage|p2b: Stardust|67\/177
|-damage|p1b: Arctovish|43\/48|[from] item: Life Orb
|move|p2a: Tusk|Hydro Pump|p1a: Aurorus
|-damage|p1a: Aurorus|27\/48
|move|p1a: Aurorus|Aurora Veil|p1a: Aurorus
|-sidestart|p1: pitterpatter5786|move: Aurora Veil
|
|-weather|Diamond Dust|[upkeep]
|-message|The air is sparkling with diamond dust!
|upkeep
|turn|2
|
|t:|1630169021
|switch|p2a: Snip Snip|Scizor, L50, M|177\/177
|move|p2b: Stardust|Protect|p2b: Stardust
|-singleturn|p2b: Stardust|Protect
|move|p1b: Arctovish|Fishious Rend|p2b: Stardust
|-activate|p2b: Stardust|move: Protect
|move|p1a: Aurorus|Volt Switch|p2a: Snip Snip
|-damage|p2a: Snip Snip|112\/177
|
|t:|1630169041
|switch|p1a: Whimsicott|Whimsicott, L50, F|48\/48|[from]move: Volt Switch
|
|-weather|Diamond Dust|[upkeep]
|-message|The air is sparkling with diamond dust!
|upkeep
|turn|3
|
|t:|1630169065
|switch|p2b: Tusk|Walrein-Mega, L50, M|217\/217
|-start|p2b: Tusk|typechange|Ice\/Water|[silent]
|-weather|RainDance|[from] ability: Drizzle|[of] p2b: Tusk
|move|p1b: Arctovish|Protect|p1b: Arctovish
|-singleturn|p1b: Arctovish|Protect
|move|p2a: Snip Snip|Protect|p2a: Snip Snip
|-singleturn|p2a: Snip Snip|Protect
|move|p1a: Whimsicott|Taunt|p2b: Tusk
|-start|p2b: Tusk|move: Taunt
|
|-weather|RainDance|[upkeep]
|upkeep
|turn|4
|
|t:|1630169083
|move|p1a: Whimsicott|Tailwind|p1a: Whimsicott
|-sidestart|p1: pitterpatter5786|move: Tailwind
|move|p1b: Arctovish|Fishious Rend|p2a: Snip Snip
|-damage|p2a: Snip Snip|0 fnt
|-damage|p1b: Arctovish|38\/48|[from] item: Life Orb
|faint|p2a: Snip Snip
|move|p2b: Tusk|Hydro Pump|p1b: Arctovish|[miss]
|-miss|p2b: Tusk|p1b: Arctovish
|
|-weather|RainDance|[upkeep]
|upkeep
|
|t:|1630169088
|switch|p2a: Seafarer|Kingdra, L50, F, shiny|150\/150
|turn|5
|c| ASnomPlaysShowdown|rip
|
|t:|1630169103
|switch|p2b: Stardust|Clefairy, L50, F|67\/177
|move|p2a: Seafarer|Protect|p2a: Seafarer
|-singleturn|p2a: Seafarer|Protect
|move|p1a: Whimsicott|Moonblast|p2a: Seafarer
|-activate|p2a: Seafarer|move: Protect
|move|p1b: Arctovish|Stone Edge|p2b: Stardust
|-damage|p2b: Stardust|0 fnt
|-damage|p1b: Arctovish|34\/48|[from] item: Life Orb
|faint|p2b: Stardust
|
|-weather|RainDance|[upkeep]
|-sideend|p1: pitterpatter5786|move: Aurora Veil
|upkeep
|
|t:|1630169111
|switch|p2b: Tusk|Walrein-Mega, L50, M|217\/217
|-start|p2b: Tusk|typechange|Ice\/Water|[silent]
|turn|6
|
|t:|1630169129
|move|p1a: Whimsicott|Moonblast|p2a: Seafarer
|-supereffective|p2a: Seafarer
|-damage|p2a: Seafarer|58\/150
|move|p2a: Seafarer|Hurricane|p1a: Whimsicott
|-supereffective|p1a: Whimsicott
|-damage|p1a: Whimsicott|6\/48
|-start|p1a: Whimsicott|confusion
|move|p1b: Arctovish|Stone Edge|p2b: Tusk
|-supereffective|p2b: Tusk
|-damage|p2b: Tusk|92\/217
|-damage|p1b: Arctovish|29\/48|[from] item: Life Orb
|move|p2b: Tusk|Freeze-Dry|p1a: Whimsicott
|-supereffective|p1a: Whimsicott
|-damage|p1a: Whimsicott|0 fnt
|faint|p1a: Whimsicott
|
|-weather|RainDance|[upkeep]
|upkeep
|l| ry42
|
|t:|1630169158
|switch|p1a: Aurorus|Aurorus-Mega, L50, M|27\/48
|-start|p1a: Aurorus|typechange|Electric\/Ice|[silent]
|-ability|p1a: Aurorus|Diamond Dust
|-weather|Diamond Dust|[silent]
|-message|A cloud of diamond dust blew in!
|-message|All Rock-type damage, including Stealth Rock, will be nullified.
|-message|Other weather-related moves and Abilities will behave as they do in hail.
|turn|7
|j| ry42
|
|t:|1630169183
|move|p1b: Arctovish|Stone Edge|p2a: Seafarer
|-message|Seafarer was protected from Stone Edge by the diamond dust!
|-immune|p2a: Seafarer
|-zpower|p2a: Seafarer
|move|p2a: Seafarer|Hydro Vortex|p1a: Aurorus|[zeffect]
|-damage|p1a: Aurorus|4\/48
|move|p1a: Aurorus|Thunderbolt|p2b: Tusk
|-supereffective|p2b: Tusk
|-damage|p2b: Tusk|0 fnt
|faint|p2b: Tusk
|
|-sideend|p1: pitterpatter5786|move: Tailwind
|-weather|Diamond Dust|[upkeep]
|-message|The air is sparkling with diamond dust!
|upkeep
|turn|8
|c|☆BlazingHero657|oh.
|c|☆pitterpatter5786|oh i forgot
|c|☆BlazingHero657|ok.
|c|☆pitterpatter5786|i am stupid lmao
|c| ASnomPlaysShowdown|rip
|
|t:|1630169203
|move|p1b: Arctovish|Icicle Crash|p2a: Seafarer
|-damage|p2a: Seafarer|0 fnt
|-damage|p1b: Arctovish|24\/48g|[from] item: Life Orb
|faint|p2a: Seafarer
|
|win|pitterpatter5786
|c|☆pitterpatter5786|gg
|c|☆BlazingHero657|don't think it mattered.
|c|☆BlazingHero657|gg.</script>
</div>
<div class="battle-log battle-log-inline"><div class="inner"><div class="battle-options"><div style="padding-top: 3px; padding-right: 3px; text-align: right"><button class="icon button" name="openBattleOptions" title="Options">Battle Options</button></div></div><div class="inner message-log"><div class="chat"><small>☆pitterpatter5786 and ☆BlazingHero657 joined</small></div><div class=""><small>Format:</small> <br><strong>[Gen 8] M4A VGC</strong></div><div class=""><small><em>Species Clause:</em> Limit one of each Pokémon</small></div><div class=""><small><em>Item Clause:</em> Limit one of each item</small></div><div class=""><small><em>Dynamax Clause:</em> You cannot dynamax</small></div><div class="chat"><img src="https://www.smogon.com/forums/attachments/banner_2-png.302358/" height="65" width="381"></div><div class="spacer battle-history"><br></div><div class="battle-history"><small>Welcome to Megas for All!</small><br></div><div class="battle-history"><small>This is a National Dex-based format where we aim to give a new Mega Evolution to every Pokémon.</small><br></div><div class="battle-history"><small>Just like any official format, you can still only Mega Evolve one Pokémon per team!</small><br></div><div class="battle-history"><small>You can find our thread and metagame resources here:</small><br></div><div class="battle-history"><small>https://www.smogon.com/forums/threads/3671140/</small><br></div><div class="chat battle-history"><strong>pitterpatter5786's team:</strong> <em style="color:#445566;display:block;">Aurorus / Porygon2 / Arctovish / Zapdos-Galar / Whimsicott / Heatran</em></div><div class="chat battle-history"><strong>BlazingHero657's team:</strong> <em style="color:#445566;display:block;">Scizor / Kingdra / Clefairy / Gothitelle / Walrein / Jellicent</em></div><div class="chat"><small> ASnomPlaysShowdown joined</small></div><div class="chat chatmessage-pitterpatter5786"><strong style="color:#b749aa"><small>☆</small><span class="username" data-name="pitterpatter5786">pitterpatter5786</span>:</strong> <em>glhf</em></div><div class="chat"><small> BlueRayVGC joined</small></div><div class="spacer battle-history"><br></div><div class="battle-history">Battle started between pitterpatter5786 and BlazingHero657!<br></div><div class="spacer battle-history"><br></div><div class="battle-history">pitterpatter5786 sent out <strong>Aurorus</strong>!<br></div><div class="spacer battle-history"><br></div><div class="battle-history">pitterpatter5786 sent out <strong>Arctovish</strong>!<br></div><div class="spacer battle-history"><br></div><div class="battle-history">Go! Tusk (<strong>Walrein</strong>)!<br></div><div class="spacer battle-history"><br></div><div class="battle-history">Go! Stardust (<strong>Clefairy</strong>)!<br></div><div class="battle-history">[The opposing Aurorus's Snow Warning]<br><small>It started to hail!</small><br></div><div class="spacer battle-history"><br></div><h2 class="battle-history">Turn 1</h2><div class="chat"><small> ry42 and  analysis geek joined</small></div><div class="spacer battle-history"><br></div><div class="battle-history"><small>Tusk's Walreinite is reacting to the Key Stone!</small><br>Tusk has Mega Evolved into Mega Walrein!<br></div><div class="battle-history">[Tusk's Drizzle]<br><small>It started to rain!</small><br></div><div class="chat"><ul class="utilichart"><li class="result"><span class="col pokemonnamecol" style="white-space: nowrap">Walrein-Mega</span> <span class="col typecol"><img src="https://play.pokemonshowdown.com/sprites/types/Ice.png" alt="Ice" height="14" width="32"><img src="https://play.pokemonshowdown.com/sprites/types/Water.png" alt="Water" height="14" width="32"></span> <span style="float: left ; min-height: 26px"><span class="col abilitycol">Drizzle</span><span class="col abilitycol"></span></span><span style="float: left ; min-height: 26px"><span class="col statcol"><em>HP</em><br>110</span> <span class="col statcol"><em>Atk</em><br>110</span> <span class="col statcol"><em>Def</em><br>90</span> <span class="col statcol"><em>SpA</em><br>145</span> <span class="col statcol"><em>SpD</em><br>90</span> <span class="col statcol"><em>Spe</em><br>85</span> </span></li><li style="clear: both"></li></ul></div><div class="spacer battle-history"><br></div><div class="battle-history"><small>The opposing Aurorus's Aurorite is reacting to the Key Stone!</small><br>The opposing Aurorus has Mega Evolved into Mega Aurorus!<br></div><div class="battle-history">[The opposing Aurorus's Diamond Dust]<br></div><div class="battle-history"><small>A cloud of diamond dust blew in!</small><br></div><div class="battle-history"><small>All Rock-type damage, including Stealth Rock, will be nullified.</small><br></div><div class="battle-history"><small>Other weather-related moves and Abilities will behave as they do in hail.</small><br></div><div class="chat"><ul class="utilichart"><li class="result"><span class="col pokemonnamecol" style="white-space: nowrap">Aurorus-Mega</span> <span class="col typecol"><img src="https://play.pokemonshowdown.com/sprites/types/Electric.png" alt="Electric" height="14" width="32"><img src="https://play.pokemonshowdown.com/sprites/types/Ice.png" alt="Ice" height="14" width="32"></span> <span style="float: left ; min-height: 26px"><span class="col abilitycol">Diamond Dust</span><span class="col abilitycol"></span></span><span style="float: left ; min-height: 26px"><span class="col statcol"><em>HP</em><br>123</span> <span class="col statcol"><em>Atk</em><br>77</span> <span class="col statcol"><em>Def</em><br>102</span> <span class="col statcol"><em>SpA</em><br>131</span> <span class="col statcol"><em>SpD</em><br>122</span> <span class="col statcol"><em>Spe</em><br>66</span> </span></li><li style="clear: both"></li></ul></div><div class="spacer battle-history"><br></div><div class="battle-history">Stardust used <strong>Follow Me</strong>!<br></div><div class="battle-history"><small>Stardust became the center of attention!</small><br></div><div class="spacer battle-history"><br></div><div class="battle-history">The opposing Arctovish used <strong>Fishious Rend</strong>!<br></div><div class="battle-history"><small>(Stardust lost <abbr title="−110/177">62.1%</abbr> of its health!)</small><br></div><div class="battle-history"><small>The opposing Arctovish lost some of its HP!</small><br></div><div class="spacer battle-history"><br></div><div class="battle-history">Tusk used <strong>Hydro Pump</strong>!<br></div><div class="battle-history"><small>(The opposing Aurorus lost <abbr title="−21/48 pixels">41.7–43.8%</abbr> of its health!)</small><br></div><div class="spacer battle-history"><br></div><div class="battle-history">The opposing Aurorus used <strong>Aurora Veil</strong>!<br></div><div class="battle-history"><small>Aurora Veil made the opposing team stronger against physical and special moves!</small><br></div><div class="spacer battle-history"><br></div><div class="battle-history"><small>The air is sparkling with diamond dust!</small><br></div><div class="spacer battle-history"><br></div><h2 class="battle-history">Turn 2</h2><div class="spacer battle-history"><br></div><div class="battle-history">Tusk, come back!<br></div><div class="battle-history">Go! Snip Snip (<strong>Scizor</strong>)!<br></div><div class="spacer battle-history"><br></div><div class="battle-history">Stardust used <strong>Protect</strong>!<br></div><div class="battle-history"><small>Stardust protected itself!</small><br></div><div class="spacer battle-history"><br></div><div class="battle-history">The opposing Arctovish used <strong>Fishious Rend</strong>!<br></div><div class="battle-history"><small>Stardust protected itself!</small><br></div><div class="spacer battle-history"><br></div><div class="battle-history">The opposing Aurorus used <strong>Volt Switch</strong>!<br></div><div class="battle-history"><small>(Snip Snip lost <abbr title="−65/177">36.7%</abbr> of its health!)</small><br></div><div class="spacer battle-history"><br></div><div class="battle-history">The opposing Aurorus went back to pitterpatter5786!<br></div><div class="battle-history">pitterpatter5786 sent out <strong>Whimsicott</strong>!<br></div><div class="spacer battle-history"><br></div><div class="battle-history"><small>The air is sparkling with diamond dust!</small><br></div><div class="spacer battle-history"><br></div><h2 class="battle-history">Turn 3</h2><div class="spacer battle-history"><br></div><div class="battle-history">Stardust, come back!<br></div><div class="battle-history">Go! Tusk (<strong>Walrein-Mega</strong>)!<br></div><div class="battle-history">[Tusk's Drizzle]<br><small>It started to rain!</small><br></div><div class="spacer battle-history"><br></div><div class="battle-history">The opposing Arctovish used <strong>Protect</strong>!<br></div><div class="battle-history"><small>The opposing Arctovish protected itself!</small><br></div><div class="spacer battle-history"><br></div><div class="battle-history">Snip Snip used <strong>Protect</strong>!<br></div><div class="battle-history"><small>Snip Snip protected itself!</small><br></div><div class="spacer battle-history"><br></div><div class="battle-history">The opposing Whimsicott used <strong>Taunt</strong>!<br></div><div class="battle-history"><small>Tusk fell for the taunt!</small><br></div><div class="spacer battle-history"><br></div><div class="battle-history"><small>(Rain continues to fall.)</small><br></div><div class="spacer battle-history"><br></div><h2 class="battle-history">Turn 4</h2><div class="spacer battle-history"><br></div><div class="battle-history">The opposing Whimsicott used <strong>Tailwind</strong>!<br></div><div class="battle-history"><small>The Tailwind blew from behind the opposing team!</small><br></div><div class="spacer battle-history"><br></div><div class="battle-history">The opposing Arctovish used <strong>Fishious Rend</strong>!<br></div><div class="battle-history"><small>(Snip Snip lost <abbr title="−112/177">63.3%</abbr> of its health!)</small><br></div><div class="battle-history"><small>The opposing Arctovish lost some of its HP!</small><br></div><div class="spacer battle-history"><br></div><div class="battle-history">Snip Snip fainted!<br></div><div class="battle-history">Tusk used <strong>Hydro Pump</strong>!<br></div><div class="battle-history"><small>The opposing Arctovish avoided the attack!</small><br></div><div class="spacer battle-history"><br></div><div class="battle-history"><small>(Rain continues to fall.)</small><br></div><div class="spacer battle-history"><br></div><div class="battle-history">Go! Seafarer (<strong>Kingdra</strong>)!<br></div><div class="spacer battle-history"><br></div><h2 class="battle-history">Turn 5</h2><div class="chat chatmessage-asnomplaysshowdown"><strong style="color:#1bb1b6"><small> </small><span class="username" data-name="ASnomPlaysShowdown">ASnomPlaysShowdown</span>:</strong> <em>rip</em></div><div class="spacer battle-history"><br></div><div class="battle-history">Tusk, come back!<br></div><div class="battle-history">Go! Stardust (<strong>Clefairy</strong>)!<br></div><div class="spacer battle-history"><br></div><div class="battle-history">Seafarer used <strong>Protect</strong>!<br></div><div class="battle-history"><small>Seafarer protected itself!</small><br></div><div class="spacer battle-history"><br></div><div class="battle-history">The opposing Whimsicott used <strong>Moonblast</strong>!<br></div><div class="battle-history"><small>Seafarer protected itself!</small><br></div><div class="spacer battle-history"><br></div><div class="battle-history">The opposing Arctovish used <strong>Stone Edge</strong>!<br></div><div class="battle-history"><small>(Stardust lost <abbr title="−67/177">37.9%</abbr> of its health!)</small><br></div><div class="battle-history"><small>The opposing Arctovish lost some of its HP!</small><br></div><div class="spacer battle-history"><br></div><div class="battle-history">Stardust fainted!<br></div><div class="spacer battle-history"><br></div><div class="battle-history"><small>(Rain continues to fall.)</small><br></div><div class="battle-history"><small>The opposing team's Aurora Veil wore off!</small><br></div><div class="spacer battle-history"><br></div><div class="battle-history">Go! Tusk (<strong>Walrein-Mega</strong>)!<br></div><div class="spacer battle-history"><br></div><h2 class="battle-history">Turn 6</h2><div class="spacer battle-history"><br></div><div class="battle-history">The opposing Whimsicott used <strong>Moonblast</strong>!<br></div><div class="battle-history"><small>It's super effective!</small><br></div><div class="battle-history"><small>(Seafarer lost <abbr title="−92/150">61.3%</abbr> of its health!)</small><br></div><div class="spacer battle-history"><br></div><div class="battle-history">Seafarer used <strong>Hurricane</strong>!<br></div><div class="battle-history"><small>It's super effective!</small><br></div><div class="battle-history"><small>(The opposing Whimsicott lost <abbr title="−42/48 pixels">85.5–87.5%</abbr> of its health!)</small><br></div><div class="battle-history"><small>The opposing Whimsicott became confused!</small><br></div><div class="spacer battle-history"><br></div><div class="battle-history">The opposing Arctovish used <strong>Stone Edge</strong>!<br></div><div class="battle-history"><small>It's super effective!</small><br></div><div class="battle-history"><small>(Tusk lost <abbr title="−125/217">57.6%</abbr> of its health!)</small><br></div><div class="battle-history"><small>The opposing Arctovish lost some of its HP!</small><br></div><div class="spacer battle-history"><br></div><div class="battle-history">Tusk used <strong>Freeze-Dry</strong>!<br></div><div class="battle-history"><small>It's super effective!</small><br></div><div class="battle-history"><small>(The opposing Whimsicott lost <abbr title="−6/48 pixels">12.5–14.5%</abbr> of its health!)</small><br></div><div class="spacer battle-history"><br></div><div class="battle-history">The opposing Whimsicott fainted!<br></div><div class="spacer battle-history"><br></div><div class="battle-history"><small>(Rain continues to fall.)</small><br></div><div class="chat"><small> ry42 left</small></div><div class="spacer battle-history"><br></div><div class="battle-history">pitterpatter5786 sent out Aurorus (<strong>Aurorus-Mega</strong>)!<br></div><div class="battle-history">[The opposing Aurorus's Diamond Dust]<br></div><div class="battle-history"><small>A cloud of diamond dust blew in!</small><br></div><div class="battle-history"><small>All Rock-type damage, including Stealth Rock, will be nullified.</small><br></div><div class="battle-history"><small>Other weather-related moves and Abilities will behave as they do in hail.</small><br></div><div class="spacer battle-history"><br></div><h2 class="battle-history">Turn 7</h2><div class="chat"><small> ry42 joined</small></div><div class="spacer battle-history"><br></div><div class="battle-history">The opposing Arctovish used <strong>Stone Edge</strong>!<br></div><div class="battle-history"><small>Seafarer was protected from Stone Edge by the diamond dust!</small><br></div><div class="battle-history"><small>It doesn't affect Seafarer...</small><br></div><div class="battle-history"><small>Seafarer surrounded itself with its Z-Power!</small><br></div><div class="spacer battle-history"><br></div><div class="battle-history"><small>Seafarer unleashes its full-force Z-Move!</small><br>Seafarer used <strong>Hydro Vortex</strong>!<br></div><div class="battle-history"><small>(The opposing Aurorus lost <abbr title="−23/48 pixels">45.9–49.9%</abbr> of its health!)</small><br></div><div class="spacer battle-history"><br></div><div class="battle-history">The opposing Aurorus used <strong>Thunderbolt</strong>!<br></div><div class="battle-history"><small>It's super effective!</small><br></div><div class="battle-history"><small>(Tusk lost <abbr title="−92/217">42.4%</abbr> of its health!)</small><br></div><div class="spacer battle-history"><br></div><div class="battle-history">Tusk fainted!<br></div><div class="spacer battle-history"><br></div><div class="battle-history"><small>The opposing team's Tailwind petered out!</small><br></div><div class="battle-history"><small>The air is sparkling with diamond dust!</small><br></div><div class="spacer battle-history"><br></div><h2 class="battle-history">Turn 8</h2><div class="chat chatmessage-blazinghero657 mine"><strong style="color:#2e9e35"><small>☆</small><span class="username" data-name="BlazingHero657">BlazingHero657</span>:</strong> <em>oh.</em></div><div class="chat chatmessage-pitterpatter5786"><strong style="color:#b749aa"><small>☆</small><span class="username" data-name="pitterpatter5786">pitterpatter5786</span>:</strong> <em>oh i forgot</em></div><div class="chat chatmessage-blazinghero657 mine"><strong style="color:#2e9e35"><small>☆</small><span class="username" data-name="BlazingHero657">BlazingHero657</span>:</strong> <em>ok.</em></div><div class="chat chatmessage-pitterpatter5786"><strong style="color:#b749aa"><small>☆</small><span class="username" data-name="pitterpatter5786">pitterpatter5786</span>:</strong> <em>i am stupid lmao</em></div><div class="chat chatmessage-asnomplaysshowdown"><strong style="color:#1bb1b6"><small> </small><span class="username" data-name="ASnomPlaysShowdown">ASnomPlaysShowdown</span>:</strong> <em>rip</em></div><div class="spacer battle-history"><br></div><div class="battle-history">The opposing Arctovish used <strong>Icicle Crash</strong>!<br></div><div class="battle-history"><small>(Seafarer lost <abbr title="−58/150">38.7%</abbr> of its health!)</small><br></div><div class="battle-history"><small>The opposing Arctovish lost some of its HP!</small><br></div><div class="spacer battle-history"><br></div><div class="battle-history">Seafarer fainted!<br></div><div class="spacer battle-history"><br></div><div class="battle-history"><strong>pitterpatter5786</strong> won the battle!<br></div><div class="chat chatmessage-pitterpatter5786"><strong style="color:#b749aa"><small>☆</small><span class="username" data-name="pitterpatter5786">pitterpatter5786</span>:</strong> <em>gg</em></div><div class="chat chatmessage-blazinghero657 mine"><strong style="color:#2e9e35"><small>☆</small><span class="username" data-name="BlazingHero657">BlazingHero657</span>:</strong> <em>don't think it mattered.</em></div><div class="chat chatmessage-blazinghero657 mine"><strong style="color:#2e9e35"><small>☆</small><span class="username" data-name="BlazingHero657">BlazingHero657</span>:</strong> <em>gg.</em></div></div><div class="inner-preempt message-log"></div></div></div>
</div>
<script>
let daily = Math.floor(Date.now()/1000/60/60/24);document.write('<script src="https://dragonheaven.herokuapp.com/js/replay-embed.js?version'+daily+'"></'+'script>');
</script>
