<!DOCTYPE html>
<meta charset="utf-8" />
<!-- version 1 -->
<title>[Gen 8] Megas for All replay: IsoCon vs. BotwNerd745</title>
<style>
html,body {font-family:Verdana, sans-serif;font-size:10pt;margin:0;padding:0;}body{padding:12px 0;} .battle-log {font-family:Verdana, sans-serif;font-size:10pt;} .battle-log-inline {border:1px solid #AAAAAA;background:#EEF2F5;color:black;max-width:640px;margin:0 auto 80px;padding-bottom:5px;} .battle-log .inner {padding:4px 8px 0px 8px;} .battle-log .inner-preempt {padding:0 8px 4px 8px;} .battle-log .inner-after {margin-top:0.5em;} .battle-log h2 {margin:0.5em -8px;padding:4px 8px;border:1px solid #AAAAAA;background:#E0E7EA;border-left:0;border-right:0;font-family:Verdana, sans-serif;font-size:13pt;} .battle-log .chat {vertical-align:middle;padding:3px 0 3px 0;font-size:8pt;} .battle-log .chat strong {color:#40576A;} .battle-log .chat em {padding:1px 4px 1px 3px;color:#000000;font-style:normal;} .chat.mine {background:rgba(0,0,0,0.05);margin-left:-8px;margin-right:-8px;padding-left:8px;padding-right:8px;} .spoiler {color:#BBBBBB;background:#BBBBBB;padding:0px 3px;} .spoiler:hover, .spoiler:active, .spoiler-shown {color:#000000;background:#E2E2E2;padding:0px 3px;} .spoiler a {color:#BBBBBB;} .spoiler:hover a, .spoiler:active a, .spoiler-shown a {color:#2288CC;} .chat code, .chat .spoiler:hover code, .chat .spoiler:active code, .chat .spoiler-shown code {border:1px solid #C0C0C0;background:#EEEEEE;color:black;padding:0 2px;} .chat .spoiler code {border:1px solid #CCCCCC;background:#CCCCCC;color:#CCCCCC;} .battle-log .rated {padding:3px 4px;} .battle-log .rated strong {color:white;background:#89A;padding:1px 4px;border-radius:4px;} .spacer {margin-top:0.5em;} .message-announce {background:#6688AA;color:white;padding:1px 4px 2px;} .message-announce a, .broadcast-green a, .broadcast-blue a, .broadcast-red a {color:#DDEEFF;} .broadcast-green {background-color:#559955;color:white;padding:2px 4px;} .broadcast-blue {background-color:#6688AA;color:white;padding:2px 4px;} .infobox {border:1px solid #6688AA;padding:2px 4px;} .infobox-limited {max-height:200px;overflow:auto;overflow-x:hidden;} .broadcast-red {background-color:#AA5544;color:white;padding:2px 4px;} .message-learn-canlearn {font-weight:bold;color:#228822;text-decoration:underline;} .message-learn-cannotlearn {font-weight:bold;color:#CC2222;text-decoration:underline;} .message-effect-weak {font-weight:bold;color:#CC2222;} .message-effect-resist {font-weight:bold;color:#6688AA;} .message-effect-immune {font-weight:bold;color:#666666;} .message-learn-list {margin-top:0;margin-bottom:0;} .message-throttle-notice, .message-error {color:#992222;} .message-overflow, .chat small.message-overflow {font-size:0pt;} .message-overflow::before {font-size:9pt;content:'...';} .subtle {color:#3A4A66;}
</style>
<div class="wrapper replay-wrapper" style="max-width:1180px;margin:0 auto">
<input type="hidden" name="replayid" value="dragonheaven-gen8megasforall-821" />
<div class="battle"></div><div class="battle-log"></div><div class="replay-controls"></div><div class="replay-controls-2"></div>
<h1 style="font-weight:normal;text-align:center"><strong>[Gen 8] Megas for All</strong><br /><a href="http://pokemonshowdown.com/users/isocon" class="subtle" target="_blank">IsoCon</a> vs. <a href="http://pokemonshowdown.com/users/botwnerd745" class="subtle" target="_blank">BotwNerd745</a></h1>
<script type="text/plain" class="battle-log-data">|j|☆IsoCon

|j|☆BotwNerd745
|t:|1610824760
|player|p1|IsoCon|acetrainersnowf|
|player|p2|BotwNerd745|burgh|
|teamsize|p1|6
|teamsize|p2|6
|gametype|singles
|gen|8
|tier|[Gen 8] Megas for All
|clearpoke
|poke|p1|Dragonite, M|
|poke|p1|Reuniclus, F|
|poke|p1|Gliscor, M|
|poke|p1|Magearna|
|poke|p1|Blissey, F|
|poke|p1|Serperior, M|
|poke|p2|Skarmory, M|
|poke|p2|Boltund, F|
|poke|p2|Rotom-Wash|
|poke|p2|Flygon, M|
|poke|p2|Cobalion|
|poke|p2|Mimikyu, F|
|rule|HP Percentage Mod: HP is shown in percentages
|rule|Endless Battle Clause: Forcing endless battles is banned
|rule|OHKO Clause: OHKO moves are banned
|rule|Evasion Moves Clause: Evasion moves are banned
|rule|Species Clause: Limit one of each Pokémon
|rule|Dynamax Clause: You cannot dynamax
|rule|Sleep Clause Mod: Limit one foe put to sleep
|rule|Freeze Clause Mod: Limit one foe frozen
|raw|<img src="https:\/\/www.smogon.com\/forums\/attachments\/banner_2-png.302358\/" height="65" width="381">
|-message|Welcome to Megas for All!
|-message|This is a National Dex-based format where we aim to give a new Mega Evolution to every Pokémon.
|-message|Just like any official format, you can still only Mega Evolve one Pokémon per team!
|-message|You can find our thread and metagame resources here:
|-message|https:\/\/www.smogon.com\/forums\/threads\/3671140\/
|teampreview
|j|+inkbug1
|
|t:|1610824772
|start
|switch|p1a: Reuniclus|Reuniclus, F|423\/423
|switch|p2a: Staticpuff|Boltund, F|100\/100
|turn|1
|
|t:|1610824791
|detailschange|p2a: Staticpuff|Boltund-Mega, F
|-mega|p2a: Staticpuff|Boltund|Boltundite
|-start|p2a: Staticpuff|typechange|Electric\/Fairy|[silent]
|raw|<ul class="utilichart"><li class="result"><span class="col pokemonnamecol" style="white-space: nowrap">Boltund-Mega<\/span> <span class="col typecol"><img src="https:\/\/play.pokemonshowdown.com\/sprites\/types\/Electric.png" alt="Electric" height="14" width="32"><img src="https:\/\/play.pokemonshowdown.com\/sprites\/types\/Fairy.png" alt="Fairy" height="14" width="32"><\/span> <span style="float: left ; min-height: 26px"><span class="col abilitycol">Adrenaline<\/span><span class="col abilitycol"><\/span><\/span><span style="float: left ; min-height: 26px"><span class="col statcol"><em>HP<\/em><br>69<\/span> <span class="col statcol"><em>Atk<\/em><br>140<\/span> <span class="col statcol"><em>Def<\/em><br>60<\/span> <span class="col statcol"><em>SpA<\/em><br>115<\/span> <span class="col statcol"><em>SpD<\/em><br>60<\/span> <span class="col statcol"><em>Spe<\/em><br>146<\/span> <\/span><\/li><li style="clear: both"><\/li><\/ul>
|move|p2a: Staticpuff|Play Rough|p1a: Reuniclus
|-damage|p1a: Reuniclus|189\/423
|move|p1a: Reuniclus|Psycho Boost|p2a: Staticpuff
|-damage|p2a: Staticpuff|0 fnt
|-unboost|p1a: Reuniclus|spa|2
|faint|p2a: Staticpuff
|
|upkeep
|
|t:|1610824804
|switch|p2a: Mimikyu|Mimikyu, F|100\/100
|turn|2
|
|t:|1610824822
|move|p2a: Mimikyu|Swords Dance|p2a: Mimikyu
|-boost|p2a: Mimikyu|atk|2
|move|p1a: Reuniclus|Psyshock|p2a: Mimikyu
|-activate|p2a: Mimikyu|ability: Disguise
|-damage|p2a: Mimikyu|100\/100
|detailschange|p2a: Mimikyu|Mimikyu-Busted, F
|-damage|p2a: Mimikyu|88\/100|[from] pokemon: Mimikyu-Busted
|
|upkeep
|turn|3
|
|t:|1610824831
|switch|p1a: Blissey|Blissey, F|713\/713
|move|p2a: Mimikyu|Shadow Sneak|p1a: Blissey
|-immune|p1a: Blissey
|
|upkeep
|turn|4
|
|t:|1610824838
|switch|p1a: Magearna|Magearna|364\/364
|move|p2a: Mimikyu|Drain Punch|p1a: Magearna
|-damage|p1a: Magearna|232\/364
|-heal|p2a: Mimikyu|100\/100|[from] drain|[of] p1a: Magearna
|
|-heal|p1a: Magearna|254\/364|[from] item: Leftovers
|upkeep
|turn|5
|
|t:|1610824850
|move|p2a: Mimikyu|Shadow Sneak|p1a: Magearna
|-damage|p1a: Magearna|163\/364
|move|p1a: Magearna|Fleur Cannon|p2a: Mimikyu
|-damage|p2a: Mimikyu|2\/100
|-unboost|p1a: Magearna|spa|2
|
|-heal|p1a: Magearna|185\/364|[from] item: Leftovers
|upkeep
|turn|6
|
|t:|1610824864
|move|p2a: Mimikyu|Shadow Sneak|p1a: Magearna
|-damage|p1a: Magearna|94\/364
|move|p1a: Magearna|Volt Switch|p2a: Mimikyu
|-damage|p2a: Mimikyu|0 fnt
|faint|p2a: Mimikyu
|-ability|p1a: Magearna|Soul-Heart|boost
|-boost|p1a: Magearna|spa|1
|
|t:|1610824872
|switch|p1a: Reuniclus|Reuniclus, F|330\/423
|
|upkeep
|
|t:|1610824883
|switch|p2a: Arrow|Skarmory, M|100\/100
|turn|7
|
|t:|1610824894
|move|p2a: Arrow|Iron Head|p1a: Reuniclus
|-damage|p1a: Reuniclus|236\/423
|move|p1a: Reuniclus|Future Sight|p2a: Arrow
|-start|p1a: Reuniclus|move: Future Sight
|
|upkeep
|turn|8
|
|t:|1610824899
|move|p2a: Arrow|Iron Head|p1a: Reuniclus
|-damage|p1a: Reuniclus|136\/423
|cant|p1a: Reuniclus|flinch
|
|upkeep
|turn|9
|
|t:|1610824916
|switch|p1a: Gliscor|Gliscor, M|352\/352
|move|p2a: Arrow|Iron Head|p1a: Gliscor
|-damage|p1a: Gliscor|289\/352
|
|-end|p2a: Arrow|move: Future Sight
|-resisted|p2a: Arrow
|-damage|p2a: Arrow|69\/100
|-heal|p2a: Arrow|75\/100|[from] item: Leftovers
|-status|p1a: Gliscor|tox|[from] item: Toxic Orb
|upkeep
|turn|10
|
|t:|1610824935
|move|p1a: Gliscor|U-turn|p2a: Arrow
|-resisted|p2a: Arrow
|-damage|p2a: Arrow|73\/100
|
|t:|1610824944
|switch|p1a: Reuniclus|Reuniclus, F|277\/423
|move|p2a: Arrow|Drill Peck|p1a: Reuniclus
|-damage|p1a: Reuniclus|175\/423
|
|-heal|p2a: Arrow|79\/100|[from] item: Leftovers
|upkeep
|turn|11
|
|t:|1610824953
|switch|p1a: Gliscor|Gliscor, M|289\/352 tox
|move|p2a: Arrow|Iron Head|p1a: Gliscor
|-damage|p1a: Gliscor|226\/352 tox
|
|-heal|p2a: Arrow|85\/100|[from] item: Leftovers
|-heal|p1a: Gliscor|270\/352 tox|[from] ability: Poison Heal
|upkeep
|turn|12
|
|t:|1610824963
|switch|p2a: SplishSplash|Rotom-Wash|100\/100
|move|p1a: Gliscor|U-turn|p2a: SplishSplash
|-damage|p2a: SplishSplash|79\/100
|
|t:|1610824968
|switch|p1a: Serperior|Serperior, M|305\/305
|
|upkeep
|turn|13
|
|t:|1610824977
|switch|p2a: dog?|Cobalion|100\/100
|move|p1a: Serperior|Substitute|p1a: Serperior
|-start|p1a: Serperior|Substitute
|-damage|p1a: Serperior|229\/305
|
|-heal|p1a: Serperior|248\/305|[from] item: Leftovers
|upkeep
|turn|14
|
|t:|1610824990
|move|p1a: Serperior|Leaf Storm|p2a: dog?
|-resisted|p2a: dog?
|-damage|p2a: dog?|71\/100
|-boost|p1a: Serperior|spa|2
|move|p2a: dog?|Close Combat|p1a: Serperior
|-end|p1a: Serperior|Substitute
|-unboost|p2a: dog?|def|1
|-unboost|p2a: dog?|spd|1
|
|-heal|p1a: Serperior|267\/305|[from] item: Leftovers
|-heal|p2a: dog?|77\/100|[from] item: Leftovers
|upkeep
|turn|15
|
|t:|1610825002
|move|p1a: Serperior|Hidden Power|p2a: dog?
|-supereffective|p2a: dog?
|-damage|p2a: dog?|0 fnt
|faint|p2a: dog?
|
|-heal|p1a: Serperior|286\/305|[from] item: Leftovers
|upkeep
|
|t:|1610825009
|switch|p2a: Arrow|Skarmory, M|85\/100
|turn|16
|
|t:|1610825014
|move|p1a: Serperior|Hidden Power|p2a: Arrow
|-supereffective|p2a: Arrow
|-damage|p2a: Arrow|14\/100
|move|p2a: Arrow|Drill Peck|p1a: Serperior
|-supereffective|p1a: Serperior
|-damage|p1a: Serperior|130\/305
|
|-heal|p1a: Serperior|149\/305|[from] item: Leftovers
|-heal|p2a: Arrow|20\/100|[from] item: Leftovers
|upkeep
|turn|17
|
|t:|1610825023
|move|p1a: Serperior|Leaf Storm|p2a: Arrow
|-resisted|p2a: Arrow
|-damage|p2a: Arrow|0 fnt
|-boost|p1a: Serperior|spa|2
|faint|p2a: Arrow
|
|-heal|p1a: Serperior|168\/305|[from] item: Leftovers
|upkeep
|
|t:|1610825037
|switch|p2a: TTTTTTTTTTTT II|Flygon, M|100\/100
|turn|18
|
|t:|1610825045
|move|p1a: Serperior|Glare|p2a: TTTTTTTTTTTT II
|-status|p2a: TTTTTTTTTTTT II|par
|move|p2a: TTTTTTTTTTTT II|Dragon Claw|p1a: Serperior
|-damage|p1a: Serperior|39\/305
|
|-heal|p1a: Serperior|58\/305|[from] item: Leftovers
|upkeep
|turn|19
|
|t:|1610825053
|move|p1a: Serperior|Leaf Storm|p2a: TTTTTTTTTTTT II
|-damage|p2a: TTTTTTTTTTTT II|0 fnt
|-boost|p1a: Serperior|spa|2
|faint|p2a: TTTTTTTTTTTT II
|
|-heal|p1a: Serperior|77\/305|[from] item: Leftovers
|upkeep
|
|t:|1610825062
|switch|p2a: SplishSplash|Rotom-Wash|79\/100
|turn|20
|
|t:|1610825066
|move|p1a: Serperior|Leaf Storm|p2a: SplishSplash
|-supereffective|p2a: SplishSplash
|-damage|p2a: SplishSplash|0 fnt
|faint|p2a: SplishSplash
|
|win|IsoCon
|c|☆IsoCon|gg</script>
</div>
<div class="battle-log battle-log-inline"><div class="inner"><div class="battle-options"><div style="padding-top: 3px; padding-right: 3px; text-align: right"><button class="icon button" name="openBattleOptions" title="Options">Battle Options</button></div></div><div class="inner message-log"><div class="chat"><small>☆IsoCon and ☆BotwNerd745 joined</small></div><div class=""><small>Format:</small> <br><strong>[Gen 8] Megas for All</strong></div><div class=""><small><em>HP Percentage Mod:</em> HP is shown in percentages</small></div><div class=""><small><em>Endless Battle Clause:</em> Forcing endless battles is banned</small></div><div class=""><small><em>OHKO Clause:</em> OHKO moves are banned</small></div><div class=""><small><em>Evasion Moves Clause:</em> Evasion moves are banned</small></div><div class=""><small><em>Species Clause:</em> Limit one of each Pokémon</small></div><div class=""><small><em>Dynamax Clause:</em> You cannot dynamax</small></div><div class=""><small><em>Sleep Clause Mod:</em> Limit one foe put to sleep</small></div><div class=""><small><em>Freeze Clause Mod:</em> Limit one foe frozen</small></div><div class="chat"><img src="https://www.smogon.com/forums/attachments/banner_2-png.302358/" height="65" width="381"></div><div class="spacer battle-history"><br></div><div class="battle-history"><small>Welcome to Megas for All!</small><br></div><div class="battle-history"><small>This is a National Dex-based format where we aim to give a new Mega Evolution to every Pokémon.</small><br></div><div class="battle-history"><small>Just like any official format, you can still only Mega Evolve one Pokémon per team!</small><br></div><div class="battle-history"><small>You can find our thread and metagame resources here:</small><br></div><div class="battle-history"><small>https://www.smogon.com/forums/threads/3671140/</small><br></div><div class="chat battle-history"><strong>IsoCon's team:</strong> <em style="color:#445566;display:block;">Dragonite / Reuniclus / Gliscor / Magearna / Blissey / Serperior</em></div><div class="chat battle-history"><strong>BotwNerd745's team:</strong> <em style="color:#445566;display:block;">Skarmory / Boltund / Rotom-Wash / Flygon / Cobalion / Mimikyu</em></div><div class="chat"><small>+inkbug1 joined</small></div><div class="spacer battle-history"><br></div><div class="battle-history">Battle started between IsoCon and BotwNerd745!<br></div><div class="spacer battle-history"><br></div><div class="battle-history">Go! <strong>Reuniclus</strong>!<br></div><div class="spacer battle-history"><br></div><div class="battle-history">BotwNerd745 sent out Staticpuff (<strong>Boltund</strong>)!<br></div><div class="spacer battle-history"><br></div><h2 class="battle-history">Turn 1</h2><div class="spacer battle-history"><br></div><div class="battle-history"><small>The opposing Staticpuff's Boltundite is reacting to the Key Stone!</small><br>The opposing Staticpuff has Mega Evolved into Mega Boltund!<br></div><div class="chat"><ul class="utilichart"><li class="result"><span class="col pokemonnamecol" style="white-space: nowrap">Boltund-Mega</span> <span class="col typecol"><img src="https://play.pokemonshowdown.com/sprites/types/Electric.png" alt="Electric" height="14" width="32"><img src="https://play.pokemonshowdown.com/sprites/types/Fairy.png" alt="Fairy" height="14" width="32"></span> <span style="float: left ; min-height: 26px"><span class="col abilitycol">Adrenaline</span><span class="col abilitycol"></span></span><span style="float: left ; min-height: 26px"><span class="col statcol"><em>HP</em><br>69</span> <span class="col statcol"><em>Atk</em><br>140</span> <span class="col statcol"><em>Def</em><br>60</span> <span class="col statcol"><em>SpA</em><br>115</span> <span class="col statcol"><em>SpD</em><br>60</span> <span class="col statcol"><em>Spe</em><br>146</span> </span></li><li style="clear: both"></li></ul></div><div class="spacer battle-history"><br></div><div class="battle-history">The opposing Staticpuff used <strong>Play Rough</strong>!<br></div><div class="battle-history"><small>(Reuniclus lost <abbr title="−234/423">55.3%</abbr> of its health!)</small><br></div><div class="spacer battle-history"><br></div><div class="battle-history">Reuniclus used <strong>Psycho Boost</strong>!<br></div><div class="battle-history"><small>(The opposing Staticpuff lost 100% of its health!)</small><br></div><div class="battle-history"><small>Reuniclus's Sp. Atk fell harshly!</small><br></div><div class="spacer battle-history"><br></div><div class="battle-history">The opposing Staticpuff fainted!<br></div><div class="spacer battle-history"><br></div><div class="battle-history">BotwNerd745 sent out <strong>Mimikyu</strong>!<br></div><div class="spacer battle-history"><br></div><h2 class="battle-history">Turn 2</h2><div class="spacer battle-history"><br></div><div class="battle-history">The opposing Mimikyu used <strong>Swords Dance</strong>!<br></div><div class="battle-history"><small>The opposing Mimikyu's Attack rose sharply!</small><br></div><div class="spacer battle-history"><br></div><div class="battle-history">Reuniclus used <strong>Psyshock</strong>!<br></div><div class="battle-history">[The opposing Mimikyu's Disguise]<br><small>Its disguise served it as a decoy!</small><br></div><div class="battle-history"><small>(The opposing Mimikyu lost 0% of its health!)</small><br></div><div class="battle-history">The opposing Mimikyu's disguise was busted!<br></div><div class="battle-history"><small>(The opposing Mimikyu was hurt!)</small><br></div><div class="spacer battle-history"><br></div><h2 class="battle-history">Turn 3</h2><div class="spacer battle-history"><br></div><div class="battle-history">Reuniclus, come back!<br></div><div class="battle-history">Go! <strong>Blissey</strong>!<br></div><div class="spacer battle-history"><br></div><div class="battle-history">The opposing Mimikyu used <strong>Shadow Sneak</strong>!<br></div><div class="battle-history"><small>It doesn't affect Blissey...</small><br></div><div class="spacer battle-history"><br></div><h2 class="battle-history">Turn 4</h2><div class="spacer battle-history"><br></div><div class="battle-history">Blissey, come back!<br></div><div class="battle-history">Go! <strong>Magearna</strong>!<br></div><div class="spacer battle-history"><br></div><div class="battle-history">The opposing Mimikyu used <strong>Drain Punch</strong>!<br></div><div class="battle-history"><small>(Magearna lost <abbr title="−132/364">36.3%</abbr> of its health!)</small><br></div><div class="battle-history"><small>Magearna had its energy drained!</small><br></div><div class="spacer battle-history"><br></div><div class="battle-history"><small>Magearna restored a little HP using its Leftovers!</small><br></div><div class="spacer battle-history"><br></div><h2 class="battle-history">Turn 5</h2><div class="spacer battle-history"><br></div><div class="battle-history">The opposing Mimikyu used <strong>Shadow Sneak</strong>!<br></div><div class="battle-history"><small>(Magearna lost <abbr title="−91/364">25%</abbr> of its health!)</small><br></div><div class="spacer battle-history"><br></div><div class="battle-history">Magearna used <strong>Fleur Cannon</strong>!<br></div><div class="battle-history"><small>(The opposing Mimikyu lost 98% of its health!)</small><br></div><div class="battle-history"><small>Magearna's Sp. Atk fell harshly!</small><br></div><div class="spacer battle-history"><br></div><div class="battle-history"><small>Magearna restored a little HP using its Leftovers!</small><br></div><div class="spacer battle-history"><br></div><h2 class="battle-history">Turn 6</h2><div class="spacer battle-history"><br></div><div class="battle-history">The opposing Mimikyu used <strong>Shadow Sneak</strong>!<br></div><div class="battle-history"><small>(Magearna lost <abbr title="−91/364">25%</abbr> of its health!)</small><br></div><div class="spacer battle-history"><br></div><div class="battle-history">Magearna used <strong>Volt Switch</strong>!<br></div><div class="battle-history"><small>(The opposing Mimikyu lost 2% of its health!)</small><br></div><div class="spacer battle-history"><br></div><div class="battle-history">The opposing Mimikyu fainted!<br></div><div class="battle-history">[Magearna's Soul-Heart]<br></div><div class="battle-history"><small>Magearna's Sp. Atk rose!</small><br></div><div class="spacer battle-history"><br></div><div class="battle-history">Magearna went back to IsoCon!<br></div><div class="battle-history">Go! <strong>Reuniclus</strong>!<br></div><div class="spacer battle-history"><br></div><div class="battle-history">BotwNerd745 sent out Arrow (<strong>Skarmory</strong>)!<br></div><div class="spacer battle-history"><br></div><h2 class="battle-history">Turn 7</h2><div class="spacer battle-history"><br></div><div class="battle-history">The opposing Arrow used <strong>Iron Head</strong>!<br></div><div class="battle-history"><small>(Reuniclus lost <abbr title="−94/423">22.2%</abbr> of its health!)</small><br></div><div class="spacer battle-history"><br></div><div class="battle-history">Reuniclus used <strong>Future Sight</strong>!<br></div><div class="battle-history"><small>Reuniclus foresaw an attack!</small><br></div><div class="spacer battle-history"><br></div><h2 class="battle-history">Turn 8</h2><div class="spacer battle-history"><br></div><div class="battle-history">The opposing Arrow used <strong>Iron Head</strong>!<br></div><div class="battle-history"><small>(Reuniclus lost <abbr title="−100/423">23.6%</abbr> of its health!)</small><br></div><div class="spacer battle-history"><br></div><div class="battle-history">Reuniclus flinched and couldn't move!<br></div><div class="spacer battle-history"><br></div><h2 class="battle-history">Turn 9</h2><div class="spacer battle-history"><br></div><div class="battle-history">Reuniclus, come back!<br></div><div class="battle-history">Go! <strong>Gliscor</strong>!<br></div><div class="spacer battle-history"><br></div><div class="battle-history">The opposing Arrow used <strong>Iron Head</strong>!<br></div><div class="battle-history"><small>(Gliscor lost <abbr title="−63/352">17.9%</abbr> of its health!)</small><br></div><div class="spacer battle-history"><br></div><div class="battle-history"><small>The opposing Arrow took the Future Sight attack!</small><br></div><div class="battle-history"><small>It's not very effective...</small><br></div><div class="battle-history"><small>(The opposing Arrow lost 31% of its health!)</small><br></div><div class="battle-history"><small>The opposing Arrow restored a little HP using its Leftovers!</small><br></div><div class="battle-history"><small>Gliscor was badly poisoned!</small><br></div><div class="spacer battle-history"><br></div><h2 class="battle-history">Turn 10</h2><div class="spacer battle-history"><br></div><div class="battle-history">Gliscor used <strong>U-turn</strong>!<br></div><div class="battle-history"><small>It's not very effective...</small><br></div><div class="battle-history"><small>(The opposing Arrow lost 2% of its health!)</small><br></div><div class="spacer battle-history"><br></div><div class="battle-history">Gliscor went back to IsoCon!<br></div><div class="battle-history">Go! <strong>Reuniclus</strong>!<br></div><div class="spacer battle-history"><br></div><div class="battle-history">The opposing Arrow used <strong>Drill Peck</strong>!<br></div><div class="battle-history"><small>(Reuniclus lost <abbr title="−102/423">24.1%</abbr> of its health!)</small><br></div><div class="spacer battle-history"><br></div><div class="battle-history"><small>The opposing Arrow restored a little HP using its Leftovers!</small><br></div><div class="spacer battle-history"><br></div><h2 class="battle-history">Turn 11</h2><div class="spacer battle-history"><br></div><div class="battle-history">Reuniclus, come back!<br></div><div class="battle-history">Go! <strong>Gliscor</strong>!<br></div><div class="spacer battle-history"><br></div><div class="battle-history">The opposing Arrow used <strong>Iron Head</strong>!<br></div><div class="battle-history"><small>(Gliscor lost <abbr title="−63/352">17.9%</abbr> of its health!)</small><br></div><div class="spacer battle-history"><br></div><div class="battle-history"><small>The opposing Arrow restored a little HP using its Leftovers!</small><br></div><div class="battle-history">[Gliscor's Poison Heal]<br><small>Gliscor had its HP restored.</small><br></div><div class="spacer battle-history"><br></div><h2 class="battle-history">Turn 12</h2><div class="spacer battle-history"><br></div><div class="battle-history">BotwNerd745 withdrew Arrow!<br></div><div class="battle-history">BotwNerd745 sent out SplishSplash (<strong>Rotom-Wash</strong>)!<br></div><div class="spacer battle-history"><br></div><div class="battle-history">Gliscor used <strong>U-turn</strong>!<br></div><div class="battle-history"><small>(The opposing SplishSplash lost 21% of its health!)</small><br></div><div class="spacer battle-history"><br></div><div class="battle-history">Gliscor went back to IsoCon!<br></div><div class="battle-history">Go! <strong>Serperior</strong>!<br></div><div class="spacer battle-history"><br></div><h2 class="battle-history">Turn 13</h2><div class="spacer battle-history"><br></div><div class="battle-history">BotwNerd745 withdrew SplishSplash!<br></div><div class="battle-history">BotwNerd745 sent out dog? (<strong>Cobalion</strong>)!<br></div><div class="spacer battle-history"><br></div><div class="battle-history">Serperior used <strong>Substitute</strong>!<br></div><div class="battle-history"><small>Serperior put in a substitute!</small><br></div><div class="battle-history"><small>(Serperior lost <abbr title="−76/305">24.9%</abbr> of its health!)</small><br></div><div class="spacer battle-history"><br></div><div class="battle-history"><small>Serperior restored a little HP using its Leftovers!</small><br></div><div class="spacer battle-history"><br></div><h2 class="battle-history">Turn 14</h2><div class="spacer battle-history"><br></div><div class="battle-history">Serperior used <strong>Leaf Storm</strong>!<br></div><div class="battle-history"><small>It's not very effective...</small><br></div><div class="battle-history"><small>(The opposing dog? lost 29% of its health!)</small><br></div><div class="battle-history"><small>Serperior's Sp. Atk rose sharply!</small><br></div><div class="spacer battle-history"><br></div><div class="battle-history">The opposing dog? used <strong>Close Combat</strong>!<br></div><div class="battle-history"><small>Serperior's substitute faded!</small><br></div><div class="battle-history"><small>The opposing dog?'s Defense fell!</small><br></div><div class="battle-history"><small>The opposing dog?'s Sp. Def fell!</small><br></div><div class="spacer battle-history"><br></div><div class="battle-history"><small>Serperior restored a little HP using its Leftovers!</small><br></div><div class="battle-history"><small>The opposing dog? restored a little HP using its Leftovers!</small><br></div><div class="spacer battle-history"><br></div><h2 class="battle-history">Turn 15</h2><div class="spacer battle-history"><br></div><div class="battle-history">Serperior used <strong>Hidden Power</strong>!<br></div><div class="battle-history"><small>It's super effective!</small><br></div><div class="battle-history"><small>(The opposing dog? lost 77% of its health!)</small><br></div><div class="spacer battle-history"><br></div><div class="battle-history">The opposing dog? fainted!<br></div><div class="spacer battle-history"><br></div><div class="battle-history"><small>Serperior restored a little HP using its Leftovers!</small><br></div><div class="spacer battle-history"><br></div><div class="battle-history">BotwNerd745 sent out Arrow (<strong>Skarmory</strong>)!<br></div><div class="spacer battle-history"><br></div><h2 class="battle-history">Turn 16</h2><div class="spacer battle-history"><br></div><div class="battle-history">Serperior used <strong>Hidden Power</strong>!<br></div><div class="battle-history"><small>It's super effective!</small><br></div><div class="battle-history"><small>(The opposing Arrow lost 71% of its health!)</small><br></div><div class="spacer battle-history"><br></div><div class="battle-history">The opposing Arrow used <strong>Drill Peck</strong>!<br></div><div class="battle-history"><small>It's super effective!</small><br></div><div class="battle-history"><small>(Serperior lost <abbr title="−156/305">51.1%</abbr> of its health!)</small><br></div><div class="spacer battle-history"><br></div><div class="battle-history"><small>Serperior restored a little HP using its Leftovers!</small><br></div><div class="battle-history"><small>The opposing Arrow restored a little HP using its Leftovers!</small><br></div><div class="spacer battle-history"><br></div><h2 class="battle-history">Turn 17</h2><div class="spacer battle-history"><br></div><div class="battle-history">Serperior used <strong>Leaf Storm</strong>!<br></div><div class="battle-history"><small>It's not very effective...</small><br></div><div class="battle-history"><small>(The opposing Arrow lost 20% of its health!)</small><br></div><div class="battle-history"><small>Serperior's Sp. Atk rose sharply!</small><br></div><div class="spacer battle-history"><br></div><div class="battle-history">The opposing Arrow fainted!<br></div><div class="spacer battle-history"><br></div><div class="battle-history"><small>Serperior restored a little HP using its Leftovers!</small><br></div><div class="spacer battle-history"><br></div><div class="battle-history">BotwNerd745 sent out TTTTTTTTTTTT II (<strong>Flygon</strong>)!<br></div><div class="spacer battle-history"><br></div><h2 class="battle-history">Turn 18</h2><div class="spacer battle-history"><br></div><div class="battle-history">Serperior used <strong>Glare</strong>!<br></div><div class="battle-history"><small>The opposing TTTTTTTTTTTT II is paralyzed! It may be unable to move!</small><br></div><div class="spacer battle-history"><br></div><div class="battle-history">The opposing TTTTTTTTTTTT II used <strong>Dragon Claw</strong>!<br></div><div class="battle-history"><small>(Serperior lost <abbr title="−129/305">42.3%</abbr> of its health!)</small><br></div><div class="spacer battle-history"><br></div><div class="battle-history"><small>Serperior restored a little HP using its Leftovers!</small><br></div><div class="spacer battle-history"><br></div><h2 class="battle-history">Turn 19</h2><div class="spacer battle-history"><br></div><div class="battle-history">Serperior used <strong>Leaf Storm</strong>!<br></div><div class="battle-history"><small>(The opposing TTTTTTTTTTTT II lost 100% of its health!)</small><br></div><div class="battle-history"><small>Serperior's Sp. Atk rose sharply!</small><br></div><div class="spacer battle-history"><br></div><div class="battle-history">The opposing TTTTTTTTTTTT II fainted!<br></div><div class="spacer battle-history"><br></div><div class="battle-history"><small>Serperior restored a little HP using its Leftovers!</small><br></div><div class="spacer battle-history"><br></div><div class="battle-history">BotwNerd745 sent out SplishSplash (<strong>Rotom-Wash</strong>)!<br></div><div class="spacer battle-history"><br></div><h2 class="battle-history">Turn 20</h2><div class="spacer battle-history"><br></div><div class="battle-history">Serperior used <strong>Leaf Storm</strong>!<br></div><div class="battle-history"><small>It's super effective!</small><br></div><div class="battle-history"><small>(The opposing SplishSplash lost 79% of its health!)</small><br></div><div class="spacer battle-history"><br></div><div class="battle-history">The opposing SplishSplash fainted!<br></div><div class="spacer battle-history"><br></div><div class="battle-history"><strong>IsoCon</strong> won the battle!<br></div><div class="chat chatmessage-isocon mine"><strong style="color:#616adf"><small>☆</small><span class="username" data-name="IsoCon">IsoCon</span>:</strong> <em>gg</em></div></div><div class="inner-preempt message-log"></div></div></div>
</div>
<script>
let daily = Math.floor(Date.now()/1000/60/60/24);document.write('<script src="https://dragonheaven.herokuapp.com/js/replay-embed.js?version'+daily+'"></'+'script>');
</script>
