<!DOCTYPE html>
<meta charset="utf-8" />
<!-- version 1 -->
<title>[Gen 8] Megas for All replay: Woopersons 42 vs. ViZarPKMN</title>
<style>
html,body {font-family:Verdana, sans-serif;font-size:10pt;margin:0;padding:0;}body{padding:12px 0;} .battle-log {font-family:Verdana, sans-serif;font-size:10pt;} .battle-log-inline {border:1px solid #AAAAAA;background:#EEF2F5;color:black;max-width:640px;margin:0 auto 80px;padding-bottom:5px;} .battle-log .inner {padding:4px 8px 0px 8px;} .battle-log .inner-preempt {padding:0 8px 4px 8px;} .battle-log .inner-after {margin-top:0.5em;} .battle-log h2 {margin:0.5em -8px;padding:4px 8px;border:1px solid #AAAAAA;background:#E0E7EA;border-left:0;border-right:0;font-family:Verdana, sans-serif;font-size:13pt;} .battle-log .chat {vertical-align:middle;padding:3px 0 3px 0;font-size:8pt;} .battle-log .chat strong {color:#40576A;} .battle-log .chat em {padding:1px 4px 1px 3px;color:#000000;font-style:normal;} .chat.mine {background:rgba(0,0,0,0.05);margin-left:-8px;margin-right:-8px;padding-left:8px;padding-right:8px;} .spoiler {color:#BBBBBB;background:#BBBBBB;padding:0px 3px;} .spoiler:hover, .spoiler:active, .spoiler-shown {color:#000000;background:#E2E2E2;padding:0px 3px;} .spoiler a {color:#BBBBBB;} .spoiler:hover a, .spoiler:active a, .spoiler-shown a {color:#2288CC;} .chat code, .chat .spoiler:hover code, .chat .spoiler:active code, .chat .spoiler-shown code {border:1px solid #C0C0C0;background:#EEEEEE;color:black;padding:0 2px;} .chat .spoiler code {border:1px solid #CCCCCC;background:#CCCCCC;color:#CCCCCC;} .battle-log .rated {padding:3px 4px;} .battle-log .rated strong {color:white;background:#89A;padding:1px 4px;border-radius:4px;} .spacer {margin-top:0.5em;} .message-announce {background:#6688AA;color:white;padding:1px 4px 2px;} .message-announce a, .broadcast-green a, .broadcast-blue a, .broadcast-red a {color:#DDEEFF;} .broadcast-green {background-color:#559955;color:white;padding:2px 4px;} .broadcast-blue {background-color:#6688AA;color:white;padding:2px 4px;} .infobox {border:1px solid #6688AA;padding:2px 4px;} .infobox-limited {max-height:200px;overflow:auto;overflow-x:hidden;} .broadcast-red {background-color:#AA5544;color:white;padding:2px 4px;} .message-learn-canlearn {font-weight:bold;color:#228822;text-decoration:underline;} .message-learn-cannotlearn {font-weight:bold;color:#CC2222;text-decoration:underline;} .message-effect-weak {font-weight:bold;color:#CC2222;} .message-effect-resist {font-weight:bold;color:#6688AA;} .message-effect-immune {font-weight:bold;color:#666666;} .message-learn-list {margin-top:0;margin-bottom:0;} .message-throttle-notice, .message-error {color:#992222;} .message-overflow, .chat small.message-overflow {font-size:0pt;} .message-overflow::before {font-size:9pt;content:'...';} .subtle {color:#3A4A66;}
</style>
<div class="wrapper replay-wrapper" style="max-width:1180px;margin:0 auto">
<input type="hidden" name="replayid" value="dragonheaven-gen8megasforall-298" />
<div class="battle"></div><div class="battle-log"></div><div class="replay-controls"></div><div class="replay-controls-2"></div>
<h1 style="font-weight:normal;text-align:center"><strong>[Gen 8] Megas for All</strong><br /><a href="http://pokemonshowdown.com/users/woopersons42" class="subtle" target="_blank">Woopersons 42</a> vs. <a href="http://pokemonshowdown.com/users/vizarpkmn" class="subtle" target="_blank">ViZarPKMN</a></h1>
<script type="text/plain" class="battle-log-data">|j|☆Woopersons 42
|j|☆ViZarPKMN
|t:|1615749195
|player|p1|Woopersons 42|hilda|
|player|p2|ViZarPKMN|benga|
|teamsize|p1|6
|teamsize|p2|6
|gametype|singles
|gen|8
|tier|[Gen 8] Megas for All
|clearpoke
|poke|p1|Boltund, F|
|poke|p1|Tapu Koko|
|poke|p1|Hitmonlee, M|
|poke|p1|Gliscor, F|
|poke|p1|Inteleon, F|
|poke|p1|Goodra, M|
|poke|p2|Sawsbuck, M|
|poke|p2|Clefable, F|
|poke|p2|Blissey, F|
|poke|p2|Toxapex, F|
|poke|p2|Corviknight, M|
|poke|p2|Avalugg, F|
|rule|HP Percentage Mod: HP is shown in percentages
|rule|Endless Battle Clause: Forcing endless battles is banned
|rule|OHKO Clause: OHKO moves are banned
|rule|Evasion Moves Clause: Evasion moves are banned
|rule|Species Clause: Limit one of each Pokémon
|rule|Dynamax Clause: You cannot dynamax
|rule|Sleep Clause Mod: Limit one foe put to sleep
|rule|Freeze Clause Mod: Limit one foe frozen
|raw|<img src="https:\/\/www.smogon.com\/forums\/attachments\/banner_2-png.302358\/" height="65" width="381">
|-message|Welcome to Megas for All!
|-message|This is a National Dex-based format where we aim to give a new Mega Evolution to every Pokémon.
|-message|Just like any official format, you can still only Mega Evolve one Pokémon per team!
|-message|You can find our thread and metagame resources here:
|-message|https:\/\/www.smogon.com\/forums\/threads\/3671140\/
|teampreview
|j|+inkbug1

|
|t:|1615749204
|start
|switch|p1a: Boltund|Boltund, F|100\/100
|switch|p2a: Sawsbuck|Sawsbuck, M|100\/100
|turn|1
|c|☆ViZarPKMN|glhf
|c|☆Woopersons 42|u2!
|
|t:|1615749217
|detailschange|p1a: Boltund|Boltund-Mega, F
|-mega|p1a: Boltund|Boltund|Boltundite
|-start|p1a: Boltund|typechange|Electric\/Fairy|[silent]
|raw|<ul class="utilichart"><li class="result"><span class="col pokemonnamecol" style="white-space: nowrap">Boltund-Mega<\/span> <span class="col typecol"><img src="https:\/\/play.pokemonshowdown.com\/sprites\/types\/Electric.png" alt="Electric" height="14" width="32"><img src="https:\/\/play.pokemonshowdown.com\/sprites\/types\/Fairy.png" alt="Fairy" height="14" width="32"><\/span> <span style="float: left ; min-height: 26px"><span class="col abilitycol">Adrenaline<\/span><span class="col abilitycol"><\/span><\/span><span style="float: left ; min-height: 26px"><span class="col statcol"><em>HP<\/em><br>69<\/span> <span class="col statcol"><em>Atk<\/em><br>140<\/span> <span class="col statcol"><em>Def<\/em><br>60<\/span> <span class="col statcol"><em>SpA<\/em><br>115<\/span> <span class="col statcol"><em>SpD<\/em><br>60<\/span> <span class="col statcol"><em>Spe<\/em><br>146<\/span> <\/span><\/li><li style="clear: both"><\/li><\/ul>
|detailschange|p2a: Sawsbuck|Sawsbuck-Mega, M
|-mega|p2a: Sawsbuck|Sawsbuck|Sawsbuckite
|-message|Sawsbuck fills the air with explosive powder!
|-start|p2a: Sawsbuck|typechange|Fairy\/Grass|[silent]
|raw|<ul class="utilichart"><li class="result"><span class="col pokemonnamecol" style="white-space: nowrap">Sawsbuck-Mega<\/span> <span class="col typecol"><img src="https:\/\/play.pokemonshowdown.com\/sprites\/types\/Fairy.png" alt="Fairy" height="14" width="32"><img src="https:\/\/play.pokemonshowdown.com\/sprites\/types\/Grass.png" alt="Grass" height="14" width="32"><\/span> <span style="float: left ; min-height: 26px"><span class="col abilitycol">Spring Fever<\/span><span class="col abilitycol"><\/span><\/span><span style="float: left ; min-height: 26px"><span class="col statcol"><em>HP<\/em><br>80<\/span> <span class="col statcol"><em>Atk<\/em><br>120<\/span> <span class="col statcol"><em>Def<\/em><br>80<\/span> <span class="col statcol"><em>SpA<\/em><br>100<\/span> <span class="col statcol"><em>SpD<\/em><br>80<\/span> <span class="col statcol"><em>Spe<\/em><br>115<\/span> <\/span><\/li><li style="clear: both"><\/li><\/ul>
|move|p1a: Boltund|Bulk Up|p1a: Boltund
|-boost|p1a: Boltund|atk|1
|-boost|p1a: Boltund|def|1
|move|p2a: Sawsbuck|Horn Leech|p1a: Boltund
|-damage|p1a: Boltund|66\/100
|
|upkeep
|turn|2
|
|t:|1615749227
|move|p1a: Boltund|Play Rough|p2a: Sawsbuck
|-damage|p2a: Sawsbuck|38\/100
|move|p2a: Sawsbuck|Stomping Tantrum|p1a: Boltund
|-supereffective|p1a: Boltund
|-damage|p1a: Boltund|14\/100
|
|upkeep
|turn|3
|
|t:|1615749234
|switch|p2a: Toxapex|Toxapex, F|100\/100
|move|p1a: Boltund|Play Rough|p2a: Toxapex
|-resisted|p2a: Toxapex
|-damage|p2a: Toxapex|75\/100
|-damage|p1a: Boltund|0 fnt|[from] item: Rocky Helmet|[of] p2a: Toxapex
|faint|p1a: Boltund
|
|upkeep
|
|t:|1615749241
|switch|p1a: Tapu Koko|Tapu Koko|100\/100
|-fieldstart|move: Electric Terrain|[from] ability: Electric Surge|[of] p1a: Tapu Koko
|turn|4
|
|t:|1615749243
|switch|p2a: Blissey|Blissey, F|100\/100
|move|p1a: Tapu Koko|Thunderbolt|p2a: Blissey
|-damage|p2a: Blissey|81\/100
|
|upkeep
|turn|5
|
|t:|1615749247
|move|p1a: Tapu Koko|Volt Switch|p2a: Blissey
|-damage|p2a: Blissey|68\/100
|
|t:|1615749250
|switch|p1a: hitforte|Hitmonlee, M|100\/100|[from]move: Volt Switch
|-enditem|p1a: hitforte|Electric Seed
|-boost|p1a: hitforte|def|1|[from] item: Electric Seed
|move|p2a: Blissey|Teleport|p2a: Blissey
|
|t:|1615749261
|switch|p2a: Clefable|Clefable, F|100\/100|[from]move: Teleport
|
|upkeep
|turn|6
|
|t:|1615749267
|move|p1a: hitforte|Stone Edge|p2a: Clefable
|-damage|p2a: Clefable|75\/100
|move|p2a: Clefable|Moonblast|p1a: hitforte
|-supereffective|p1a: hitforte
|-damage|p1a: hitforte|11\/100
|-unboost|p1a: hitforte|spa|1
|
|upkeep
|turn|7
|
|t:|1615749272
|move|p1a: hitforte|Stone Edge|p2a: Clefable
|-damage|p2a: Clefable|49\/100
|move|p2a: Clefable|Soft-Boiled|p2a: Clefable
|-heal|p2a: Clefable|99\/100
|
|upkeep
|turn|8
|
|t:|1615749275
|move|p1a: hitforte|Stone Edge|p2a: Clefable|[miss]
|-miss|p1a: hitforte|p2a: Clefable
|move|p2a: Clefable|Flamethrower|p1a: hitforte
|-damage|p1a: hitforte|0 fnt
|faint|p1a: hitforte
|
|upkeep
|
|t:|1615749277
|switch|p1a: Inteleon|Inteleon, F|100\/100
|turn|9
|
|t:|1615749280
|move|p1a: Inteleon|Focus Energy|p1a: Inteleon
|-start|p1a: Inteleon|move: Focus Energy
|move|p2a: Clefable|Moonblast|p1a: Inteleon
|-damage|p1a: Inteleon|46\/100
|
|upkeep
|turn|10
|
|t:|1615749282
|move|p1a: Inteleon|Snipe Shot|p2a: Clefable
|-crit|p2a: Clefable
|-damage|p2a: Clefable|13\/100
|move|p2a: Clefable|Moonblast|p1a: Inteleon
|-damage|p1a: Inteleon|0 fnt
|faint|p1a: Inteleon
|
|upkeep
|
|t:|1615749285
|switch|p1a: Tapu Koko|Tapu Koko|100\/100
|turn|11
|
|t:|1615749288
|move|p1a: Tapu Koko|Volt Switch|p2a: Clefable
|-damage|p2a: Clefable|0 fnt
|faint|p2a: Clefable
|
|t:|1615749291
|switch|p1a: Gliscor|Gliscor, F|100\/100|[from]move: Volt Switch
|
|-fieldend|move: Electric Terrain
|-status|p1a: Gliscor|tox|[from] item: Toxic Orb
|upkeep
|
|t:|1615749297
|switch|p2a: Sawsbuck|Sawsbuck-Mega, M|38\/100
|-start|p2a: Sawsbuck|typechange|Fairy\/Grass|[silent]
|-message|Sawsbuck fills the air with explosive powder!
|turn|12
|
|t:|1615749307
|move|p1a: Gliscor|Swords Dance|p1a: Gliscor
|-boost|p1a: Gliscor|atk|2
|move|p2a: Sawsbuck|Synthesis|p2a: Sawsbuck
|-heal|p2a: Sawsbuck|88\/100
|
|upkeep
|turn|13
|
|t:|1615749310
|move|p1a: Gliscor|Swords Dance|p1a: Gliscor
|-boost|p1a: Gliscor|atk|2
|move|p2a: Sawsbuck|Horn Leech|p1a: Gliscor
|-damage|p1a: Gliscor|71\/100 tox
|-heal|p2a: Sawsbuck|99\/100|[from] drain|[of] p1a: Gliscor
|
|-heal|p1a: Gliscor|83\/100 tox|[from] ability: Poison Heal
|upkeep
|turn|14
|
|t:|1615749317
|switch|p2a: Corviknight|Corviknight, M|100\/100
|-ability|p2a: Corviknight|Pressure
|move|p1a: Gliscor|Swords Dance|p1a: Gliscor
|-boost|p1a: Gliscor|atk|2
|
|-heal|p1a: Gliscor|95\/100 tox|[from] ability: Poison Heal
|upkeep
|turn|15
|
|t:|1615749325
|move|p1a: Gliscor|Knock Off|p2a: Corviknight
|-damage|p2a: Corviknight|24\/100
|-enditem|p2a: Corviknight|Heavy-Duty Boots|[from] move: Knock Off|[of] p1a: Gliscor
|move|p2a: Corviknight|Brave Bird|p1a: Gliscor
|-damage|p1a: Gliscor|58\/100 tox
|-damage|p2a: Corviknight|15\/100|[from] Recoil
|
|-heal|p1a: Gliscor|71\/100 tox|[from] ability: Poison Heal
|upkeep
|turn|16
|
|t:|1615749329
|move|p1a: Gliscor|Knock Off|p2a: Corviknight
|-damage|p2a: Corviknight|0 fnt
|faint|p2a: Corviknight
|
|-heal|p1a: Gliscor|83\/100 tox|[from] ability: Poison Heal
|upkeep
|
|t:|1615749331
|switch|p2a: Avalugg|Avalugg, F|100\/100
|turn|17
|
|t:|1615749339
|move|p1a: Gliscor|Earthquake|p2a: Avalugg
|-damage|p2a: Avalugg|29\/100
|move|p2a: Avalugg|Body Press|p1a: Gliscor
|-resisted|p1a: Gliscor
|-damage|p1a: Gliscor|64\/100 tox
|
|-heal|p1a: Gliscor|77\/100 tox|[from] ability: Poison Heal
|upkeep
|turn|18
|-message|ViZarPKMN forfeited.
|
|win|Woopersons 42
|c|☆ViZarPKMN|gg
|c|☆Woopersons 42|ggs!
|c|☆Woopersons 42|wp
|l|☆ViZarPKMN
|l|☆Woopersons 42</script>
</div>
<div class="battle-log battle-log-inline"><div class="inner"><div class="battle-options"><div style="padding-top: 3px; padding-right: 3px; text-align: right"><button class="icon button" name="openBattleOptions" title="Options">Battle Options</button></div></div><div class="inner message-log"><div class="chat"><small>☆Woopersons 42 and ☆ViZarPKMN joined</small></div><div class=""><small>Format:</small> <br><strong>[Gen 8] Megas for All</strong></div><div class=""><small><em>HP Percentage Mod:</em> HP is shown in percentages</small></div><div class=""><small><em>Endless Battle Clause:</em> Forcing endless battles is banned</small></div><div class=""><small><em>OHKO Clause:</em> OHKO moves are banned</small></div><div class=""><small><em>Evasion Moves Clause:</em> Evasion moves are banned</small></div><div class=""><small><em>Species Clause:</em> Limit one of each Pokémon</small></div><div class=""><small><em>Dynamax Clause:</em> You cannot dynamax</small></div><div class=""><small><em>Sleep Clause Mod:</em> Limit one foe put to sleep</small></div><div class=""><small><em>Freeze Clause Mod:</em> Limit one foe frozen</small></div><div class="chat"><img src="https://www.smogon.com/forums/attachments/banner_2-png.302358/" height="65" width="381"></div><div class="spacer battle-history"><br></div><div class="battle-history"><small>Welcome to Megas for All!</small><br></div><div class="battle-history"><small>This is a National Dex-based format where we aim to give a new Mega Evolution to every Pokémon.</small><br></div><div class="battle-history"><small>Just like any official format, you can still only Mega Evolve one Pokémon per team!</small><br></div><div class="battle-history"><small>You can find our thread and metagame resources here:</small><br></div><div class="battle-history"><small>https://www.smogon.com/forums/threads/3671140/</small><br></div><div class="chat battle-history"><strong>Woopersons 42's team:</strong> <em style="color:#445566;display:block;">Boltund / Tapu Koko / Hitmonlee / Gliscor / Inteleon / Goodra</em></div><div class="chat battle-history"><strong>ViZarPKMN's team:</strong> <em style="color:#445566;display:block;">Sawsbuck / Clefable / Blissey / Toxapex / Corviknight / Avalugg</em></div><div class="chat"><small>+inkbug1 joined</small></div><div class="spacer battle-history"><br></div><div class="battle-history">Battle started between Woopersons 42 and ViZarPKMN!<br></div><div class="spacer battle-history"><br></div><div class="battle-history">Go! <strong>Boltund</strong>!<br></div><div class="spacer battle-history"><br></div><div class="battle-history">ViZarPKMN sent out <strong>Sawsbuck</strong>!<br></div><div class="spacer battle-history"><br></div><h2 class="battle-history">Turn 1</h2><div class="chat chatmessage-vizarpkmn"><strong style="color:#4f78c0"><small>☆</small><span class="username" data-name="ViZarPKMN">ViZarPKMN</span>:</strong> <em>glhf</em></div><div class="chat chatmessage-woopersons42"><strong style="color:#795fd7"><small>☆</small><span class="username" data-name="Woopersons 42">Woopersons 42</span>:</strong> <em>u2!</em></div><div class="spacer battle-history"><br></div><div class="battle-history"><small>Boltund's Boltundite is reacting to the Key Stone!</small><br>Boltund has Mega Evolved into Mega Boltund!<br></div><div class="chat"><ul class="utilichart"><li class="result"><span class="col pokemonnamecol" style="white-space: nowrap">Boltund-Mega</span> <span class="col typecol"><img src="https://play.pokemonshowdown.com/sprites/types/Electric.png" alt="Electric" height="14" width="32"><img src="https://play.pokemonshowdown.com/sprites/types/Fairy.png" alt="Fairy" height="14" width="32"></span> <span style="float: left ; min-height: 26px"><span class="col abilitycol">Adrenaline</span><span class="col abilitycol"></span></span><span style="float: left ; min-height: 26px"><span class="col statcol"><em>HP</em><br>69</span> <span class="col statcol"><em>Atk</em><br>140</span> <span class="col statcol"><em>Def</em><br>60</span> <span class="col statcol"><em>SpA</em><br>115</span> <span class="col statcol"><em>SpD</em><br>60</span> <span class="col statcol"><em>Spe</em><br>146</span> </span></li><li style="clear: both"></li></ul></div><div class="spacer battle-history"><br></div><div class="battle-history"><small>The opposing Sawsbuck's Sawsbuckite is reacting to the Key Stone!</small><br>The opposing Sawsbuck has Mega Evolved into Mega Sawsbuck!<br></div><div class="battle-history"><small>Sawsbuck fills the air with explosive powder!</small><br></div><div class="chat"><ul class="utilichart"><li class="result"><span class="col pokemonnamecol" style="white-space: nowrap">Sawsbuck-Mega</span> <span class="col typecol"><img src="https://play.pokemonshowdown.com/sprites/types/Fairy.png" alt="Fairy" height="14" width="32"><img src="https://play.pokemonshowdown.com/sprites/types/Grass.png" alt="Grass" height="14" width="32"></span> <span style="float: left ; min-height: 26px"><span class="col abilitycol">Spring Fever</span><span class="col abilitycol"></span></span><span style="float: left ; min-height: 26px"><span class="col statcol"><em>HP</em><br>80</span> <span class="col statcol"><em>Atk</em><br>120</span> <span class="col statcol"><em>Def</em><br>80</span> <span class="col statcol"><em>SpA</em><br>100</span> <span class="col statcol"><em>SpD</em><br>80</span> <span class="col statcol"><em>Spe</em><br>115</span> </span></li><li style="clear: both"></li></ul></div><div class="spacer battle-history"><br></div><div class="battle-history">Boltund used <strong>Bulk Up</strong>!<br></div><div class="battle-history"><small>Boltund's Attack rose!</small><br></div><div class="battle-history"><small>Boltund's Defense rose!</small><br></div><div class="spacer battle-history"><br></div><div class="battle-history">The opposing Sawsbuck used <strong>Horn Leech</strong>!<br></div><div class="battle-history"><small>(Boltund lost 34% of its health!)</small><br></div><div class="spacer battle-history"><br></div><h2 class="battle-history">Turn 2</h2><div class="spacer battle-history"><br></div><div class="battle-history">Boltund used <strong>Play Rough</strong>!<br></div><div class="battle-history"><small>(The opposing Sawsbuck lost 62% of its health!)</small><br></div><div class="spacer battle-history"><br></div><div class="battle-history">The opposing Sawsbuck used <strong>Stomping Tantrum</strong>!<br></div><div class="battle-history"><small>It's super effective!</small><br></div><div class="battle-history"><small>(Boltund lost 52% of its health!)</small><br></div><div class="spacer battle-history"><br></div><h2 class="battle-history">Turn 3</h2><div class="spacer battle-history"><br></div><div class="battle-history">ViZarPKMN withdrew Sawsbuck!<br></div><div class="battle-history">ViZarPKMN sent out <strong>Toxapex</strong>!<br></div><div class="spacer battle-history"><br></div><div class="battle-history">Boltund used <strong>Play Rough</strong>!<br></div><div class="battle-history"><small>It's not very effective...</small><br></div><div class="battle-history"><small>(The opposing Toxapex lost 25% of its health!)</small><br></div><div class="battle-history"><small>Boltund was hurt by the Rocky Helmet!</small><br></div><div class="spacer battle-history"><br></div><div class="battle-history">Boltund fainted!<br></div><div class="spacer battle-history"><br></div><div class="battle-history">Go! <strong>Tapu Koko</strong>!<br></div><div class="battle-history">[Tapu Koko's Electric Surge]<br><small>An electric current ran across the battlefield!</small><br></div><div class="spacer battle-history"><br></div><h2 class="battle-history">Turn 4</h2><div class="spacer battle-history"><br></div><div class="battle-history">ViZarPKMN withdrew Toxapex!<br></div><div class="battle-history">ViZarPKMN sent out <strong>Blissey</strong>!<br></div><div class="spacer battle-history"><br></div><div class="battle-history">Tapu Koko used <strong>Thunderbolt</strong>!<br></div><div class="battle-history"><small>(The opposing Blissey lost 19% of its health!)</small><br></div><div class="spacer battle-history"><br></div><h2 class="battle-history">Turn 5</h2><div class="spacer battle-history"><br></div><div class="battle-history">Tapu Koko used <strong>Volt Switch</strong>!<br></div><div class="battle-history"><small>(The opposing Blissey lost 13% of its health!)</small><br></div><div class="spacer battle-history"><br></div><div class="battle-history">Tapu Koko went back to Woopersons 42!<br></div><div class="battle-history">Go! hitforte (<strong>Hitmonlee</strong>)!<br></div><div class="battle-history"><small>(hitforte used its Electric Seed!)</small><br></div><div class="battle-history"><small>The Electric Seed raised hitforte's Defense!</small><br></div><div class="spacer battle-history"><br></div><div class="battle-history">The opposing Blissey used <strong>Teleport</strong>!<br></div><div class="spacer battle-history"><br></div><div class="battle-history">ViZarPKMN withdrew Blissey!<br></div><div class="battle-history">ViZarPKMN sent out <strong>Clefable</strong>!<br></div><div class="spacer battle-history"><br></div><h2 class="battle-history">Turn 6</h2><div class="spacer battle-history"><br></div><div class="battle-history">hitforte used <strong>Stone Edge</strong>!<br></div><div class="battle-history"><small>(The opposing Clefable lost 25% of its health!)</small><br></div><div class="spacer battle-history"><br></div><div class="battle-history">The opposing Clefable used <strong>Moonblast</strong>!<br></div><div class="battle-history"><small>It's super effective!</small><br></div><div class="battle-history"><small>(hitforte lost 89% of its health!)</small><br></div><div class="battle-history"><small>hitforte's Sp. Atk fell!</small><br></div><div class="spacer battle-history"><br></div><h2 class="battle-history">Turn 7</h2><div class="spacer battle-history"><br></div><div class="battle-history">hitforte used <strong>Stone Edge</strong>!<br></div><div class="battle-history"><small>(The opposing Clefable lost 26% of its health!)</small><br></div><div class="spacer battle-history"><br></div><div class="battle-history">The opposing Clefable used <strong>Soft-Boiled</strong>!<br></div><div class="battle-history"><small>The opposing Clefable had its HP restored.</small><br></div><div class="spacer battle-history"><br></div><h2 class="battle-history">Turn 8</h2><div class="spacer battle-history"><br></div><div class="battle-history">hitforte used <strong>Stone Edge</strong>!<br></div><div class="battle-history"><small>The opposing Clefable avoided the attack!</small><br></div><div class="spacer battle-history"><br></div><div class="battle-history">The opposing Clefable used <strong>Flamethrower</strong>!<br></div><div class="battle-history"><small>(hitforte lost 11% of its health!)</small><br></div><div class="spacer battle-history"><br></div><div class="battle-history">hitforte fainted!<br></div><div class="spacer battle-history"><br></div><div class="battle-history">Go! <strong>Inteleon</strong>!<br></div><div class="spacer battle-history"><br></div><h2 class="battle-history">Turn 9</h2><div class="spacer battle-history"><br></div><div class="battle-history">Inteleon used <strong>Focus Energy</strong>!<br></div><div class="battle-history"><small>Inteleon is getting pumped!</small><br></div><div class="spacer battle-history"><br></div><div class="battle-history">The opposing Clefable used <strong>Moonblast</strong>!<br></div><div class="battle-history"><small>(Inteleon lost 54% of its health!)</small><br></div><div class="spacer battle-history"><br></div><h2 class="battle-history">Turn 10</h2><div class="spacer battle-history"><br></div><div class="battle-history">Inteleon used <strong>Snipe Shot</strong>!<br></div><div class="battle-history"><small>A critical hit!</small><br></div><div class="battle-history"><small>(The opposing Clefable lost 86% of its health!)</small><br></div><div class="spacer battle-history"><br></div><div class="battle-history">The opposing Clefable used <strong>Moonblast</strong>!<br></div><div class="battle-history"><small>(Inteleon lost 46% of its health!)</small><br></div><div class="spacer battle-history"><br></div><div class="battle-history">Inteleon fainted!<br></div><div class="spacer battle-history"><br></div><div class="battle-history">Go! <strong>Tapu Koko</strong>!<br></div><div class="spacer battle-history"><br></div><h2 class="battle-history">Turn 11</h2><div class="spacer battle-history"><br></div><div class="battle-history">Tapu Koko used <strong>Volt Switch</strong>!<br></div><div class="battle-history"><small>(The opposing Clefable lost 13% of its health!)</small><br></div><div class="spacer battle-history"><br></div><div class="battle-history">The opposing Clefable fainted!<br></div><div class="spacer battle-history"><br></div><div class="battle-history">Tapu Koko went back to Woopersons 42!<br></div><div class="battle-history">Go! <strong>Gliscor</strong>!<br></div><div class="spacer battle-history"><br></div><div class="battle-history"><small>The electricity disappeared from the battlefield.</small><br></div><div class="battle-history"><small>Gliscor was badly poisoned!</small><br></div><div class="spacer battle-history"><br></div><div class="battle-history">ViZarPKMN sent out Sawsbuck (<strong>Sawsbuck-Mega</strong>)!<br></div><div class="battle-history"><small>Sawsbuck fills the air with explosive powder!</small><br></div><div class="spacer battle-history"><br></div><h2 class="battle-history">Turn 12</h2><div class="spacer battle-history"><br></div><div class="battle-history">Gliscor used <strong>Swords Dance</strong>!<br></div><div class="battle-history"><small>Gliscor's Attack rose sharply!</small><br></div><div class="spacer battle-history"><br></div><div class="battle-history">The opposing Sawsbuck used <strong>Synthesis</strong>!<br></div><div class="battle-history"><small>The opposing Sawsbuck had its HP restored.</small><br></div><div class="spacer battle-history"><br></div><h2 class="battle-history">Turn 13</h2><div class="spacer battle-history"><br></div><div class="battle-history">Gliscor used <strong>Swords Dance</strong>!<br></div><div class="battle-history"><small>Gliscor's Attack rose sharply!</small><br></div><div class="spacer battle-history"><br></div><div class="battle-history">The opposing Sawsbuck used <strong>Horn Leech</strong>!<br></div><div class="battle-history"><small>(Gliscor lost 29% of its health!)</small><br></div><div class="battle-history"><small>Gliscor had its energy drained!</small><br></div><div class="spacer battle-history"><br></div><div class="battle-history">[Gliscor's Poison Heal]<br><small>Gliscor had its HP restored.</small><br></div><div class="spacer battle-history"><br></div><h2 class="battle-history">Turn 14</h2><div class="spacer battle-history"><br></div><div class="battle-history">ViZarPKMN withdrew Sawsbuck!<br></div><div class="battle-history">ViZarPKMN sent out <strong>Corviknight</strong>!<br></div><div class="battle-history">[The opposing Corviknight's Pressure]<br><small>The opposing Corviknight is exerting its pressure!</small><br></div><div class="spacer battle-history"><br></div><div class="battle-history">Gliscor used <strong>Swords Dance</strong>!<br></div><div class="battle-history"><small>Gliscor's Attack rose sharply!</small><br></div><div class="spacer battle-history"><br></div><div class="battle-history">[Gliscor's Poison Heal]<br><small>Gliscor had its HP restored.</small><br></div><div class="spacer battle-history"><br></div><h2 class="battle-history">Turn 15</h2><div class="spacer battle-history"><br></div><div class="battle-history">Gliscor used <strong>Knock Off</strong>!<br></div><div class="battle-history"><small>(The opposing Corviknight lost 76% of its health!)</small><br></div><div class="battle-history"><small>Gliscor knocked off the opposing Corviknight's Heavy-Duty Boots!</small><br></div><div class="spacer battle-history"><br></div><div class="battle-history">The opposing Corviknight used <strong>Brave Bird</strong>!<br></div><div class="battle-history"><small>(Gliscor lost 37% of its health!)</small><br></div><div class="battle-history"><small>The opposing Corviknight was damaged by the recoil!</small><br></div><div class="spacer battle-history"><br></div><div class="battle-history">[Gliscor's Poison Heal]<br><small>Gliscor had its HP restored.</small><br></div><div class="spacer battle-history"><br></div><h2 class="battle-history">Turn 16</h2><div class="spacer battle-history"><br></div><div class="battle-history">Gliscor used <strong>Knock Off</strong>!<br></div><div class="battle-history"><small>(The opposing Corviknight lost 15% of its health!)</small><br></div><div class="spacer battle-history"><br></div><div class="battle-history">The opposing Corviknight fainted!<br></div><div class="spacer battle-history"><br></div><div class="battle-history">[Gliscor's Poison Heal]<br><small>Gliscor had its HP restored.</small><br></div><div class="spacer battle-history"><br></div><div class="battle-history">ViZarPKMN sent out <strong>Avalugg</strong>!<br></div><div class="spacer battle-history"><br></div><h2 class="battle-history">Turn 17</h2><div class="spacer battle-history"><br></div><div class="battle-history">Gliscor used <strong>Earthquake</strong>!<br></div><div class="battle-history"><small>(The opposing Avalugg lost 71% of its health!)</small><br></div><div class="spacer battle-history"><br></div><div class="battle-history">The opposing Avalugg used <strong>Body Press</strong>!<br></div><div class="battle-history"><small>It's not very effective...</small><br></div><div class="battle-history"><small>(Gliscor lost 19% of its health!)</small><br></div><div class="spacer battle-history"><br></div><div class="battle-history">[Gliscor's Poison Heal]<br><small>Gliscor had its HP restored.</small><br></div><div class="spacer battle-history"><br></div><h2 class="battle-history">Turn 18</h2><div class="spacer battle-history"><br></div><div class="battle-history"><small>ViZarPKMN forfeited.</small><br></div><div class="spacer battle-history"><br></div><div class="battle-history"><strong>Woopersons 42</strong> won the battle!<br></div><div class="chat chatmessage-vizarpkmn"><strong style="color:#4f78c0"><small>☆</small><span class="username" data-name="ViZarPKMN">ViZarPKMN</span>:</strong> <em>gg</em></div><div class="chat chatmessage-woopersons42"><strong style="color:#795fd7"><small>☆</small><span class="username" data-name="Woopersons 42">Woopersons 42</span>:</strong> <em>ggs!</em></div><div class="chat chatmessage-woopersons42"><strong style="color:#795fd7"><small>☆</small><span class="username" data-name="Woopersons 42">Woopersons 42</span>:</strong> <em>wp</em></div><div class="chat"><small>☆ViZarPKMN and ☆Woopersons 42 left</small></div></div><div class="inner-preempt message-log"></div></div></div>
</div>
<script>
let daily = Math.floor(Date.now()/1000/60/60/24);document.write('<script src="https://dragonheaven.herokuapp.com/js/replay-embed.js?version'+daily+'"></'+'script>');
</script>
