<!DOCTYPE html>
<meta charset="utf-8" />
<!-- version 1 -->
<title>[Gen 8] M4A Sandbox replay: Mossy Sandwich vs. ry42</title>
<style>
html,body {font-family:Verdana, sans-serif;font-size:10pt;margin:0;padding:0;}body{padding:12px 0;} .battle-log {font-family:Verdana, sans-serif;font-size:10pt;} .battle-log-inline {border:1px solid #AAAAAA;background:#EEF2F5;color:black;max-width:640px;margin:0 auto 80px;padding-bottom:5px;} .battle-log .inner {padding:4px 8px 0px 8px;} .battle-log .inner-preempt {padding:0 8px 4px 8px;} .battle-log .inner-after {margin-top:0.5em;} .battle-log h2 {margin:0.5em -8px;padding:4px 8px;border:1px solid #AAAAAA;background:#E0E7EA;border-left:0;border-right:0;font-family:Verdana, sans-serif;font-size:13pt;} .battle-log .chat {vertical-align:middle;padding:3px 0 3px 0;font-size:8pt;} .battle-log .chat strong {color:#40576A;} .battle-log .chat em {padding:1px 4px 1px 3px;color:#000000;font-style:normal;} .chat.mine {background:rgba(0,0,0,0.05);margin-left:-8px;margin-right:-8px;padding-left:8px;padding-right:8px;} .spoiler {color:#BBBBBB;background:#BBBBBB;padding:0px 3px;} .spoiler:hover, .spoiler:active, .spoiler-shown {color:#000000;background:#E2E2E2;padding:0px 3px;} .spoiler a {color:#BBBBBB;} .spoiler:hover a, .spoiler:active a, .spoiler-shown a {color:#2288CC;} .chat code, .chat .spoiler:hover code, .chat .spoiler:active code, .chat .spoiler-shown code {border:1px solid #C0C0C0;background:#EEEEEE;color:black;padding:0 2px;} .chat .spoiler code {border:1px solid #CCCCCC;background:#CCCCCC;color:#CCCCCC;} .battle-log .rated {padding:3px 4px;} .battle-log .rated strong {color:white;background:#89A;padding:1px 4px;border-radius:4px;} .spacer {margin-top:0.5em;} .message-announce {background:#6688AA;color:white;padding:1px 4px 2px;} .message-announce a, .broadcast-green a, .broadcast-blue a, .broadcast-red a {color:#DDEEFF;} .broadcast-green {background-color:#559955;color:white;padding:2px 4px;} .broadcast-blue {background-color:#6688AA;color:white;padding:2px 4px;} .infobox {border:1px solid #6688AA;padding:2px 4px;} .infobox-limited {max-height:200px;overflow:auto;overflow-x:hidden;} .broadcast-red {background-color:#AA5544;color:white;padding:2px 4px;} .message-learn-canlearn {font-weight:bold;color:#228822;text-decoration:underline;} .message-learn-cannotlearn {font-weight:bold;color:#CC2222;text-decoration:underline;} .message-effect-weak {font-weight:bold;color:#CC2222;} .message-effect-resist {font-weight:bold;color:#6688AA;} .message-effect-immune {font-weight:bold;color:#666666;} .message-learn-list {margin-top:0;margin-bottom:0;} .message-throttle-notice, .message-error {color:#992222;} .message-overflow, .chat small.message-overflow {font-size:0pt;} .message-overflow::before {font-size:9pt;content:'...';} .subtle {color:#3A4A66;}
</style>
<div class="wrapper replay-wrapper" style="max-width:1180px;margin:0 auto">
<input type="hidden" name="replayid" value="dragonheaven-gen8m4asandbox-316" />
<div class="battle"></div><div class="battle-log"></div><div class="replay-controls"></div><div class="replay-controls-2"></div>
<h1 style="font-weight:normal;text-align:center"><strong>[Gen 8] M4A Sandbox</strong><br /><a href="http://pokemonshowdown.com/users/mossysandwich" class="subtle" target="_blank">Mossy Sandwich</a> vs. <a href="http://pokemonshowdown.com/users/ry42" class="subtle" target="_blank">ry42</a></h1>
<script type="text/plain" class="battle-log-data">|j|☆Mossy Sandwich

|j|☆ry42
|t:|1619628513
|player|p1|Mossy Sandwich|wally-gen3|
|player|p2|ry42|brycenman|
|teamsize|p1|6
|teamsize|p2|6
|gametype|singles
|gen|8
|tier|[Gen 8] M4A Sandbox
|clearpoke
|poke|p1|Cinderace, F|
|poke|p1|Heatran, F|
|poke|p1|Moltres|
|poke|p1|Volcanion|
|poke|p1|Victini|
|poke|p1|Charizard, F|
|poke|p2|Slowbro, M|
|poke|p2|Latias, F|
|poke|p2|Jirachi|
|poke|p2|Victini|
|poke|p2|Meowstic-F, F|
|poke|p2|Indeedee, M|
|rule|OHKO Clause: OHKO moves are banned
|rule|Evasion Moves Clause: Evasion moves are banned
|rule|Dynamax Clause: You cannot dynamax
|rule|Sleep Clause Mod: Limit one foe put to sleep
|rule|Freeze Clause Mod: Limit one foe frozen
|raw|<img src="https:\/\/www.smogon.com\/forums\/attachments\/banner_2-png.302358\/" height="65" width="381">
|-message|Welcome to Megas for All!
|-message|This is a National Dex-based format where we aim to give a new Mega Evolution to every Pokémon.
|-message|Just like any official format, you can still only Mega Evolve one Pokémon per team!
|-message|You can find our thread and metagame resources here:
|-message|https:\/\/www.smogon.com\/forums\/threads\/3671140\/
|teampreview
|c|☆Mossy Sandwich|gl hf
|j| Hematemesis
|c|☆ry42|glhf
|
|t:|1619628541
|start
|switch|p1a: Cinderace|Cinderace, F|301\/301
|switch|p2a: Victini|Victini|48\/48
|turn|1
|
|t:|1619628546
|move|p1a: Cinderace|Sucker Punch||[still]
|-fail|p1a: Cinderace
|move|p2a: Victini|Substitute|p2a: Victini
|-start|p2a: Victini|Substitute
|-damage|p2a: Victini|36\/48
|
|upkeep
|turn|2
|
|t:|1619628551
|move|p1a: Cinderace|U-turn|p2a: Victini
|-start|p1a: Cinderace|typechange|Bug|[from] ability: Libero
|-end|p2a: Victini|Substitute
|
|t:|1619628554
|switch|p1a: Heatran|Heatran, F|386\/386
|-item|p1a: Heatran|Air Balloon
|move|p2a: Victini|Bolt Strike|p1a: Heatran
|-damage|p1a: Heatran|257\/386
|-status|p1a: Heatran|par
|-enditem|p1a: Heatran|Air Balloon
|
|upkeep
|turn|3
|j| Musica Funebre
|
|t:|1619628563
|move|p2a: Victini|U-turn|p1a: Heatran
|-resisted|p1a: Heatran
|-damage|p1a: Heatran|240\/386 par
|
|t:|1619628566
|switch|p2a: Latias|Latias, F, shiny|48\/48|[from]move: U-turn
|cant|p1a: Heatran|par
|
|upkeep
|turn|4
|
|t:|1619628585
|switch|p2a: Meowstic|Meowstic-F, F, shiny|48\/48
|cant|p1a: Heatran|par
|
|upkeep
|turn|5
|
|t:|1619628589
|detailschange|p2a: Meowstic|Meowstic-F-Mega, F, shiny
|-mega|p2a: Meowstic|Meowstic|Meowsticite
|-ability|p2a: Meowstic|Fairy Aura
|-start|p2a: Meowstic|typechange|Psychic\/Fairy|[silent]
|raw|<ul class="utilichart"><li class="result"><span class="col pokemonnamecol" style="white-space: nowrap">Meowstic-F-Mega<\/span> <span class="col typecol"><img src="https:\/\/play.pokemonshowdown.com\/sprites\/types\/Psychic.png" alt="Psychic" height="14" width="32"><img src="https:\/\/play.pokemonshowdown.com\/sprites\/types\/Fairy.png" alt="Fairy" height="14" width="32"><\/span> <span style="float: left ; min-height: 26px"><span class="col abilitycol">Fairy Aura<\/span><span class="col abilitycol"><\/span><\/span><span style="float: left ; min-height: 26px"><span class="col statcol"><em>HP<\/em><br>74<\/span> <span class="col statcol"><em>Atk<\/em><br>48<\/span> <span class="col statcol"><em>Def<\/em><br>91<\/span> <span class="col statcol"><em>SpA<\/em><br>133<\/span> <span class="col statcol"><em>SpD<\/em><br>96<\/span> <span class="col statcol"><em>Spe<\/em><br>124<\/span> <\/span><\/li><li style="clear: both"><\/li><\/ul>
|move|p2a: Meowstic|Nasty Plot|p2a: Meowstic
|-boost|p2a: Meowstic|spa|2
|move|p1a: Heatran|Magma Storm|p2a: Meowstic
|-damage|p2a: Meowstic|23\/48
|-activate|p2a: Meowstic|move: Magma Storm|[of] p1a: Heatran
|
|-damage|p2a: Meowstic|17\/48|[from] move: Magma Storm|[partiallytrapped]
|upkeep
|turn|6
|
|t:|1619628598
|move|p2a: Meowstic|Psyshock|p1a: Heatran
|-resisted|p1a: Heatran
|-damage|p1a: Heatran|99\/386 par
|cant|p1a: Heatran|par
|
|-damage|p2a: Meowstic|11\/48|[from] move: Magma Storm|[partiallytrapped]
|upkeep
|turn|7
|
|t:|1619628603
|move|p2a: Meowstic|Psyshock|p1a: Heatran
|-resisted|p1a: Heatran
|-crit|p1a: Heatran
|-damage|p1a: Heatran|0 fnt
|faint|p1a: Heatran
|
|-end|p2a: Meowstic|Magma Storm|[partiallytrapped]|[silent]
|upkeep
|
|t:|1619628607
|switch|p1a: Victini|Victini|341\/341
|turn|8
|
|t:|1619628612
|move|p1a: Victini|U-turn|p2a: Meowstic
|-damage|p2a: Meowstic|0 fnt
|faint|p2a: Meowstic
|
|t:|1619628615
|switch|p1a: Cinderace|Cinderace, F|301\/301
|
|upkeep
|
|t:|1619628620
|switch|p2a: Slowbro|Slowbro, M|48\/48
|turn|9
|
|t:|1619628625
|move|p1a: Cinderace|U-turn|p2a: Slowbro
|-start|p1a: Cinderace|typechange|Bug|[from] ability: Libero
|-supereffective|p2a: Slowbro
|-damage|p2a: Slowbro|28\/48
|-damage|p1a: Cinderace|251\/301|[from] item: Rocky Helmet|[of] p2a: Slowbro
|
|t:|1619628627
|switch|p1a: Charizard|Charizard, F|297\/297
|move|p2a: Slowbro|Scald|p1a: Charizard
|-supereffective|p1a: Charizard
|-damage|p1a: Charizard|69\/297
|
|upkeep
|turn|10
|j| TEST do .bos
|
|t:|1619628636
|detailschange|p1a: Charizard|Charizard-Mega-Y, F
|-mega|p1a: Charizard|Charizard|Charizardite Y
|-weather|SunnyDay|[from] ability: Drought|[of] p1a: Charizard
|-start|p1a: Charizard|typechange|Fire\/Flying|[silent]
|raw|<ul class="utilichart"><li class="result"><span class="col pokemonnamecol" style="white-space: nowrap">Charizard-Mega-Y<\/span> <span class="col typecol"><img src="https:\/\/play.pokemonshowdown.com\/sprites\/types\/Fire.png" alt="Fire" height="14" width="32"><img src="https:\/\/play.pokemonshowdown.com\/sprites\/types\/Flying.png" alt="Flying" height="14" width="32"><\/span> <span style="float: left ; min-height: 26px"><span class="col abilitycol">Drought<\/span><span class="col abilitycol"><\/span><\/span><span style="float: left ; min-height: 26px"><span class="col statcol"><em>HP<\/em><br>78<\/span> <span class="col statcol"><em>Atk<\/em><br>104<\/span> <span class="col statcol"><em>Def<\/em><br>78<\/span> <span class="col statcol"><em>SpA<\/em><br>159<\/span> <span class="col statcol"><em>SpD<\/em><br>115<\/span> <span class="col statcol"><em>Spe<\/em><br>100<\/span> <\/span><\/li><li style="clear: both"><\/li><\/ul>
|move|p1a: Charizard|Solar Beam||[still]
|-prepare|p1a: Charizard|Solar Beam
|-anim|p1a: Charizard|Solar Beam|p2a: Slowbro
|-supereffective|p2a: Slowbro
|-damage|p2a: Slowbro|0 fnt
|faint|p2a: Slowbro
|
|-weather|SunnyDay|[upkeep]
|upkeep
|j| SimpyShrimp
|
|t:|1619628645
|switch|p2a: Victini|Victini|36\/48
|turn|11
|
|t:|1619628648
|move|p2a: Victini|Bolt Strike|p1a: Charizard
|-supereffective|p1a: Charizard
|-damage|p1a: Charizard|0 fnt
|faint|p1a: Charizard
|
|-weather|SunnyDay|[upkeep]
|upkeep
|
|t:|1619628652
|switch|p1a: Cinderace|Cinderace, F|251\/301
|turn|12
|
|t:|1619628660
|move|p1a: Cinderace|Gunk Shot|p2a: Victini|[miss]
|-start|p1a: Cinderace|typechange|Poison|[from] ability: Libero
|-miss|p1a: Cinderace|p2a: Victini
|move|p2a: Victini|Substitute|p2a: Victini
|-start|p2a: Victini|Substitute
|-damage|p2a: Victini|24\/48g
|
|-weather|SunnyDay|[upkeep]
|upkeep
|turn|13
|
|t:|1619628664
|move|p1a: Cinderace|U-turn|p2a: Victini
|-start|p1a: Cinderace|typechange|Bug|[from] ability: Libero
|-end|p2a: Victini|Substitute
|
|t:|1619628667
|switch|p1a: Moltres|Moltres|384\/384
|move|p2a: Victini|Bolt Strike|p1a: Moltres
|-supereffective|p1a: Moltres
|-damage|p1a: Moltres|202\/384
|
|-weather|SunnyDay|[upkeep]
|upkeep
|turn|14
|c| Hematemesis|Literally wtf
|
|t:|1619628673
|move|p2a: Victini|Bolt Strike|p1a: Moltres
|-supereffective|p1a: Moltres
|-damage|p1a: Moltres|0 fnt
|faint|p1a: Moltres
|
|-weather|none
|upkeep
|
|t:|1619628676
|switch|p1a: Cinderace|Cinderace, F|251\/301
|turn|15
|
|t:|1619628681
|switch|p2a: Jirachi|Jirachi|48\/48
|move|p1a: Cinderace|U-turn|p2a: Jirachi
|-start|p1a: Cinderace|typechange|Bug|[from] ability: Libero
|-damage|p2a: Jirachi|35\/48
|
|t:|1619628689
|switch|p1a: Volcanion|Volcanion|301\/301
|
|-heal|p2a: Jirachi|38\/48|[from] item: Leftovers
|upkeep
|turn|16
|c| SimpyShrimp|if cinder has sucker punch
|
|t:|1619628697
|move|p2a: Jirachi|Iron Head|p1a: Volcanion
|-resisted|p1a: Volcanion
|-damage|p1a: Volcanion|280\/301
|move|p1a: Volcanion|Steam Eruption|p2a: Jirachi
|-damage|p2a: Jirachi|1\/48
|-status|p2a: Jirachi|brn
|
|-heal|p2a: Jirachi|4\/48 brn|[from] item: Leftovers
|-damage|p2a: Jirachi|1\/48 brn|[from] brn
|upkeep
|turn|17
|c| SimpyShrimp|it'd be easier to deal with
|
|t:|1619628705
|switch|p1a: Cinderace|Cinderace, F|251\/301
|move|p2a: Jirachi|Wish|p2a: Jirachi
|
|-heal|p2a: Jirachi|4\/48 brn|[from] item: Leftovers
|-damage|p2a: Jirachi|1\/48 brn|[from] brn
|upkeep
|turn|18
|c| SimpyShrimp|isn't it
|
|t:|1619628713
|move|p1a: Cinderace|U-turn|p2a: Jirachi
|-start|p1a: Cinderace|typechange|Bug|[from] ability: Libero
|-damage|p2a: Jirachi|0 fnt
|faint|p2a: Jirachi
|
|t:|1619628716
|switch|p1a: Victini|Victini|341\/341
|
|upkeep
|
|t:|1619628729
|switch|p2a: bandeedee|Indeedee, M, shiny|48\/48
|-fieldstart|move: Psychic Terrain|[from] ability: Psychic Surge|[of] p2a: bandeedee
|turn|19
|
|t:|1619628746
|move|p1a: Victini|V-create|p2a: bandeedee
|-damage|p2a: bandeedee|0 fnt
|-unboost|p1a: Victini|spe|1
|-unboost|p1a: Victini|def|1
|-unboost|p1a: Victini|spd|1
|faint|p2a: bandeedee
|
|upkeep
|
|t:|1619628753
|switch|p2a: Latias|Latias, F, shiny|48\/48
|turn|20
|
|t:|1619628762
|switch|p1a: Volcanion|Volcanion|280\/301
|move|p2a: Latias|Draco Meteor|p1a: Volcanion
|-damage|p1a: Volcanion|51\/301
|-unboost|p2a: Latias|spa|2
|
|upkeep
|turn|21
|
|t:|1619628765
|move|p2a: Latias|Draco Meteor|p1a: Volcanion
|-damage|p1a: Volcanion|0 fnt
|-unboost|p2a: Latias|spa|2
|faint|p1a: Volcanion
|
|upkeep
|
|t:|1619628767
|switch|p1a: Cinderace|Cinderace, F|251\/301
|turn|22
|
|t:|1619628770
|switch|p2a: Victini|Victini|24\/48g
|move|p1a: Cinderace|U-turn|p2a: Victini
|-start|p1a: Cinderace|typechange|Bug|[from] ability: Libero
|-damage|p2a: Victini|8\/48
|
|t:|1619628773
|switch|p1a: Victini|Victini|341\/341
|
|upkeep
|turn|23
|
|t:|1619628779
|move|p1a: Victini|U-turn|p2a: Victini
|-damage|p2a: Victini|0 fnt
|faint|p2a: Victini
|
|t:|1619628782
|switch|p1a: Cinderace|Cinderace, F|251\/301
|
|-fieldend|move: Psychic Terrain
|upkeep
|
|t:|1619628786
|switch|p2a: Latias|Latias, F, shiny|48\/48
|turn|24
|c| SimpyShrimp|gg
|c| Hematemesis|VAMOS MOSSY
|
|t:|1619628788
|move|p1a: Cinderace|Sucker Punch|p2a: Latias
|-start|p1a: Cinderace|typechange|Dark|[from] ability: Libero
|-supereffective|p2a: Latias
|-damage|p2a: Latias|5\/48
|move|p2a: Latias|Draco Meteor|p1a: Cinderace|[miss]
|-miss|p2a: Latias|p1a: Cinderace
|
|upkeep
|turn|25
|c|☆Mossy Sandwich|gg
|c|☆ry42|g
|c|☆ry42|g
|
|t:|1619628797
|move|p1a: Cinderace|Sucker Punch|p2a: Latias
|-supereffective|p2a: Latias
|-damage|p2a: Latias|0 fnt
|faint|p2a: Latias
|
|win|Mossy Sandwich
|l| Musica Funebre</script>
</div>
<div class="battle-log battle-log-inline"><div class="inner"><div class="battle-options"><div style="padding-top: 3px; padding-right: 3px; text-align: right"><button class="icon button" name="openBattleOptions" title="Options">Battle Options</button></div></div><div class="inner message-log"><div class="chat"><small>☆Mossy Sandwich and ☆ry42 joined</small></div><div class=""><small>Format:</small> <br><strong>[Gen 8] M4A Sandbox</strong></div><div class=""><small><em>OHKO Clause:</em> OHKO moves are banned</small></div><div class=""><small><em>Evasion Moves Clause:</em> Evasion moves are banned</small></div><div class=""><small><em>Dynamax Clause:</em> You cannot dynamax</small></div><div class=""><small><em>Sleep Clause Mod:</em> Limit one foe put to sleep</small></div><div class=""><small><em>Freeze Clause Mod:</em> Limit one foe frozen</small></div><div class="chat"><img src="https://www.smogon.com/forums/attachments/banner_2-png.302358/" height="65" width="381"></div><div class="spacer battle-history"><br></div><div class="battle-history"><small>Welcome to Megas for All!</small><br></div><div class="battle-history"><small>This is a National Dex-based format where we aim to give a new Mega Evolution to every Pokémon.</small><br></div><div class="battle-history"><small>Just like any official format, you can still only Mega Evolve one Pokémon per team!</small><br></div><div class="battle-history"><small>You can find our thread and metagame resources here:</small><br></div><div class="battle-history"><small>https://www.smogon.com/forums/threads/3671140/</small><br></div><div class="chat battle-history"><strong>Mossy Sandwich's team:</strong> <em style="color:#445566;display:block;">Cinderace / Heatran / Moltres / Volcanion / Victini / Charizard</em></div><div class="chat battle-history"><strong>ry42's team:</strong> <em style="color:#445566;display:block;">Slowbro / Latias / Jirachi / Victini / Meowstic-F / Indeedee</em></div><div class="chat chatmessage-mossysandwich mine"><strong style="color:#ba49a2"><small>☆</small><span class="username" data-name="Mossy Sandwich">Mossy Sandwich</span>:</strong> <em>gl hf</em></div><div class="chat"><small> Hematemesis joined</small></div><div class="chat chatmessage-ry42"><strong style="color:#9727cf"><small>☆</small><span class="username" data-name="ry42">ry42</span>:</strong> <em>glhf</em></div><div class="spacer battle-history"><br></div><div class="battle-history">Battle started between Mossy Sandwich and ry42!<br></div><div class="spacer battle-history"><br></div><div class="battle-history">Go! <strong>Cinderace</strong>!<br></div><div class="spacer battle-history"><br></div><div class="battle-history">ry42 sent out <strong>Victini</strong>!<br></div><div class="spacer battle-history"><br></div><h2 class="battle-history">Turn 1</h2><div class="spacer battle-history"><br></div><div class="battle-history">Cinderace used <strong>Sucker Punch</strong>!<br></div><div class="battle-history"><small>But it failed!</small><br></div><div class="spacer battle-history"><br></div><div class="battle-history">The opposing Victini used <strong>Substitute</strong>!<br></div><div class="battle-history"><small>The opposing Victini put in a substitute!</small><br></div><div class="battle-history"><small>(The opposing Victini lost <abbr title="−12/48 pixels">23.0–25.0%</abbr> of its health!)</small><br></div><div class="spacer battle-history"><br></div><h2 class="battle-history">Turn 2</h2><div class="spacer battle-history"><br></div><div class="battle-history">Cinderace used <strong>U-turn</strong>!<br></div><div class="battle-history">[Cinderace's Libero]<br><small>Cinderace's type changed to Bug!</small><br></div><div class="battle-history"><small>The opposing Victini's substitute faded!</small><br></div><div class="spacer battle-history"><br></div><div class="battle-history">Cinderace went back to Mossy Sandwich!<br></div><div class="battle-history">Go! <strong>Heatran</strong>!<br></div><div class="battle-history"><small>Heatran floats in the air with its Air Balloon!</small><br></div><div class="spacer battle-history"><br></div><div class="battle-history">The opposing Victini used <strong>Bolt Strike</strong>!<br></div><div class="battle-history"><small>(Heatran lost <abbr title="−129/386">33.4%</abbr> of its health!)</small><br></div><div class="battle-history"><small>Heatran is paralyzed! It may be unable to move!</small><br></div><div class="battle-history"><small>Heatran's Air Balloon popped!</small><br></div><div class="spacer battle-history"><br></div><h2 class="battle-history">Turn 3</h2><div class="chat"><small> Musica Funebre joined</small></div><div class="spacer battle-history"><br></div><div class="battle-history">The opposing Victini used <strong>U-turn</strong>!<br></div><div class="battle-history"><small>It's not very effective...</small><br></div><div class="battle-history"><small>(Heatran lost <abbr title="−17/386">4.4%</abbr> of its health!)</small><br></div><div class="spacer battle-history"><br></div><div class="battle-history">The opposing Victini went back to ry42!<br></div><div class="battle-history">ry42 sent out <strong>Latias</strong>!<br></div><div class="spacer battle-history"><br></div><div class="battle-history">Heatran is paralyzed! It can't move!<br></div><div class="spacer battle-history"><br></div><h2 class="battle-history">Turn 4</h2><div class="spacer battle-history"><br></div><div class="battle-history">ry42 withdrew Latias!<br></div><div class="battle-history">ry42 sent out Meowstic (<strong>Meowstic-F</strong>)!<br></div><div class="spacer battle-history"><br></div><div class="battle-history">Heatran is paralyzed! It can't move!<br></div><div class="spacer battle-history"><br></div><h2 class="battle-history">Turn 5</h2><div class="spacer battle-history"><br></div><div class="battle-history"><small>The opposing Meowstic's Meowsticite is reacting to the Key Stone!</small><br>The opposing Meowstic has Mega Evolved into Mega Meowstic!<br></div><div class="battle-history">[The opposing Meowstic's Fairy Aura]<br><small>The opposing Meowstic is radiating a fairy aura!</small><br></div><div class="chat"><ul class="utilichart"><li class="result"><span class="col pokemonnamecol" style="white-space: nowrap">Meowstic-F-Mega</span> <span class="col typecol"><img src="https://play.pokemonshowdown.com/sprites/types/Psychic.png" alt="Psychic" height="14" width="32"><img src="https://play.pokemonshowdown.com/sprites/types/Fairy.png" alt="Fairy" height="14" width="32"></span> <span style="float: left ; min-height: 26px"><span class="col abilitycol">Fairy Aura</span><span class="col abilitycol"></span></span><span style="float: left ; min-height: 26px"><span class="col statcol"><em>HP</em><br>74</span> <span class="col statcol"><em>Atk</em><br>48</span> <span class="col statcol"><em>Def</em><br>91</span> <span class="col statcol"><em>SpA</em><br>133</span> <span class="col statcol"><em>SpD</em><br>96</span> <span class="col statcol"><em>Spe</em><br>124</span> </span></li><li style="clear: both"></li></ul></div><div class="spacer battle-history"><br></div><div class="battle-history">The opposing Meowstic used <strong>Nasty Plot</strong>!<br></div><div class="battle-history"><small>The opposing Meowstic's Sp. Atk rose sharply!</small><br></div><div class="spacer battle-history"><br></div><div class="battle-history">Heatran used <strong>Magma Storm</strong>!<br></div><div class="battle-history"><small>(The opposing Meowstic lost <abbr title="−25/48 pixels">50.1–52.1%</abbr> of its health!)</small><br></div><div class="battle-history"><small>The opposing Meowstic became trapped by swirling magma!</small><br></div><div class="spacer battle-history"><br></div><div class="battle-history"><small>The opposing Meowstic is hurt by Magma Storm!</small><br></div><div class="spacer battle-history"><br></div><h2 class="battle-history">Turn 6</h2><div class="spacer battle-history"><br></div><div class="battle-history">The opposing Meowstic used <strong>Psyshock</strong>!<br></div><div class="battle-history"><small>It's not very effective...</small><br></div><div class="battle-history"><small>(Heatran lost <abbr title="−141/386">36.5%</abbr> of its health!)</small><br></div><div class="spacer battle-history"><br></div><div class="battle-history">Heatran is paralyzed! It can't move!<br></div><div class="spacer battle-history"><br></div><div class="battle-history"><small>The opposing Meowstic is hurt by Magma Storm!</small><br></div><div class="spacer battle-history"><br></div><h2 class="battle-history">Turn 7</h2><div class="spacer battle-history"><br></div><div class="battle-history">The opposing Meowstic used <strong>Psyshock</strong>!<br></div><div class="battle-history"><small>It's not very effective...</small><br></div><div class="battle-history"><small>A critical hit!</small><br></div><div class="battle-history"><small>(Heatran lost <abbr title="−99/386">25.6%</abbr> of its health!)</small><br></div><div class="spacer battle-history"><br></div><div class="battle-history">Heatran fainted!<br></div><div class="spacer battle-history"><br></div><div class="battle-history">Go! <strong>Victini</strong>!<br></div><div class="spacer battle-history"><br></div><h2 class="battle-history">Turn 8</h2><div class="spacer battle-history"><br></div><div class="battle-history">Victini used <strong>U-turn</strong>!<br></div><div class="battle-history"><small>(The opposing Meowstic lost <abbr title="−11/48 pixels">22.9–24.9%</abbr> of its health!)</small><br></div><div class="spacer battle-history"><br></div><div class="battle-history">The opposing Meowstic fainted!<br></div><div class="spacer battle-history"><br></div><div class="battle-history">Victini went back to Mossy Sandwich!<br></div><div class="battle-history">Go! <strong>Cinderace</strong>!<br></div><div class="spacer battle-history"><br></div><div class="battle-history">ry42 sent out <strong>Slowbro</strong>!<br></div><div class="spacer battle-history"><br></div><h2 class="battle-history">Turn 9</h2><div class="spacer battle-history"><br></div><div class="battle-history">Cinderace used <strong>U-turn</strong>!<br></div><div class="battle-history">[Cinderace's Libero]<br><small>Cinderace's type changed to Bug!</small><br></div><div class="battle-history"><small>It's super effective!</small><br></div><div class="battle-history"><small>(The opposing Slowbro lost <abbr title="−20/48 pixels">39.7–41.7%</abbr> of its health!)</small><br></div><div class="battle-history"><small>Cinderace was hurt by the Rocky Helmet!</small><br></div><div class="spacer battle-history"><br></div><div class="battle-history">Cinderace went back to Mossy Sandwich!<br></div><div class="battle-history">Go! <strong>Charizard</strong>!<br></div><div class="spacer battle-history"><br></div><div class="battle-history">The opposing Slowbro used <strong>Scald</strong>!<br></div><div class="battle-history"><small>It's super effective!</small><br></div><div class="battle-history"><small>(Charizard lost <abbr title="−228/297">76.8%</abbr> of its health!)</small><br></div><div class="spacer battle-history"><br></div><h2 class="battle-history">Turn 10</h2><div class="chat"><small> TEST do .bos joined</small></div><div class="spacer battle-history"><br></div><div class="battle-history"><small>Charizard's Charizardite Y is reacting to the Key Stone!</small><br>Charizard has Mega Evolved into Mega Charizard!<br></div><div class="battle-history">[Charizard's Drought]<br><small>The sunlight turned harsh!</small><br></div><div class="chat"><ul class="utilichart"><li class="result"><span class="col pokemonnamecol" style="white-space: nowrap">Charizard-Mega-Y</span> <span class="col typecol"><img src="https://play.pokemonshowdown.com/sprites/types/Fire.png" alt="Fire" height="14" width="32"><img src="https://play.pokemonshowdown.com/sprites/types/Flying.png" alt="Flying" height="14" width="32"></span> <span style="float: left ; min-height: 26px"><span class="col abilitycol">Drought</span><span class="col abilitycol"></span></span><span style="float: left ; min-height: 26px"><span class="col statcol"><em>HP</em><br>78</span> <span class="col statcol"><em>Atk</em><br>104</span> <span class="col statcol"><em>Def</em><br>78</span> <span class="col statcol"><em>SpA</em><br>159</span> <span class="col statcol"><em>SpD</em><br>115</span> <span class="col statcol"><em>Spe</em><br>100</span> </span></li><li style="clear: both"></li></ul></div><div class="spacer battle-history"><br></div><div class="battle-history">Charizard used <strong>Solar Beam</strong>!<br></div><div class="battle-history"><small>Charizard absorbed light!</small><br></div><div class="battle-history"><small>It's super effective!</small><br></div><div class="battle-history"><small>(The opposing Slowbro lost <abbr title="−28/48 pixels">58.3–60.3%</abbr> of its health!)</small><br></div><div class="spacer battle-history"><br></div><div class="battle-history">The opposing Slowbro fainted!<br></div><div class="spacer battle-history"><br></div><div class="battle-history"><small>(The sunlight is strong.)</small><br></div><div class="chat"><small> SimpyShrimp joined</small></div><div class="spacer battle-history"><br></div><div class="battle-history">ry42 sent out <strong>Victini</strong>!<br></div><div class="spacer battle-history"><br></div><h2 class="battle-history">Turn 11</h2><div class="spacer battle-history"><br></div><div class="battle-history">The opposing Victini used <strong>Bolt Strike</strong>!<br></div><div class="battle-history"><small>It's super effective!</small><br></div><div class="battle-history"><small>(Charizard lost <abbr title="−69/297">23.2%</abbr> of its health!)</small><br></div><div class="spacer battle-history"><br></div><div class="battle-history">Charizard fainted!<br></div><div class="spacer battle-history"><br></div><div class="battle-history"><small>(The sunlight is strong.)</small><br></div><div class="spacer battle-history"><br></div><div class="battle-history">Go! <strong>Cinderace</strong>!<br></div><div class="spacer battle-history"><br></div><h2 class="battle-history">Turn 12</h2><div class="spacer battle-history"><br></div><div class="battle-history">Cinderace used <strong>Gunk Shot</strong>!<br></div><div class="battle-history">[Cinderace's Libero]<br><small>Cinderace's type changed to Poison!</small><br></div><div class="battle-history"><small>The opposing Victini avoided the attack!</small><br></div><div class="spacer battle-history"><br></div><div class="battle-history">The opposing Victini used <strong>Substitute</strong>!<br></div><div class="battle-history"><small>The opposing Victini put in a substitute!</small><br></div><div class="battle-history"><small>(The opposing Victini lost <abbr title="−12/48 pixels">23.0–26.9%</abbr> of its health!)</small><br></div><div class="spacer battle-history"><br></div><div class="battle-history"><small>(The sunlight is strong.)</small><br></div><div class="spacer battle-history"><br></div><h2 class="battle-history">Turn 13</h2><div class="spacer battle-history"><br></div><div class="battle-history">Cinderace used <strong>U-turn</strong>!<br></div><div class="battle-history">[Cinderace's Libero]<br><small>Cinderace's type changed to Bug!</small><br></div><div class="battle-history"><small>The opposing Victini's substitute faded!</small><br></div><div class="spacer battle-history"><br></div><div class="battle-history">Cinderace went back to Mossy Sandwich!<br></div><div class="battle-history">Go! <strong>Moltres</strong>!<br></div><div class="spacer battle-history"><br></div><div class="battle-history">The opposing Victini used <strong>Bolt Strike</strong>!<br></div><div class="battle-history"><small>It's super effective!</small><br></div><div class="battle-history"><small>(Moltres lost <abbr title="−182/384">47.4%</abbr> of its health!)</small><br></div><div class="spacer battle-history"><br></div><div class="battle-history"><small>(The sunlight is strong.)</small><br></div><div class="spacer battle-history"><br></div><h2 class="battle-history">Turn 14</h2><div class="chat chatmessage-hematemesis"><strong style="color:#9412d5"><small> </small><span class="username" data-name="Hematemesis">Hematemesis</span>:</strong> <em>Literally wtf</em></div><div class="spacer battle-history"><br></div><div class="battle-history">The opposing Victini used <strong>Bolt Strike</strong>!<br></div><div class="battle-history"><small>It's super effective!</small><br></div><div class="battle-history"><small>(Moltres lost <abbr title="−202/384">52.6%</abbr> of its health!)</small><br></div><div class="spacer battle-history"><br></div><div class="battle-history">Moltres fainted!<br></div><div class="spacer battle-history"><br></div><div class="battle-history"><small>The harsh sunlight faded.</small><br></div><div class="spacer battle-history"><br></div><div class="battle-history">Go! <strong>Cinderace</strong>!<br></div><div class="spacer battle-history"><br></div><h2 class="battle-history">Turn 15</h2><div class="spacer battle-history"><br></div><div class="battle-history">ry42 withdrew Victini!<br></div><div class="battle-history">ry42 sent out <strong>Jirachi</strong>!<br></div><div class="spacer battle-history"><br></div><div class="battle-history">Cinderace used <strong>U-turn</strong>!<br></div><div class="battle-history">[Cinderace's Libero]<br><small>Cinderace's type changed to Bug!</small><br></div><div class="battle-history"><small>(The opposing Jirachi lost <abbr title="−13/48 pixels">25.1–27.1%</abbr> of its health!)</small><br></div><div class="spacer battle-history"><br></div><div class="battle-history">Cinderace went back to Mossy Sandwich!<br></div><div class="battle-history">Go! <strong>Volcanion</strong>!<br></div><div class="spacer battle-history"><br></div><div class="battle-history"><small>The opposing Jirachi restored a little HP using its Leftovers!</small><br></div><div class="spacer battle-history"><br></div><h2 class="battle-history">Turn 16</h2><div class="chat chatmessage-simpyshrimp"><strong style="color:#ae6819"><small> </small><span class="username" data-name="SimpyShrimp">SimpyShrimp</span>:</strong> <em>if cinder has sucker punch</em></div><div class="spacer battle-history"><br></div><div class="battle-history">The opposing Jirachi used <strong>Iron Head</strong>!<br></div><div class="battle-history"><small>It's not very effective...</small><br></div><div class="battle-history"><small>(Volcanion lost <abbr title="−21/301">7.0%</abbr> of its health!)</small><br></div><div class="spacer battle-history"><br></div><div class="battle-history">Volcanion used <strong>Steam Eruption</strong>!<br></div><div class="battle-history"><small>(The opposing Jirachi lost <abbr title="−37/48 pixels">75.1–81.1%</abbr> of its health!)</small><br></div><div class="battle-history"><small>The opposing Jirachi was burned!</small><br></div><div class="spacer battle-history"><br></div><div class="battle-history"><small>The opposing Jirachi restored a little HP using its Leftovers!</small><br></div><div class="battle-history"><small>The opposing Jirachi was hurt by its burn!</small><br></div><div class="spacer battle-history"><br></div><h2 class="battle-history">Turn 17</h2><div class="chat chatmessage-simpyshrimp"><strong style="color:#ae6819"><small> </small><span class="username" data-name="SimpyShrimp">SimpyShrimp</span>:</strong> <em>it'd be easier to deal with</em></div><div class="spacer battle-history"><br></div><div class="battle-history">Volcanion, come back!<br></div><div class="battle-history">Go! <strong>Cinderace</strong>!<br></div><div class="spacer battle-history"><br></div><div class="battle-history">The opposing Jirachi used <strong>Wish</strong>!<br></div><div class="spacer battle-history"><br></div><div class="battle-history"><small>The opposing Jirachi restored a little HP using its Leftovers!</small><br></div><div class="battle-history"><small>The opposing Jirachi was hurt by its burn!</small><br></div><div class="spacer battle-history"><br></div><h2 class="battle-history">Turn 18</h2><div class="chat chatmessage-simpyshrimp"><strong style="color:#ae6819"><small> </small><span class="username" data-name="SimpyShrimp">SimpyShrimp</span>:</strong> <em>isn't it</em></div><div class="spacer battle-history"><br></div><div class="battle-history">Cinderace used <strong>U-turn</strong>!<br></div><div class="battle-history">[Cinderace's Libero]<br><small>Cinderace's type changed to Bug!</small><br></div><div class="battle-history"><small>(The opposing Jirachi lost <abbr title="−1/48 pixels">0.1–4.1%</abbr> of its health!)</small><br></div><div class="spacer battle-history"><br></div><div class="battle-history">The opposing Jirachi fainted!<br></div><div class="spacer battle-history"><br></div><div class="battle-history">Cinderace went back to Mossy Sandwich!<br></div><div class="battle-history">Go! <strong>Victini</strong>!<br></div><div class="spacer battle-history"><br></div><div class="battle-history">ry42 sent out bandeedee (<strong>Indeedee</strong>)!<br></div><div class="battle-history">[The opposing bandeedee's Psychic Surge]<br><small>The battlefield got weird!</small><br></div><div class="spacer battle-history"><br></div><h2 class="battle-history">Turn 19</h2><div class="spacer battle-history"><br></div><div class="battle-history">Victini used <strong>V-create</strong>!<br></div><div class="battle-history"><small>(The opposing bandeedee lost <abbr title="−48/48 pixels">100%</abbr> of its health!)</small><br></div><div class="battle-history"><small>Victini's Speed fell!</small><br></div><div class="battle-history"><small>Victini's Defense fell!</small><br></div><div class="battle-history"><small>Victini's Sp. Def fell!</small><br></div><div class="spacer battle-history"><br></div><div class="battle-history">The opposing bandeedee fainted!<br></div><div class="spacer battle-history"><br></div><div class="battle-history">ry42 sent out <strong>Latias</strong>!<br></div><div class="spacer battle-history"><br></div><h2 class="battle-history">Turn 20</h2><div class="spacer battle-history"><br></div><div class="battle-history">Victini, come back!<br></div><div class="battle-history">Go! <strong>Volcanion</strong>!<br></div><div class="spacer battle-history"><br></div><div class="battle-history">The opposing Latias used <strong>Draco Meteor</strong>!<br></div><div class="battle-history"><small>(Volcanion lost <abbr title="−229/301">76.1%</abbr> of its health!)</small><br></div><div class="battle-history"><small>The opposing Latias's Sp. Atk fell harshly!</small><br></div><div class="spacer battle-history"><br></div><h2 class="battle-history">Turn 21</h2><div class="spacer battle-history"><br></div><div class="battle-history">The opposing Latias used <strong>Draco Meteor</strong>!<br></div><div class="battle-history"><small>(Volcanion lost <abbr title="−51/301">16.9%</abbr> of its health!)</small><br></div><div class="battle-history"><small>The opposing Latias's Sp. Atk fell harshly!</small><br></div><div class="spacer battle-history"><br></div><div class="battle-history">Volcanion fainted!<br></div><div class="spacer battle-history"><br></div><div class="battle-history">Go! <strong>Cinderace</strong>!<br></div><div class="spacer battle-history"><br></div><h2 class="battle-history">Turn 22</h2><div class="spacer battle-history"><br></div><div class="battle-history">ry42 withdrew Latias!<br></div><div class="battle-history">ry42 sent out <strong>Victini</strong>!<br></div><div class="spacer battle-history"><br></div><div class="battle-history">Cinderace used <strong>U-turn</strong>!<br></div><div class="battle-history">[Cinderace's Libero]<br><small>Cinderace's type changed to Bug!</small><br></div><div class="battle-history"><small>(The opposing Victini lost <abbr title="−16/48 pixels">31.4–35.3%</abbr> of its health!)</small><br></div><div class="spacer battle-history"><br></div><div class="battle-history">Cinderace went back to Mossy Sandwich!<br></div><div class="battle-history">Go! <strong>Victini</strong>!<br></div><div class="spacer battle-history"><br></div><h2 class="battle-history">Turn 23</h2><div class="spacer battle-history"><br></div><div class="battle-history">Victini used <strong>U-turn</strong>!<br></div><div class="battle-history"><small>(The opposing Victini lost <abbr title="−8/48 pixels">16.7–18.7%</abbr> of its health!)</small><br></div><div class="spacer battle-history"><br></div><div class="battle-history">The opposing Victini fainted!<br></div><div class="spacer battle-history"><br></div><div class="battle-history">Victini went back to Mossy Sandwich!<br></div><div class="battle-history">Go! <strong>Cinderace</strong>!<br></div><div class="spacer battle-history"><br></div><div class="battle-history"><small>The weirdness disappeared from the battlefield!</small><br></div><div class="spacer battle-history"><br></div><div class="battle-history">ry42 sent out <strong>Latias</strong>!<br></div><div class="spacer battle-history"><br></div><h2 class="battle-history">Turn 24</h2><div class="chat chatmessage-simpyshrimp"><strong style="color:#ae6819"><small> </small><span class="username" data-name="SimpyShrimp">SimpyShrimp</span>:</strong> <em>gg</em></div><div class="chat chatmessage-hematemesis highlighted"><strong style="color:#9412d5"><small> </small><span class="username" data-name="Hematemesis">Hematemesis</span>:</strong> <em>VAMOS MOSSY</em></div><div class="spacer battle-history"><br></div><div class="battle-history">Cinderace used <strong>Sucker Punch</strong>!<br></div><div class="battle-history">[Cinderace's Libero]<br><small>Cinderace's type changed to Dark!</small><br></div><div class="battle-history"><small>It's super effective!</small><br></div><div class="battle-history"><small>(The opposing Latias lost <abbr title="−43/48 pixels">87.6–89.6%</abbr> of its health!)</small><br></div><div class="spacer battle-history"><br></div><div class="battle-history">The opposing Latias used <strong>Draco Meteor</strong>!<br></div><div class="battle-history"><small>Cinderace avoided the attack!</small><br></div><div class="spacer battle-history"><br></div><h2 class="battle-history">Turn 25</h2><div class="chat chatmessage-mossysandwich mine"><strong style="color:#ba49a2"><small>☆</small><span class="username" data-name="Mossy Sandwich">Mossy Sandwich</span>:</strong> <em>gg</em></div><div class="chat chatmessage-ry42"><strong style="color:#9727cf"><small>☆</small><span class="username" data-name="ry42">ry42</span>:</strong> <em>g</em></div><div class="chat chatmessage-ry42"><strong style="color:#9727cf"><small>☆</small><span class="username" data-name="ry42">ry42</span>:</strong> <em>g</em></div><div class="spacer battle-history"><br></div><div class="battle-history">Cinderace used <strong>Sucker Punch</strong>!<br></div><div class="battle-history"><small>It's super effective!</small><br></div><div class="battle-history"><small>(The opposing Latias lost <abbr title="−5/48 pixels">10.4–12.4%</abbr> of its health!)</small><br></div><div class="spacer battle-history"><br></div><div class="battle-history">The opposing Latias fainted!<br></div><div class="spacer battle-history"><br></div><div class="battle-history"><strong>Mossy Sandwich</strong> won the battle!<br></div><div class="chat"><small> Musica Funebre left</small></div></div><div class="inner-preempt message-log"></div></div></div>
</div>
<script>
let daily = Math.floor(Date.now()/1000/60/60/24);document.write('<script src="https://play.pokemonshowdown.com/js/replay-embed.js?version'+daily+'"></'+'script>');
</script>
