<!DOCTYPE html>
<meta charset="utf-8" />
<!-- version 1 -->
<title>[Gen 8] Megas for All replay: aausma vs. inkbug1</title>
<style>
html,body {font-family:Verdana, sans-serif;font-size:10pt;margin:0;padding:0;}body{padding:12px 0;} .battle-log {font-family:Verdana, sans-serif;font-size:10pt;} .battle-log-inline {border:1px solid #AAAAAA;background:#EEF2F5;color:black;max-width:640px;margin:0 auto 80px;padding-bottom:5px;} .battle-log .inner {padding:4px 8px 0px 8px;} .battle-log .inner-preempt {padding:0 8px 4px 8px;} .battle-log .inner-after {margin-top:0.5em;} .battle-log h2 {margin:0.5em -8px;padding:4px 8px;border:1px solid #AAAAAA;background:#E0E7EA;border-left:0;border-right:0;font-family:Verdana, sans-serif;font-size:13pt;} .battle-log .chat {vertical-align:middle;padding:3px 0 3px 0;font-size:8pt;} .battle-log .chat strong {color:#40576A;} .battle-log .chat em {padding:1px 4px 1px 3px;color:#000000;font-style:normal;} .chat.mine {background:rgba(0,0,0,0.05);margin-left:-8px;margin-right:-8px;padding-left:8px;padding-right:8px;} .spoiler {color:#BBBBBB;background:#BBBBBB;padding:0px 3px;} .spoiler:hover, .spoiler:active, .spoiler-shown {color:#000000;background:#E2E2E2;padding:0px 3px;} .spoiler a {color:#BBBBBB;} .spoiler:hover a, .spoiler:active a, .spoiler-shown a {color:#2288CC;} .chat code, .chat .spoiler:hover code, .chat .spoiler:active code, .chat .spoiler-shown code {border:1px solid #C0C0C0;background:#EEEEEE;color:black;padding:0 2px;} .chat .spoiler code {border:1px solid #CCCCCC;background:#CCCCCC;color:#CCCCCC;} .battle-log .rated {padding:3px 4px;} .battle-log .rated strong {color:white;background:#89A;padding:1px 4px;border-radius:4px;} .spacer {margin-top:0.5em;} .message-announce {background:#6688AA;color:white;padding:1px 4px 2px;} .message-announce a, .broadcast-green a, .broadcast-blue a, .broadcast-red a {color:#DDEEFF;} .broadcast-green {background-color:#559955;color:white;padding:2px 4px;} .broadcast-blue {background-color:#6688AA;color:white;padding:2px 4px;} .infobox {border:1px solid #6688AA;padding:2px 4px;} .infobox-limited {max-height:200px;overflow:auto;overflow-x:hidden;} .broadcast-red {background-color:#AA5544;color:white;padding:2px 4px;} .message-learn-canlearn {font-weight:bold;color:#228822;text-decoration:underline;} .message-learn-cannotlearn {font-weight:bold;color:#CC2222;text-decoration:underline;} .message-effect-weak {font-weight:bold;color:#CC2222;} .message-effect-resist {font-weight:bold;color:#6688AA;} .message-effect-immune {font-weight:bold;color:#666666;} .message-learn-list {margin-top:0;margin-bottom:0;} .message-throttle-notice, .message-error {color:#992222;} .message-overflow, .chat small.message-overflow {font-size:0pt;} .message-overflow::before {font-size:9pt;content:'...';} .subtle {color:#3A4A66;}
</style>
<div class="wrapper replay-wrapper" style="max-width:1180px;margin:0 auto">
<input type="hidden" name="replayid" value="dragonheaven-gen8megasforall-327" />
<div class="battle"></div><div class="battle-log"></div><div class="replay-controls"></div><div class="replay-controls-2"></div>
<h1 style="font-weight:normal;text-align:center"><strong>[Gen 8] Megas for All</strong><br /><a href="http://pokemonshowdown.com/users/aausma" class="subtle" target="_blank">aausma</a> vs. <a href="http://pokemonshowdown.com/users/inkbug1" class="subtle" target="_blank">inkbug1</a></h1>
<script type="text/plain" class="battle-log-data">|j|☆aausma
|j|☆inkbug1

|t:|1607816740
|player|p1|aausma|bianca-pwt|
|player|p2|inkbug1|burgh|
|teamsize|p1|6
|teamsize|p2|6
|gametype|singles
|gen|8
|tier|[Gen 8] Megas for All
|clearpoke
|poke|p1|Magcargo, M|
|poke|p1|Shuckle, F|
|poke|p1|Zapdos-Galar|
|poke|p1|Gliscor, F|
|poke|p1|Spectrier|
|poke|p1|Kartana|
|poke|p2|Scizor, F|
|poke|p2|Gourgeist-*, M|
|poke|p2|Manectric, M|
|poke|p2|Incineroar, F|
|poke|p2|Slowking, F|
|poke|p2|Eldegoss, M|
|rule|HP Percentage Mod: HP is shown in percentages
|rule|Endless Battle Clause: Forcing endless battles is banned
|rule|OHKO Clause: OHKO moves are banned
|rule|Evasion Moves Clause: Evasion moves are banned
|rule|Species Clause: Limit one of each Pokémon
|rule|Dynamax Clause: You cannot dynamax
|rule|Sleep Clause Mod: Limit one foe put to sleep
|rule|Freeze Clause Mod: Limit one foe frozen
|teampreview
|j| ViZarPKMN
|
|t:|1607816753
|start
|switch|p1a: Shuckle|Shuckle, F|100\/100
|switch|p2a: Cindy|Incineroar, F|394\/394
|-ability|p2a: Cindy|Intimidate|boost
|-unboost|p1a: Shuckle|atk|1
|turn|1
|
|t:|1607816764
|move|p2a: Cindy|Parting Shot|p1a: Shuckle
|-unboost|p1a: Shuckle|atk|1
|-unboost|p1a: Shuckle|spa|1
|
|t:|1607816768
|switch|p2a: Candyfloss|Eldegoss, M|261\/261
|move|p1a: Shuckle|Sticky Web|p2a: Candyfloss
|-sidestart|p2: inkbug1|move: Sticky Web
|
|upkeep
|turn|2
|
|t:|1607816774
|move|p2a: Candyfloss|Leech Seed|p1a: Shuckle
|-start|p1a: Shuckle|move: Leech Seed
|move|p1a: Shuckle|Encore|p2a: Candyfloss
|-start|p2a: Candyfloss|Encore
|
|-damage|p1a: Shuckle|88\/100|[from] Leech Seed|[of] p2a: Candyfloss
|upkeep
|turn|3
|
|t:|1607816781
|move|p2a: Candyfloss|Leech Seed||[still]
|-fail|p2a: Candyfloss
|move|p1a: Shuckle|Stealth Rock|p2a: Candyfloss
|-sidestart|p2: inkbug1|move: Stealth Rock
|
|-damage|p1a: Shuckle|76\/100|[from] Leech Seed|[of] p2a: Candyfloss
|upkeep
|turn|4
|
|t:|1607816787
|move|p2a: Candyfloss|Leech Seed||[still]
|-fail|p2a: Candyfloss
|move|p1a: Shuckle|Final Gambit|p2a: Candyfloss
|-damage|p2a: Candyfloss|78\/261
|faint|p1a: Shuckle
|
|upkeep
|
|t:|1607816790
|switch|p1a: Magcargo|Magcargo, M|100\/100
|turn|5
|
|t:|1607816802
|switch|p2a: Cindy|Incineroar, F|394\/394
|-ability|p2a: Cindy|Intimidate|boost
|-unboost|p1a: Magcargo|atk|1
|detailschange|p1a: Magcargo|Magcargo-Mega, M
|-mega|p1a: Magcargo|Magcargo|Magcargonite
|raw|<ul class="utilichart"><li class="result"><span class="col numcol">(PU)<\/span> <span class="col pokemonnamecol" style="white-space: nowrap">Magcargo-Mega<\/span> <span class="col typecol"><img src="https:\/\/play.pokemonshowdown.com\/sprites\/types\/Fire.png" alt="Fire" height="14" width="32"><\/span> <span style="float: left ; min-height: 26px"><span class="col abilitycol">Volcanic Singe<\/span><span class="col abilitycol"><\/span><\/span><span style="float: left ; min-height: 26px"><span class="col statcol"><em>HP<\/em><br>60<\/span> <span class="col statcol"><em>Atk<\/em><br>135<\/span> <span class="col statcol"><em>Def<\/em><br>80<\/span> <span class="col statcol"><em>SpA<\/em><br>135<\/span> <span class="col statcol"><em>SpD<\/em><br>80<\/span> <span class="col statcol"><em>Spe<\/em><br>40<\/span> <\/span><\/li><li style="clear: both"><\/li><\/ul>
|move|p1a: Magcargo|Shell Smash|p1a: Magcargo
|-ability|p1a: Magcargo|Volcanic Singe
|-message|The air around Magcargo's team was superheated!
|-hint|During Volcanic Singe, making contact with a Pokémon on Magcargo's team will result in a burn!
|-hint|The effect is extended each time Magcargo's stats are lowered!
|-unboost|p1a: Magcargo|def|1
|-unboost|p1a: Magcargo|spd|1
|-boost|p1a: Magcargo|atk|2
|-boost|p1a: Magcargo|spa|2
|-boost|p1a: Magcargo|spe|2
|
|-message|There are 2 turns left of Volcanic Singe!
|upkeep
|turn|6
|
|t:|1607816823
|move|p1a: Magcargo|Shell Smash|p1a: Magcargo
|-unboost|p1a: Magcargo|def|1
|-unboost|p1a: Magcargo|spd|1
|-boost|p1a: Magcargo|atk|2
|-boost|p1a: Magcargo|spa|2
|-boost|p1a: Magcargo|spe|2
|move|p2a: Cindy|Knock Off|p1a: Magcargo
|-damage|p1a: Magcargo|14\/100
|
|-message|There are 3 turns left of Volcanic Singe!
|upkeep
|turn|7
|
|t:|1607816835
|move|p1a: Magcargo|Overheat|p2a: Cindy
|-resisted|p2a: Cindy
|-damage|p2a: Cindy|124\/394
|-unboost|p1a: Magcargo|spa|2
|move|p2a: Cindy|Knock Off|p1a: Magcargo
|-crit|p1a: Magcargo
|-damage|p1a: Magcargo|0 fnt
|faint|p1a: Magcargo
|
|-message|There are 4 turns left of Volcanic Singe!
|upkeep
|c|☆aausma|68.
|c|☆aausma|magcargo you suck
|c|☆inkbug1|i think cindy is spd to be fair
|c|☆inkbug1|invested i mean
|c|☆aausma|fair fair
|c|☆inkbug1|yeah 252+ 
|
|t:|1607816867
|switch|p1a: Zapdos|Zapdos-Galar|100\/100
|turn|8
|
|t:|1607816874
|switch|p2a: Blackmore|Gourgeist-Large, M, shiny|354\/354
|-activate|p2a: Blackmore|move: Sticky Web
|-unboost|p2a: Blackmore|spe|1
|-damage|p2a: Blackmore|310\/354|[from] Stealth Rock
|-item|p1a: Zapdos|Life Orb|[from] ability: Frisk|[of] p2a: Blackmore|[identify]
|move|p1a: Zapdos|Thunderous Kick|p2a: Blackmore
|-immune|p2a: Blackmore
|
|-message|There are 3 turns left of Volcanic Singe!
|upkeep
|turn|9
|
|t:|1607816886
|detailschange|p2a: Blackmore|Gourgeist-Large-Mega, M, shiny
|-mega|p2a: Blackmore|Gourgeist|Gourgeite
|raw|<ul class="utilichart"><li class="result"><span class="col numcol">(PU)<\/span> <span class="col pokemonnamecol" style="white-space: nowrap">Gourgeist-Large-Mega<\/span> <span class="col typecol"><img src="https:\/\/play.pokemonshowdown.com\/sprites\/types\/Ghost.png" alt="Ghost" height="14" width="32"><img src="https:\/\/play.pokemonshowdown.com\/sprites\/types\/Grass.png" alt="Grass" height="14" width="32"><\/span> <span style="float: left ; min-height: 26px"><span class="col abilitycol">Flash Fire<\/span><span class="col abilitycol"><\/span><\/span><span style="float: left ; min-height: 26px"><span class="col statcol"><em>HP<\/em><br>75<\/span> <span class="col statcol"><em>Atk<\/em><br>100<\/span> <span class="col statcol"><em>Def<\/em><br>125<\/span> <span class="col statcol"><em>SpA<\/em><br>100<\/span> <span class="col statcol"><em>SpD<\/em><br>125<\/span> <span class="col statcol"><em>Spe<\/em><br>69<\/span> <\/span><\/li><li style="clear: both"><\/li><\/ul>
|move|p1a: Zapdos|Bulk Up|p1a: Zapdos
|-boost|p1a: Zapdos|atk|1
|-boost|p1a: Zapdos|def|1
|move|p2a: Blackmore|Strength Sap|p1a: Zapdos
|-unboost|p1a: Zapdos|atk|1
|-ability|p1a: Zapdos|Defiant
|-boost|p1a: Zapdos|atk|2
|-heal|p2a: Blackmore|354\/354
|
|-message|There are 2 turns left of Volcanic Singe!
|upkeep
|turn|10
|c|☆aausma|:eyes:
|c|☆inkbug1|oh i forgot
|c|☆inkbug1|lmfao 
|c|☆inkbug1|i was like "okay lets not use parting shot" 
|c|☆inkbug1|and then instantly forgot again
|
|t:|1607816919
|move|p1a: Zapdos|Drill Peck|p2a: Blackmore
|-supereffective|p2a: Blackmore
|-damage|p2a: Blackmore|0 fnt
|-damage|p1a: Zapdos|91\/100|[from] item: Life Orb
|faint|p2a: Blackmore
|
|-message|There is one turn left of Volcanic Singe!
|upkeep
|
|t:|1607816927
|switch|p2a: Blitzen|Manectric, M, shiny|281\/281
|-activate|p2a: Blitzen|move: Sticky Web
|-unboost|p2a: Blitzen|spe|1
|-damage|p2a: Blitzen|246\/281|[from] Stealth Rock
|turn|11
|c|☆inkbug1|ah shit
|c|☆aausma|no revenge killing allowed
|
|t:|1607816941
|switch|p2a: Dallas|Scizor, F|343\/343
|-damage|p2a: Dallas|301\/343|[from] Stealth Rock
|-activate|p2a: Dallas|move: Sticky Web
|-unboost|p2a: Dallas|spe|1
|move|p1a: Zapdos|Stomping Tantrum|p2a: Dallas
|-damage|p2a: Dallas|62\/343
|-damage|p1a: Zapdos|81\/100|[from] item: Life Orb
|
|-heal|p2a: Dallas|83\/343|[from] item: Leftovers
|-message|The air around Magcargo's team cooled down!
|upkeep
|turn|12
|c|☆inkbug1|this is why we bring prankster haze murkrow
|c|☆aausma|truth
|
|t:|1607816975
|move|p2a: Dallas|Bullet Punch|p1a: Zapdos
|-damage|p1a: Zapdos|52\/100
|move|p1a: Zapdos|Drill Peck|p2a: Dallas
|-damage|p2a: Dallas|0 fnt
|-damage|p1a: Zapdos|42\/100|[from] item: Life Orb
|faint|p2a: Dallas
|
|upkeep
|
|t:|1607816984
|switch|p2a: Slowking|Slowking, F|394\/394
|-damage|p2a: Slowking|345\/394|[from] Stealth Rock
|-activate|p2a: Slowking|move: Sticky Web
|-unboost|p2a: Slowking|spe|1
|turn|13
|
|t:|1607816995
|move|p1a: Zapdos|Drill Peck|p2a: Slowking
|-damage|p2a: Slowking|67\/394
|-damage|p1a: Zapdos|32\/100|[from] item: Life Orb
|move|p2a: Slowking|Scald|p1a: Zapdos
|-damage|p1a: Zapdos|3\/100
|
|-heal|p2a: Slowking|91\/394|[from] item: Leftovers
|upkeep
|turn|14
|c|☆aausma|it liiiiives
|
|t:|1607817005
|move|p1a: Zapdos|Stomping Tantrum|p2a: Slowking
|-damage|p2a: Slowking|0 fnt
|-damage|p1a: Zapdos|0 fnt|[from] item: Life Orb
|faint|p2a: Slowking
|faint|p1a: Zapdos
|
|upkeep
|c|☆inkbug1|haha okay 
|c|☆inkbug1|that mistake only cost me half my team
|
|t:|1607817019
|switch|p1a: Kartana|Kartana|100\/100
|switch|p2a: Candyfloss|Eldegoss, M|165\/261
|-damage|p2a: Candyfloss|133\/261|[from] Stealth Rock
|-activate|p2a: Candyfloss|move: Sticky Web
|-unboost|p2a: Candyfloss|spe|1
|turn|15
|
|t:|1607817030
|switch|p1a: Spectrier|Spectrier|100\/100
|move|p2a: Candyfloss|Rapid Spin|p1a: Spectrier
|-immune|p1a: Spectrier
|
|upkeep
|turn|16
|c|☆inkbug1|dammit
|
|t:|1607817042
|move|p1a: Spectrier|Substitute|p1a: Spectrier
|-start|p1a: Spectrier|Substitute
|-damage|p1a: Spectrier|76\/100
|move|p2a: Candyfloss|Leech Seed||[still]
|-fail|p2a: Candyfloss
|
|-heal|p1a: Spectrier|82\/100|[from] item: Leftovers
|upkeep
|turn|17
|c|☆inkbug1|dammit
|
|t:|1607817052
|switch|p2a: Cindy|Incineroar, F|124\/394
|-ability|p2a: Cindy|Intimidate|boost
|-immune|p1a: Spectrier
|move|p1a: Spectrier|Nasty Plot|p1a: Spectrier
|-boost|p1a: Spectrier|spa|2
|
|-heal|p1a: Spectrier|88\/100|[from] item: Leftovers
|upkeep
|turn|18
|
|t:|1607817062
|move|p1a: Spectrier|Shadow Ball|p2a: Cindy
|-resisted|p2a: Cindy
|-damage|p2a: Cindy|0 fnt
|faint|p2a: Cindy
|-ability|p1a: Spectrier|Grim Neigh|boost
|-boost|p1a: Spectrier|spa|1
|
|-heal|p1a: Spectrier|94\/100|[from] item: Leftovers
|upkeep
|c|☆inkbug1|gg 
|c|☆aausma|gg
|
|t:|1607817074
|switch|p2a: Blitzen|Manectric, M, shiny|246\/281
|-damage|p2a: Blitzen|211\/281|[from] Stealth Rock
|-activate|p2a: Blitzen|move: Sticky Web
|-unboost|p2a: Blitzen|spe|1
|turn|19
|
|t:|1607817080
|move|p1a: Spectrier|Shadow Ball|p2a: Blitzen
|-damage|p2a: Blitzen|0 fnt
|faint|p2a: Blitzen
|-ability|p1a: Spectrier|Grim Neigh|boost
|-boost|p1a: Spectrier|spa|1
|
|-heal|p1a: Spectrier|99\/100|[from] item: Leftovers
|upkeep
|
|t:|1607817087
|switch|p2a: Candyfloss|Eldegoss, M|220\/261
|-activate|p2a: Candyfloss|move: Sticky Web
|-unboost|p2a: Candyfloss|spe|1
|-damage|p2a: Candyfloss|188\/261|[from] Stealth Rock
|turn|20
|
|t:|1607817092
|move|p1a: Spectrier|Shadow Ball|p2a: Candyfloss
|-damage|p2a: Candyfloss|0 fnt
|faint|p2a: Candyfloss
|
|win|aausma</script>
</div>
<div class="battle-log battle-log-inline"><div class="inner"><div class="battle-options"><div style="padding-top: 3px; padding-right: 3px; text-align: right"><button class="icon button" name="openBattleOptions" title="Options">Battle Options</button></div></div><div class="inner message-log"><div class="chat"><small>☆aausma and ☆inkbug1 joined</small></div><div class=""><small>Format:</small> <br><strong>[Gen 8] Megas for All</strong></div><div class=""><small><em>HP Percentage Mod:</em> HP is shown in percentages</small></div><div class=""><small><em>Endless Battle Clause:</em> Forcing endless battles is banned</small></div><div class=""><small><em>OHKO Clause:</em> OHKO moves are banned</small></div><div class=""><small><em>Evasion Moves Clause:</em> Evasion moves are banned</small></div><div class=""><small><em>Species Clause:</em> Limit one of each Pokémon</small></div><div class=""><small><em>Dynamax Clause:</em> You cannot dynamax</small></div><div class=""><small><em>Sleep Clause Mod:</em> Limit one foe put to sleep</small></div><div class=""><small><em>Freeze Clause Mod:</em> Limit one foe frozen</small></div><div class="chat battle-history"><strong>aausma's team:</strong> <em style="color:#445566;display:block;">Magcargo / Shuckle / Zapdos-Galar / Gliscor / Spectrier / Kartana</em></div><div class="chat battle-history"><strong>inkbug1's team:</strong> <em style="color:#445566;display:block;">Scizor / Gourgeist-* / Manectric / Incineroar / Slowking / Eldegoss</em></div><div class="chat"><small> ViZarPKMN joined</small></div><div class="spacer battle-history"><br></div><div class="battle-history">Battle started between aausma and inkbug1!<br></div><div class="spacer battle-history"><br></div><div class="battle-history">aausma sent out <strong>Shuckle</strong>!<br></div><div class="spacer battle-history"><br></div><div class="battle-history">Go! Cindy (<strong>Incineroar</strong>)!<br></div><div class="battle-history">[Cindy's Intimidate]<br></div><div class="battle-history"><small>The opposing Shuckle's Attack fell!</small><br></div><div class="spacer battle-history"><br></div><h2 class="battle-history">Turn 1</h2><div class="spacer battle-history"><br></div><div class="battle-history">Cindy used <strong>Parting Shot</strong>!<br></div><div class="battle-history"><small>The opposing Shuckle's Attack fell!</small><br></div><div class="battle-history"><small>The opposing Shuckle's Sp. Atk fell!</small><br></div><div class="spacer battle-history"><br></div><div class="battle-history">Cindy, come back!<br></div><div class="battle-history">Go! Candyfloss (<strong>Eldegoss</strong>)!<br></div><div class="spacer battle-history"><br></div><div class="battle-history">The opposing Shuckle used <strong>Sticky Web</strong>!<br></div><div class="battle-history"><small>A sticky web has been laid out on the ground around your team!</small><br></div><div class="spacer battle-history"><br></div><h2 class="battle-history">Turn 2</h2><div class="spacer battle-history"><br></div><div class="battle-history">Candyfloss used <strong>Leech Seed</strong>!<br></div><div class="battle-history"><small>The opposing Shuckle was seeded!</small><br></div><div class="spacer battle-history"><br></div><div class="battle-history">The opposing Shuckle used <strong>Encore</strong>!<br></div><div class="battle-history"><small>Candyfloss must do an encore!</small><br></div><div class="spacer battle-history"><br></div><div class="battle-history"><small>The opposing Shuckle's health is sapped by Leech Seed!</small><br></div><div class="spacer battle-history"><br></div><h2 class="battle-history">Turn 3</h2><div class="spacer battle-history"><br></div><div class="battle-history">Candyfloss used <strong>Leech Seed</strong>!<br></div><div class="battle-history"><small>But it failed!</small><br></div><div class="spacer battle-history"><br></div><div class="battle-history">The opposing Shuckle used <strong>Stealth Rock</strong>!<br></div><div class="battle-history"><small>Pointed stones float in the air around your team!</small><br></div><div class="spacer battle-history"><br></div><div class="battle-history"><small>The opposing Shuckle's health is sapped by Leech Seed!</small><br></div><div class="spacer battle-history"><br></div><h2 class="battle-history">Turn 4</h2><div class="spacer battle-history"><br></div><div class="battle-history">Candyfloss used <strong>Leech Seed</strong>!<br></div><div class="battle-history"><small>But it failed!</small><br></div><div class="spacer battle-history"><br></div><div class="battle-history">The opposing Shuckle used <strong>Final Gambit</strong>!<br></div><div class="battle-history"><small>(Candyfloss lost <abbr title="−183/261">70.1%</abbr> of its health!)</small><br></div><div class="spacer battle-history"><br></div><div class="battle-history">The opposing Shuckle fainted!<br></div><div class="spacer battle-history"><br></div><div class="battle-history">aausma sent out <strong>Magcargo</strong>!<br></div><div class="spacer battle-history"><br></div><h2 class="battle-history">Turn 5</h2><div class="spacer battle-history"><br></div><div class="battle-history">Candyfloss, come back!<br></div><div class="battle-history">Go! Cindy (<strong>Incineroar</strong>)!<br></div><div class="battle-history">[Cindy's Intimidate]<br></div><div class="battle-history"><small>The opposing Magcargo's Attack fell!</small><br></div><div class="spacer battle-history"><br></div><div class="battle-history"><small>The opposing Magcargo's Magcargonite is reacting to the Key Stone!</small><br>The opposing Magcargo has Mega Evolved into Mega Magcargo!<br></div><div class="chat"><ul class="utilichart"><li class="result"><span class="col numcol">(PU)</span> <span class="col pokemonnamecol" style="white-space: nowrap">Magcargo-Mega</span> <span class="col typecol"><img src="https://play.pokemonshowdown.com/sprites/types/Fire.png" alt="Fire" height="14" width="32"></span> <span style="float: left ; min-height: 26px"><span class="col abilitycol">Volcanic Singe</span><span class="col abilitycol"></span></span><span style="float: left ; min-height: 26px"><span class="col statcol"><em>HP</em><br>60</span> <span class="col statcol"><em>Atk</em><br>135</span> <span class="col statcol"><em>Def</em><br>80</span> <span class="col statcol"><em>SpA</em><br>135</span> <span class="col statcol"><em>SpD</em><br>80</span> <span class="col statcol"><em>Spe</em><br>40</span> </span></li><li style="clear: both"></li></ul></div><div class="spacer battle-history"><br></div><div class="battle-history">The opposing Magcargo used <strong>Shell Smash</strong>!<br></div><div class="battle-history">[The opposing Magcargo's Volcanic Singe]<br></div><div class="battle-history"><small>The air around Magcargo's team was superheated!</small><br></div><div class="battle-history"><small>(During Volcanic Singe, making contact with a Pokémon on Magcargo's team will result in a burn!)</small><br></div><div class="battle-history"><small>(The effect is extended each time Magcargo's stats are lowered!)</small><br></div><div class="battle-history"><small>The opposing Magcargo's Defense fell!</small><br></div><div class="battle-history"><small>The opposing Magcargo's Sp. Def fell!</small><br></div><div class="battle-history"><small>The opposing Magcargo's Attack rose sharply!</small><br></div><div class="battle-history"><small>The opposing Magcargo's Sp. Atk rose sharply!</small><br></div><div class="battle-history"><small>The opposing Magcargo's Speed rose sharply!</small><br></div><div class="spacer battle-history"><br></div><div class="battle-history"><small>There are 2 turns left of Volcanic Singe!</small><br></div><div class="spacer battle-history"><br></div><h2 class="battle-history">Turn 6</h2><div class="spacer battle-history"><br></div><div class="battle-history">The opposing Magcargo used <strong>Shell Smash</strong>!<br></div><div class="battle-history"><small>The opposing Magcargo's Defense fell!</small><br></div><div class="battle-history"><small>The opposing Magcargo's Sp. Def fell!</small><br></div><div class="battle-history"><small>The opposing Magcargo's Attack rose sharply!</small><br></div><div class="battle-history"><small>The opposing Magcargo's Sp. Atk rose sharply!</small><br></div><div class="battle-history"><small>The opposing Magcargo's Speed rose sharply!</small><br></div><div class="spacer battle-history"><br></div><div class="battle-history">Cindy used <strong>Knock Off</strong>!<br></div><div class="battle-history"><small>(The opposing Magcargo lost 86% of its health!)</small><br></div><div class="spacer battle-history"><br></div><div class="battle-history"><small>There are 3 turns left of Volcanic Singe!</small><br></div><div class="spacer battle-history"><br></div><h2 class="battle-history">Turn 7</h2><div class="spacer battle-history"><br></div><div class="battle-history">The opposing Magcargo used <strong>Overheat</strong>!<br></div><div class="battle-history"><small>It's not very effective...</small><br></div><div class="battle-history"><small>(Cindy lost <abbr title="−270/394">68.5%</abbr> of its health!)</small><br></div><div class="battle-history"><small>The opposing Magcargo's Sp. Atk fell harshly!</small><br></div><div class="spacer battle-history"><br></div><div class="battle-history">Cindy used <strong>Knock Off</strong>!<br></div><div class="battle-history"><small>A critical hit!</small><br></div><div class="battle-history"><small>(The opposing Magcargo lost 14% of its health!)</small><br></div><div class="spacer battle-history"><br></div><div class="battle-history">The opposing Magcargo fainted!<br></div><div class="spacer battle-history"><br></div><div class="battle-history"><small>There are 4 turns left of Volcanic Singe!</small><br></div><div class="chat chatmessage-aausma"><strong style="color:#18a81f"><small>☆</small><span class="username" data-name="aausma">aausma</span>:</strong> <em>68.</em></div><div class="chat chatmessage-aausma"><strong style="color:#18a81f"><small>☆</small><span class="username" data-name="aausma">aausma</span>:</strong> <em>magcargo you suck</em></div><div class="chat chatmessage-inkbug1 mine"><strong style="color:#e46e0f"><small>☆</small><span class="username" data-name="inkbug1">inkbug1</span>:</strong> <em>i think cindy is spd to be fair</em></div><div class="chat chatmessage-inkbug1 mine"><strong style="color:#e46e0f"><small>☆</small><span class="username" data-name="inkbug1">inkbug1</span>:</strong> <em>invested i mean</em></div><div class="chat chatmessage-aausma"><strong style="color:#18a81f"><small>☆</small><span class="username" data-name="aausma">aausma</span>:</strong> <em>fair fair</em></div><div class="chat chatmessage-inkbug1 mine"><strong style="color:#e46e0f"><small>☆</small><span class="username" data-name="inkbug1">inkbug1</span>:</strong> <em>yeah 252+ </em></div><div class="spacer battle-history"><br></div><div class="battle-history">aausma sent out Zapdos (<strong>Zapdos-Galar</strong>)!<br></div><div class="spacer battle-history"><br></div><h2 class="battle-history">Turn 8</h2><div class="spacer battle-history"><br></div><div class="battle-history">Cindy, come back!<br></div><div class="battle-history">Go! Blackmore (<strong>Gourgeist-Large</strong>)!<br></div><div class="battle-history"><small>Blackmore was caught in a sticky web!</small><br></div><div class="battle-history"><small>Blackmore's Speed fell!</small><br></div><div class="battle-history"><small>Pointed stones dug into Blackmore!</small><br></div><div class="battle-history">[Blackmore's Frisk]<br><small>Blackmore frisked the opposing Zapdos and found its Life Orb!</small><br></div><div class="spacer battle-history"><br></div><div class="battle-history">The opposing Zapdos used <strong>Thunderous Kick</strong>!<br></div><div class="battle-history"><small>It doesn't affect Blackmore...</small><br></div><div class="spacer battle-history"><br></div><div class="battle-history"><small>There are 3 turns left of Volcanic Singe!</small><br></div><div class="spacer battle-history"><br></div><h2 class="battle-history">Turn 9</h2><div class="spacer battle-history"><br></div><div class="battle-history"><small>Blackmore's Gourgeite is reacting to the Key Stone!</small><br>Blackmore has Mega Evolved into Mega Gourgeist!<br></div><div class="chat"><ul class="utilichart"><li class="result"><span class="col numcol">(PU)</span> <span class="col pokemonnamecol" style="white-space: nowrap">Gourgeist-Large-Mega</span> <span class="col typecol"><img src="https://play.pokemonshowdown.com/sprites/types/Ghost.png" alt="Ghost" height="14" width="32"><img src="https://play.pokemonshowdown.com/sprites/types/Grass.png" alt="Grass" height="14" width="32"></span> <span style="float: left ; min-height: 26px"><span class="col abilitycol">Flash Fire</span><span class="col abilitycol"></span></span><span style="float: left ; min-height: 26px"><span class="col statcol"><em>HP</em><br>75</span> <span class="col statcol"><em>Atk</em><br>100</span> <span class="col statcol"><em>Def</em><br>125</span> <span class="col statcol"><em>SpA</em><br>100</span> <span class="col statcol"><em>SpD</em><br>125</span> <span class="col statcol"><em>Spe</em><br>69</span> </span></li><li style="clear: both"></li></ul></div><div class="spacer battle-history"><br></div><div class="battle-history">The opposing Zapdos used <strong>Bulk Up</strong>!<br></div><div class="battle-history"><small>The opposing Zapdos's Attack rose!</small><br></div><div class="battle-history"><small>The opposing Zapdos's Defense rose!</small><br></div><div class="spacer battle-history"><br></div><div class="battle-history">Blackmore used <strong>Strength Sap</strong>!<br></div><div class="battle-history"><small>The opposing Zapdos's Attack fell!</small><br></div><div class="battle-history">[The opposing Zapdos's Defiant]<br></div><div class="battle-history"><small>The opposing Zapdos's Attack rose sharply!</small><br></div><div class="battle-history"><small>Blackmore had its HP restored.</small><br></div><div class="spacer battle-history"><br></div><div class="battle-history"><small>There are 2 turns left of Volcanic Singe!</small><br></div><div class="spacer battle-history"><br></div><h2 class="battle-history">Turn 10</h2><div class="chat chatmessage-aausma"><strong style="color:#18a81f"><small>☆</small><span class="username" data-name="aausma">aausma</span>:</strong> <em>:eyes:</em></div><div class="chat chatmessage-inkbug1 mine"><strong style="color:#e46e0f"><small>☆</small><span class="username" data-name="inkbug1">inkbug1</span>:</strong> <em>oh i forgot</em></div><div class="chat chatmessage-inkbug1 mine"><strong style="color:#e46e0f"><small>☆</small><span class="username" data-name="inkbug1">inkbug1</span>:</strong> <em>lmfao </em></div><div class="chat chatmessage-inkbug1 mine"><strong style="color:#e46e0f"><small>☆</small><span class="username" data-name="inkbug1">inkbug1</span>:</strong> <em>i was like "okay lets not use parting shot" </em></div><div class="chat chatmessage-inkbug1 mine"><strong style="color:#e46e0f"><small>☆</small><span class="username" data-name="inkbug1">inkbug1</span>:</strong> <em>and then instantly forgot again</em></div><div class="spacer battle-history"><br></div><div class="battle-history">The opposing Zapdos used <strong>Drill Peck</strong>!<br></div><div class="battle-history"><small>It's super effective!</small><br></div><div class="battle-history"><small>(Blackmore lost <abbr title="−354/354">100%</abbr> of its health!)</small><br></div><div class="battle-history"><small>The opposing Zapdos lost some of its HP!</small><br></div><div class="spacer battle-history"><br></div><div class="battle-history">Blackmore fainted!<br></div><div class="spacer battle-history"><br></div><div class="battle-history"><small>There is one turn left of Volcanic Singe!</small><br></div><div class="spacer battle-history"><br></div><div class="battle-history">Go! Blitzen (<strong>Manectric</strong>)!<br></div><div class="battle-history"><small>Blitzen was caught in a sticky web!</small><br></div><div class="battle-history"><small>Blitzen's Speed fell!</small><br></div><div class="battle-history"><small>Pointed stones dug into Blitzen!</small><br></div><div class="spacer battle-history"><br></div><h2 class="battle-history">Turn 11</h2><div class="chat chatmessage-inkbug1 mine"><strong style="color:#e46e0f"><small>☆</small><span class="username" data-name="inkbug1">inkbug1</span>:</strong> <em>ah shit</em></div><div class="chat chatmessage-aausma"><strong style="color:#18a81f"><small>☆</small><span class="username" data-name="aausma">aausma</span>:</strong> <em>no revenge killing allowed</em></div><div class="spacer battle-history"><br></div><div class="battle-history">Blitzen, come back!<br></div><div class="battle-history">Go! Dallas (<strong>Scizor</strong>)!<br></div><div class="battle-history"><small>Pointed stones dug into Dallas!</small><br></div><div class="battle-history"><small>Dallas was caught in a sticky web!</small><br></div><div class="battle-history"><small>Dallas's Speed fell!</small><br></div><div class="spacer battle-history"><br></div><div class="battle-history">The opposing Zapdos used <strong>Stomping Tantrum</strong>!<br></div><div class="battle-history"><small>(Dallas lost <abbr title="−239/343">69.7%</abbr> of its health!)</small><br></div><div class="battle-history"><small>The opposing Zapdos lost some of its HP!</small><br></div><div class="spacer battle-history"><br></div><div class="battle-history"><small>Dallas restored a little HP using its Leftovers!</small><br></div><div class="battle-history"><small>The air around Magcargo's team cooled down!</small><br></div><div class="spacer battle-history"><br></div><h2 class="battle-history">Turn 12</h2><div class="chat chatmessage-inkbug1 mine"><strong style="color:#e46e0f"><small>☆</small><span class="username" data-name="inkbug1">inkbug1</span>:</strong> <em>this is why we bring prankster haze murkrow</em></div><div class="chat chatmessage-aausma"><strong style="color:#18a81f"><small>☆</small><span class="username" data-name="aausma">aausma</span>:</strong> <em>truth</em></div><div class="spacer battle-history"><br></div><div class="battle-history">Dallas used <strong>Bullet Punch</strong>!<br></div><div class="battle-history"><small>(The opposing Zapdos lost 29% of its health!)</small><br></div><div class="spacer battle-history"><br></div><div class="battle-history">The opposing Zapdos used <strong>Drill Peck</strong>!<br></div><div class="battle-history"><small>(Dallas lost <abbr title="−83/343">24.2%</abbr> of its health!)</small><br></div><div class="battle-history"><small>The opposing Zapdos lost some of its HP!</small><br></div><div class="spacer battle-history"><br></div><div class="battle-history">Dallas fainted!<br></div><div class="spacer battle-history"><br></div><div class="battle-history">Go! <strong>Slowking</strong>!<br></div><div class="battle-history"><small>Pointed stones dug into Slowking!</small><br></div><div class="battle-history"><small>Slowking was caught in a sticky web!</small><br></div><div class="battle-history"><small>Slowking's Speed fell!</small><br></div><div class="spacer battle-history"><br></div><h2 class="battle-history">Turn 13</h2><div class="spacer battle-history"><br></div><div class="battle-history">The opposing Zapdos used <strong>Drill Peck</strong>!<br></div><div class="battle-history"><small>(Slowking lost <abbr title="−278/394">70.6%</abbr> of its health!)</small><br></div><div class="battle-history"><small>The opposing Zapdos lost some of its HP!</small><br></div><div class="spacer battle-history"><br></div><div class="battle-history">Slowking used <strong>Scald</strong>!<br></div><div class="battle-history"><small>(The opposing Zapdos lost 29% of its health!)</small><br></div><div class="spacer battle-history"><br></div><div class="battle-history"><small>Slowking restored a little HP using its Leftovers!</small><br></div><div class="spacer battle-history"><br></div><h2 class="battle-history">Turn 14</h2><div class="chat chatmessage-aausma"><strong style="color:#18a81f"><small>☆</small><span class="username" data-name="aausma">aausma</span>:</strong> <em>it liiiiives</em></div><div class="spacer battle-history"><br></div><div class="battle-history">The opposing Zapdos used <strong>Stomping Tantrum</strong>!<br></div><div class="battle-history"><small>(Slowking lost <abbr title="−91/394">23.1%</abbr> of its health!)</small><br></div><div class="battle-history"><small>The opposing Zapdos lost some of its HP!</small><br></div><div class="spacer battle-history"><br></div><div class="battle-history">Slowking fainted!<br></div><div class="battle-history">The opposing Zapdos fainted!<br></div><div class="chat chatmessage-inkbug1 mine"><strong style="color:#e46e0f"><small>☆</small><span class="username" data-name="inkbug1">inkbug1</span>:</strong> <em>haha okay </em></div><div class="chat chatmessage-inkbug1 mine"><strong style="color:#e46e0f"><small>☆</small><span class="username" data-name="inkbug1">inkbug1</span>:</strong> <em>that mistake only cost me half my team</em></div><div class="spacer battle-history"><br></div><div class="battle-history">aausma sent out <strong>Kartana</strong>!<br></div><div class="spacer battle-history"><br></div><div class="battle-history">Go! Candyfloss (<strong>Eldegoss</strong>)!<br></div><div class="battle-history"><small>Pointed stones dug into Candyfloss!</small><br></div><div class="battle-history"><small>Candyfloss was caught in a sticky web!</small><br></div><div class="battle-history"><small>Candyfloss's Speed fell!</small><br></div><div class="spacer battle-history"><br></div><h2 class="battle-history">Turn 15</h2><div class="spacer battle-history"><br></div><div class="battle-history">aausma withdrew Kartana!<br></div><div class="battle-history">aausma sent out <strong>Spectrier</strong>!<br></div><div class="spacer battle-history"><br></div><div class="battle-history">Candyfloss used <strong>Rapid Spin</strong>!<br></div><div class="battle-history"><small>It doesn't affect the opposing Spectrier...</small><br></div><div class="spacer battle-history"><br></div><h2 class="battle-history">Turn 16</h2><div class="chat chatmessage-inkbug1 mine"><strong style="color:#e46e0f"><small>☆</small><span class="username" data-name="inkbug1">inkbug1</span>:</strong> <em>dammit</em></div><div class="spacer battle-history"><br></div><div class="battle-history">The opposing Spectrier used <strong>Substitute</strong>!<br></div><div class="battle-history"><small>The opposing Spectrier put in a substitute!</small><br></div><div class="battle-history"><small>(The opposing Spectrier lost 24% of its health!)</small><br></div><div class="spacer battle-history"><br></div><div class="battle-history">Candyfloss used <strong>Leech Seed</strong>!<br></div><div class="battle-history"><small>But it failed!</small><br></div><div class="spacer battle-history"><br></div><div class="battle-history"><small>The opposing Spectrier restored a little HP using its Leftovers!</small><br></div><div class="spacer battle-history"><br></div><h2 class="battle-history">Turn 17</h2><div class="chat chatmessage-inkbug1 mine"><strong style="color:#e46e0f"><small>☆</small><span class="username" data-name="inkbug1">inkbug1</span>:</strong> <em>dammit</em></div><div class="spacer battle-history"><br></div><div class="battle-history">Candyfloss, come back!<br></div><div class="battle-history">Go! Cindy (<strong>Incineroar</strong>)!<br></div><div class="battle-history">[Cindy's Intimidate]<br></div><div class="battle-history"><small>It doesn't affect the opposing Spectrier...</small><br></div><div class="spacer battle-history"><br></div><div class="battle-history">The opposing Spectrier used <strong>Nasty Plot</strong>!<br></div><div class="battle-history"><small>The opposing Spectrier's Sp. Atk rose sharply!</small><br></div><div class="spacer battle-history"><br></div><div class="battle-history"><small>The opposing Spectrier restored a little HP using its Leftovers!</small><br></div><div class="spacer battle-history"><br></div><h2 class="battle-history">Turn 18</h2><div class="spacer battle-history"><br></div><div class="battle-history">The opposing Spectrier used <strong>Shadow Ball</strong>!<br></div><div class="battle-history"><small>It's not very effective...</small><br></div><div class="battle-history"><small>(Cindy lost <abbr title="−124/394">31.5%</abbr> of its health!)</small><br></div><div class="spacer battle-history"><br></div><div class="battle-history">Cindy fainted!<br></div><div class="battle-history">[The opposing Spectrier's Grim Neigh]<br></div><div class="battle-history"><small>The opposing Spectrier's Sp. Atk rose!</small><br></div><div class="spacer battle-history"><br></div><div class="battle-history"><small>The opposing Spectrier restored a little HP using its Leftovers!</small><br></div><div class="chat chatmessage-inkbug1 mine"><strong style="color:#e46e0f"><small>☆</small><span class="username" data-name="inkbug1">inkbug1</span>:</strong> <em>gg </em></div><div class="chat chatmessage-aausma"><strong style="color:#18a81f"><small>☆</small><span class="username" data-name="aausma">aausma</span>:</strong> <em>gg</em></div><div class="spacer battle-history"><br></div><div class="battle-history">Go! Blitzen (<strong>Manectric</strong>)!<br></div><div class="battle-history"><small>Pointed stones dug into Blitzen!</small><br></div><div class="battle-history"><small>Blitzen was caught in a sticky web!</small><br></div><div class="battle-history"><small>Blitzen's Speed fell!</small><br></div><div class="spacer battle-history"><br></div><h2 class="battle-history">Turn 19</h2><div class="spacer battle-history"><br></div><div class="battle-history">The opposing Spectrier used <strong>Shadow Ball</strong>!<br></div><div class="battle-history"><small>(Blitzen lost <abbr title="−211/281">75.1%</abbr> of its health!)</small><br></div><div class="spacer battle-history"><br></div><div class="battle-history">Blitzen fainted!<br></div><div class="battle-history">[The opposing Spectrier's Grim Neigh]<br></div><div class="battle-history"><small>The opposing Spectrier's Sp. Atk rose!</small><br></div><div class="spacer battle-history"><br></div><div class="battle-history"><small>The opposing Spectrier restored a little HP using its Leftovers!</small><br></div><div class="spacer battle-history"><br></div><div class="battle-history">Go! Candyfloss (<strong>Eldegoss</strong>)!<br></div><div class="battle-history"><small>Candyfloss was caught in a sticky web!</small><br></div><div class="battle-history"><small>Candyfloss's Speed fell!</small><br></div><div class="battle-history"><small>Pointed stones dug into Candyfloss!</small><br></div><div class="spacer battle-history"><br></div><h2 class="battle-history">Turn 20</h2><div class="spacer battle-history"><br></div><div class="battle-history">The opposing Spectrier used <strong>Shadow Ball</strong>!<br></div><div class="battle-history"><small>(Candyfloss lost <abbr title="−188/261">72.0%</abbr> of its health!)</small><br></div><div class="spacer battle-history"><br></div><div class="battle-history">Candyfloss fainted!<br></div><div class="spacer battle-history"><br></div><div class="battle-history"><strong>aausma</strong> won the battle!<br></div></div><div class="inner-preempt message-log"></div></div></div>
</div>
<script>
let daily = Math.floor(Date.now()/1000/60/60/24);document.write('<script src="https://play.pokemonshowdown.com/js/replay-embed.js?version'+daily+'"></'+'script>');
</script>
