<!DOCTYPE html>
<meta charset="utf-8" />
<!-- version 1 -->
<title>[Gen 8] Megas for All replay: pupugugu vs. BlaueBrause</title>
<style>
html,body {font-family:Verdana, sans-serif;font-size:10pt;margin:0;padding:0;}body{padding:12px 0;} .battle-log {font-family:Verdana, sans-serif;font-size:10pt;} .battle-log-inline {border:1px solid #AAAAAA;background:#EEF2F5;color:black;max-width:640px;margin:0 auto 80px;padding-bottom:5px;} .battle-log .inner {padding:4px 8px 0px 8px;} .battle-log .inner-preempt {padding:0 8px 4px 8px;} .battle-log .inner-after {margin-top:0.5em;} .battle-log h2 {margin:0.5em -8px;padding:4px 8px;border:1px solid #AAAAAA;background:#E0E7EA;border-left:0;border-right:0;font-family:Verdana, sans-serif;font-size:13pt;} .battle-log .chat {vertical-align:middle;padding:3px 0 3px 0;font-size:8pt;} .battle-log .chat strong {color:#40576A;} .battle-log .chat em {padding:1px 4px 1px 3px;color:#000000;font-style:normal;} .chat.mine {background:rgba(0,0,0,0.05);margin-left:-8px;margin-right:-8px;padding-left:8px;padding-right:8px;} .spoiler {color:#BBBBBB;background:#BBBBBB;padding:0px 3px;} .spoiler:hover, .spoiler:active, .spoiler-shown {color:#000000;background:#E2E2E2;padding:0px 3px;} .spoiler a {color:#BBBBBB;} .spoiler:hover a, .spoiler:active a, .spoiler-shown a {color:#2288CC;} .chat code, .chat .spoiler:hover code, .chat .spoiler:active code, .chat .spoiler-shown code {border:1px solid #C0C0C0;background:#EEEEEE;color:black;padding:0 2px;} .chat .spoiler code {border:1px solid #CCCCCC;background:#CCCCCC;color:#CCCCCC;} .battle-log .rated {padding:3px 4px;} .battle-log .rated strong {color:white;background:#89A;padding:1px 4px;border-radius:4px;} .spacer {margin-top:0.5em;} .message-announce {background:#6688AA;color:white;padding:1px 4px 2px;} .message-announce a, .broadcast-green a, .broadcast-blue a, .broadcast-red a {color:#DDEEFF;} .broadcast-green {background-color:#559955;color:white;padding:2px 4px;} .broadcast-blue {background-color:#6688AA;color:white;padding:2px 4px;} .infobox {border:1px solid #6688AA;padding:2px 4px;} .infobox-limited {max-height:200px;overflow:auto;overflow-x:hidden;} .broadcast-red {background-color:#AA5544;color:white;padding:2px 4px;} .message-learn-canlearn {font-weight:bold;color:#228822;text-decoration:underline;} .message-learn-cannotlearn {font-weight:bold;color:#CC2222;text-decoration:underline;} .message-effect-weak {font-weight:bold;color:#CC2222;} .message-effect-resist {font-weight:bold;color:#6688AA;} .message-effect-immune {font-weight:bold;color:#666666;} .message-learn-list {margin-top:0;margin-bottom:0;} .message-throttle-notice, .message-error {color:#992222;} .message-overflow, .chat small.message-overflow {font-size:0pt;} .message-overflow::before {font-size:9pt;content:'...';} .subtle {color:#3A4A66;}
</style>
<div class="wrapper replay-wrapper" style="max-width:1180px;margin:0 auto">
<input type="hidden" name="replayid" value="dragonheaven-gen8megasforall-1352" />
<div class="battle"></div><div class="battle-log"></div><div class="replay-controls"></div><div class="replay-controls-2"></div>
<h1 style="font-weight:normal;text-align:center"><strong>[Gen 8] Megas for All</strong><br /><a href="http://pokemonshowdown.com/users/pupugugu" class="subtle" target="_blank">pupugugu</a> vs. <a href="http://pokemonshowdown.com/users/blauebrause" class="subtle" target="_blank">BlaueBrause</a></h1>
<script type="text/plain" class="battle-log-data">|j|☆pupugugu
|j|☆BlaueBrause

|t:|1611441585
|player|p1|pupugugu|acetrainerf|
|player|p2|BlaueBrause|psychic|
|teamsize|p1|6
|teamsize|p2|6
|gametype|singles
|gen|8
|tier|[Gen 8] Megas for All
|clearpoke
|poke|p1|Noivern, F|
|poke|p1|Moltres|
|poke|p1|Amoonguss, F|
|poke|p1|Greninja, M|
|poke|p1|Excadrill, M|
|poke|p1|Infernape, M|
|poke|p2|Aurorus, F|
|poke|p2|Slowbro, F|
|poke|p2|Blissey, F|
|poke|p2|Zapdos|
|poke|p2|Nidoqueen, F|
|poke|p2|Urshifu-*, F|
|rule|HP Percentage Mod: HP is shown in percentages
|rule|Endless Battle Clause: Forcing endless battles is banned
|rule|OHKO Clause: OHKO moves are banned
|rule|Evasion Moves Clause: Evasion moves are banned
|rule|Species Clause: Limit one of each Pokémon
|rule|Dynamax Clause: You cannot dynamax
|rule|Sleep Clause Mod: Limit one foe put to sleep
|rule|Freeze Clause Mod: Limit one foe frozen
|raw|<img src="https:\/\/www.smogon.com\/forums\/attachments\/banner_2-png.302358\/" height="65" width="381">
|-message|Welcome to Megas for All!
|-message|This is a National Dex-based format where we aim to give a new Mega Evolution to every Pokémon.
|-message|Just like any official format, you can still only Mega Evolve one Pokémon per team!
|-message|You can find our thread and metagame resources here:
|-message|https:\/\/www.smogon.com\/forums\/threads\/3671140\/
|teampreview
|c|☆BlaueBrause|glhf!
|c|☆pupugugu|Glhf!
|
|t:|1611441606
|start
|switch|p1a: Excadrill|Excadrill, M|100\/100
|switch|p2a: Lazzlo|Slowbro, F|394\/394
|-ability|p1a: Excadrill|Mold Breaker
|turn|1
|
|t:|1611441614
|switch|p1a: Amoonguss|Amoonguss, F|100\/100
|move|p2a: Lazzlo|Future Sight|p1a: Amoonguss
|-start|p2a: Lazzlo|move: Future Sight
|
|upkeep
|turn|2
|
|t:|1611441622
|switch|p2a: Lucky Lucie|Blissey, F|714\/714
|move|p1a: Amoonguss|Spore|p2a: Lucky Lucie
|-status|p2a: Lucky Lucie|slp|[from] move: Spore
|
|upkeep
|turn|3
|
|t:|1611441634
|switch|p2a: Aurora|Aurorus, F|449\/449
|-weather|Hail|[from] ability: Snow Warning|[of] p2a: Aurora
|switch|p1a: Greninja|Greninja, M|100\/100
|
|-weather|Hail|[upkeep]
|-damage|p1a: Greninja|95\/100|[from] Hail
|-end|p1a: Greninja|move: Future Sight
|-immune|p1a: Greninja
|upkeep
|turn|4
|j| ViZarPKMN
|
|t:|1611441652
|switch|p1a: Excadrill|Excadrill, M|100\/100
|-ability|p1a: Excadrill|Mold Breaker
|detailschange|p2a: Aurora|Aurorus-Mega, F
|-mega|p2a: Aurora|Aurorus|Aurorite
|-ability|p2a: Aurora|Diamond Dust
|-weather|Diamond Dust|[silent]
|-message|A cloud of diamond dust blew in!
|-message|All Rock-type damage, including Stealth Rock, will be nullified.
|-message|Other weather-related moves and Abilities will behave as they do in hail.
|-start|p2a: Aurora|typechange|Electric\/Ice|[silent]
|raw|<ul class="utilichart"><li class="result"><span class="col pokemonnamecol" style="white-space: nowrap">Aurorus-Mega<\/span> <span class="col typecol"><img src="https:\/\/play.pokemonshowdown.com\/sprites\/types\/Electric.png" alt="Electric" height="14" width="32"><img src="https:\/\/play.pokemonshowdown.com\/sprites\/types\/Ice.png" alt="Ice" height="14" width="32"><\/span> <span style="float: left ; min-height: 26px"><span class="col abilitycol">Diamond Dust<\/span><span class="col abilitycol"><\/span><\/span><span style="float: left ; min-height: 26px"><span class="col statcol"><em>HP<\/em><br>123<\/span> <span class="col statcol"><em>Atk<\/em><br>77<\/span> <span class="col statcol"><em>Def<\/em><br>102<\/span> <span class="col statcol"><em>SpA<\/em><br>131<\/span> <span class="col statcol"><em>SpD<\/em><br>122<\/span> <span class="col statcol"><em>Spe<\/em><br>66<\/span> <\/span><\/li><li style="clear: both"><\/li><\/ul>
|move|p2a: Aurora|Blizzard|p1a: Excadrill
|-damage|p1a: Excadrill|54\/100
|
|-heal|p1a: Excadrill|60\/100|[from] item: Leftovers
|-weather|Diamond Dust|[upkeep]
|-message|The air is sparkling with diamond dust!
|upkeep
|turn|5
|
|t:|1611441671
|switch|p1a: Infernape|Infernape, M|100\/100
|move|p2a: Aurora|Earth Power|p1a: Infernape
|-supereffective|p1a: Infernape
|-damage|p1a: Infernape|11\/100
|
|-weather|Diamond Dust|[upkeep]
|-message|The air is sparkling with diamond dust!
|upkeep
|turn|6
|
|t:|1611441680
|switch|p2a: Lazzlo|Slowbro, F|394\/394
|move|p1a: Infernape|U-turn|p2a: Lazzlo
|-supereffective|p2a: Lazzlo
|-damage|p2a: Lazzlo|244\/394
|-damage|p1a: Infernape|0 fnt|[from] item: Rocky Helmet|[of] p2a: Lazzlo
|faint|p1a: Infernape
|
|-weather|Diamond Dust|[upkeep]
|-message|The air is sparkling with diamond dust!
|upkeep
|
|t:|1611441690
|switch|p1a: Greninja|Greninja, M|95\/100
|turn|7
|
|t:|1611441694
|switch|p2a: Lucky Lucie|Blissey, F|714\/714
|move|p1a: Greninja|Spikes|p2a: Lucky Lucie
|-sidestart|p2: BlaueBrause|Spikes
|
|-weather|Diamond Dust|[upkeep]
|-message|The air is sparkling with diamond dust!
|upkeep
|turn|8
|
|t:|1611441704
|switch|p1a: Amoonguss|Amoonguss, F|100\/100
|move|p2a: Lucky Lucie|Seismic Toss|p1a: Amoonguss
|-damage|p1a: Amoonguss|77\/100
|
|-heal|p1a: Amoonguss|83\/100|[from] item: Black Sludge
|-weather|none|[silent]
|-message|The cloud of diamond dust blew away!
|upkeep
|turn|9
|
|t:|1611441714
|move|p2a: Lucky Lucie|Seismic Toss|p1a: Amoonguss
|-damage|p1a: Amoonguss|60\/100
|move|p1a: Amoonguss|Spore|p2a: Lucky Lucie
|-status|p2a: Lucky Lucie|slp|[from] move: Spore
|
|-heal|p1a: Amoonguss|66\/100|[from] item: Black Sludge
|upkeep
|turn|10
|
|t:|1611441727
|-curestatus|p2a: Lucky Lucie|slp|[from] ability: Natural Cure
|switch|p2a: Guitar Hero|Zapdos|383\/383
|move|p1a: Amoonguss|Sludge Bomb|p2a: Guitar Hero
|-damage|p2a: Guitar Hero|284\/383
|-status|p2a: Guitar Hero|psn
|
|-heal|p1a: Amoonguss|72\/100|[from] item: Black Sludge
|-damage|p2a: Guitar Hero|237\/383 psn|[from] psn
|upkeep
|turn|11
|
|t:|1611441740
|switch|p2a: Aurora|Aurorus-Mega, F|449\/449
|-damage|p2a: Aurora|393\/449|[from] Spikes
|-start|p2a: Aurora|typechange|Electric\/Ice|[silent]
|-ability|p2a: Aurora|Diamond Dust
|-weather|Diamond Dust|[silent]
|-message|A cloud of diamond dust blew in!
|-message|All Rock-type damage, including Stealth Rock, will be nullified.
|-message|Other weather-related moves and Abilities will behave as they do in hail.
|switch|p1a: Excadrill|Excadrill, M|60\/100
|-ability|p1a: Excadrill|Mold Breaker
|
|-heal|p1a: Excadrill|66\/100|[from] item: Leftovers
|-weather|Diamond Dust|[upkeep]
|-message|The air is sparkling with diamond dust!
|upkeep
|turn|12
|
|t:|1611441752
|move|p1a: Excadrill|Earthquake|p2a: Aurora
|-supereffective|p2a: Aurora
|-damage|p2a: Aurora|171\/449
|move|p2a: Aurora|Earth Power|p1a: Excadrill
|-supereffective|p1a: Excadrill
|-damage|p1a: Excadrill|8\/100
|
|-heal|p1a: Excadrill|14\/100|[from] item: Leftovers
|-weather|Diamond Dust|[upkeep]
|-message|The air is sparkling with diamond dust!
|upkeep
|turn|13
|
|t:|1611441763
|switch|p2a: Lazzlo|Slowbro, F|375\/394
|-damage|p2a: Lazzlo|326\/394|[from] Spikes
|move|p1a: Excadrill|Earthquake|p2a: Lazzlo
|-damage|p2a: Lazzlo|220\/394
|
|-heal|p1a: Excadrill|20\/100|[from] item: Leftovers
|-weather|Diamond Dust|[upkeep]
|-message|The air is sparkling with diamond dust!
|upkeep
|turn|14
|
|t:|1611441773
|switch|p1a: Greninja|Greninja, M|95\/100
|move|p2a: Lazzlo|Future Sight|p1a: Greninja
|-start|p2a: Lazzlo|move: Future Sight
|
|-weather|Diamond Dust|[upkeep]
|-message|The air is sparkling with diamond dust!
|upkeep
|turn|15
|
|t:|1611441780
|switch|p1a: Noivern|Noivern, F|100\/100
|-item|p2a: Lazzlo|Rocky Helmet|[from] ability: Frisk|[of] p1a: Noivern|[identify]
|switch|p2a: Lucky Lucie|Blissey, F|714\/714
|-damage|p2a: Lucky Lucie|625\/714|[from] Spikes
|
|-heal|p2a: Lucky Lucie|669\/714|[from] item: Leftovers
|-weather|none|[silent]
|-message|The cloud of diamond dust blew away!
|upkeep
|turn|16
|
|t:|1611441790
|detailschange|p1a: Noivern|Noivern-Mega, F
|-mega|p1a: Noivern|Noivern|Noivernite
|-start|p1a: Noivern|typechange|Psychic\/Dragon|[silent]
|raw|<ul class="utilichart"><li class="result"><span class="col pokemonnamecol" style="white-space: nowrap">Noivern-Mega<\/span> <span class="col typecol"><img src="https:\/\/play.pokemonshowdown.com\/sprites\/types\/Psychic.png" alt="Psychic" height="14" width="32"><img src="https:\/\/play.pokemonshowdown.com\/sprites\/types\/Dragon.png" alt="Dragon" height="14" width="32"><\/span> <span style="float: left ; min-height: 26px"><span class="col abilitycol">Trace<\/span><span class="col abilitycol"><\/span><\/span><span style="float: left ; min-height: 26px"><span class="col statcol"><em>HP<\/em><br>85<\/span> <span class="col statcol"><em>Atk<\/em><br>70<\/span> <span class="col statcol"><em>Def<\/em><br>95<\/span> <span class="col statcol"><em>SpA<\/em><br>120<\/span> <span class="col statcol"><em>SpD<\/em><br>95<\/span> <span class="col statcol"><em>Spe<\/em><br>170<\/span> <\/span><\/li><li style="clear: both"><\/li><\/ul>
|-ability|p1a: Noivern|Natural Cure|[from] ability: Trace|[of] p2a: Lucky Lucie
|move|p1a: Noivern|U-turn|p2a: Lucky Lucie
|-damage|p2a: Lucky Lucie|607\/714
|
|t:|1611441796
|switch|p1a: Greninja|Greninja, M|95\/100|[from]move: U-turn
|move|p2a: Lucky Lucie|Aromatherapy|p2a: Lucky Lucie
|-activate|p2a: Lucky Lucie|move: Aromatherapy
|-curestatus|p2: Guitar Hero|psn|[msg]
|
|-end|p1a: Greninja|move: Future Sight
|-immune|p1a: Greninja
|-heal|p2a: Lucky Lucie|651\/714|[from] item: Leftovers
|upkeep
|turn|17
|
|t:|1611441807
|switch|p1a: Amoonguss|Amoonguss, F|100\/100
|move|p2a: Lucky Lucie|Wish|p2a: Lucky Lucie
|
|-heal|p2a: Lucky Lucie|695\/714|[from] item: Leftovers
|upkeep
|turn|18
|
|t:|1611441817
|switch|p2a: Aurora|Aurorus-Mega, F|171\/449
|-damage|p2a: Aurora|115\/449|[from] Spikes
|-start|p2a: Aurora|typechange|Electric\/Ice|[silent]
|-ability|p2a: Aurora|Diamond Dust
|-weather|Diamond Dust|[silent]
|-message|A cloud of diamond dust blew in!
|-message|All Rock-type damage, including Stealth Rock, will be nullified.
|-message|Other weather-related moves and Abilities will behave as they do in hail.
|move|p1a: Amoonguss|Sludge Bomb|p2a: Aurora
|-damage|p2a: Aurora|42\/449
|
|-heal|p2a: Aurora|399\/449|[from] move: Wish|[wisher] Lucky Lucie
|-weather|Diamond Dust|[upkeep]
|-message|The air is sparkling with diamond dust!
|upkeep
|turn|19
|
|t:|1611441829
|move|p2a: Aurora|Blizzard|p1a: Amoonguss
|-supereffective|p1a: Amoonguss
|-damage|p1a: Amoonguss|30\/100
|move|p1a: Amoonguss|Spore|p2a: Aurora
|-status|p2a: Aurora|slp|[from] move: Spore
|
|-heal|p1a: Amoonguss|36\/100|[from] item: Black Sludge
|-weather|Diamond Dust|[upkeep]
|-message|The air is sparkling with diamond dust!
|upkeep
|turn|20
|
|t:|1611441839
|switch|p2a: Lucky Lucie|Blissey, F|695\/714
|-damage|p2a: Lucky Lucie|606\/714|[from] Spikes
|move|p1a: Amoonguss|Giga Drain|p2a: Lucky Lucie
|-damage|p2a: Lucky Lucie|548\/714
|-heal|p1a: Amoonguss|42\/100|[from] drain|[of] p2a: Lucky Lucie
|
|-heal|p2a: Lucky Lucie|592\/714|[from] item: Leftovers
|-heal|p1a: Amoonguss|48\/100|[from] item: Black Sludge
|-weather|Diamond Dust|[upkeep]
|-message|The air is sparkling with diamond dust!
|upkeep
|turn|21
|
|t:|1611441852
|switch|p1a: Noivern|Noivern-Mega, F|100\/100
|-start|p1a: Noivern|typechange|Psychic\/Dragon|[silent]
|-ability|p1a: Noivern|Natural Cure|[from] ability: Trace|[of] p2a: Lucky Lucie
|move|p2a: Lucky Lucie|Seismic Toss|p1a: Noivern
|-damage|p1a: Noivern|69\/100
|
|-heal|p2a: Lucky Lucie|636\/714|[from] item: Leftovers
|-weather|Diamond Dust|[upkeep]
|-message|The air is sparkling with diamond dust!
|upkeep
|turn|22
|
|t:|1611441862
|move|p1a: Noivern|Psychic|p2a: Lucky Lucie
|-damage|p2a: Lucky Lucie|518\/714
|move|p2a: Lucky Lucie|Aromatherapy|p2a: Lucky Lucie
|-activate|p2a: Lucky Lucie|move: Aromatherapy
|-curestatus|p2: Aurora|slp|[msg]
|
|-heal|p2a: Lucky Lucie|562\/714|[from] item: Leftovers
|-weather|none|[silent]
|-message|The cloud of diamond dust blew away!
|upkeep
|turn|23
|
|t:|1611441871
|move|p1a: Noivern|Psychic|p2a: Lucky Lucie
|-damage|p2a: Lucky Lucie|444\/714
|move|p2a: Lucky Lucie|Wish|p2a: Lucky Lucie
|
|-heal|p2a: Lucky Lucie|488\/714|[from] item: Leftovers
|upkeep
|turn|24
|
|t:|1611441879
|switch|p2a: Aurora|Aurorus-Mega, F|399\/449
|-start|p2a: Aurora|typechange|Electric\/Ice|[silent]
|-damage|p2a: Aurora|343\/449|[from] Spikes
|-ability|p2a: Aurora|Diamond Dust
|-weather|Diamond Dust|[silent]
|-message|A cloud of diamond dust blew in!
|-message|All Rock-type damage, including Stealth Rock, will be nullified.
|-message|Other weather-related moves and Abilities will behave as they do in hail.
|move|p1a: Noivern|U-turn|p2a: Aurora
|-crit|p2a: Aurora
|-damage|p2a: Aurora|304\/449
|
|t:|1611441885
|switch|p1a: Excadrill|Excadrill, M|20\/100|[from]move: U-turn
|-ability|p1a: Excadrill|Mold Breaker
|
|-heal|p2a: Aurora|449\/449|[from] move: Wish|[wisher] Lucky Lucie
|-heal|p1a: Excadrill|27\/100|[from] item: Leftovers
|-weather|Diamond Dust|[upkeep]
|-message|The air is sparkling with diamond dust!
|upkeep
|turn|25
|
|t:|1611441895
|move|p1a: Excadrill|Earthquake|p2a: Aurora
|-supereffective|p2a: Aurora
|-damage|p2a: Aurora|203\/449
|move|p2a: Aurora|Blizzard|p1a: Excadrill
|-damage|p1a: Excadrill|0 fnt
|faint|p1a: Excadrill
|
|-weather|Diamond Dust|[upkeep]
|-message|The air is sparkling with diamond dust!
|upkeep
|
|t:|1611441902
|switch|p1a: Noivern|Noivern-Mega, F|69\/100
|-start|p1a: Noivern|typechange|Psychic\/Dragon|[silent]
|-ability|p1a: Noivern|Diamond Dust|[from] ability: Trace|[of] p2a: Aurora
|turn|26
|
|t:|1611441907
|switch|p2a: Lucky Lucie|Blissey, F|488\/714
|-damage|p2a: Lucky Lucie|399\/714|[from] Spikes
|move|p1a: Noivern|Draco Meteor|p2a: Lucky Lucie
|-damage|p2a: Lucky Lucie|212\/714
|-unboost|p1a: Noivern|spa|2
|
|-heal|p2a: Lucky Lucie|256\/714|[from] item: Leftovers
|-weather|Diamond Dust|[upkeep]
|-message|The air is sparkling with diamond dust!
|upkeep
|turn|27
|
|t:|1611441918
|switch|p1a: Greninja|Greninja, M|95\/100
|move|p2a: Lucky Lucie|Soft-Boiled|p2a: Lucky Lucie
|-heal|p2a: Lucky Lucie|613\/714
|
|-heal|p2a: Lucky Lucie|657\/714|[from] item: Leftovers
|-weather|Diamond Dust|[upkeep]
|-message|The air is sparkling with diamond dust!
|upkeep
|turn|28
|c|☆pupugugu|Gahh I'm playing poorly
|
|t:|1611441948
|switch|p1a: Amoonguss|Amoonguss, F|81\/100
|move|p2a: Lucky Lucie|Wish|p2a: Lucky Lucie
|
|-heal|p2a: Lucky Lucie|701\/714|[from] item: Leftovers
|-heal|p1a: Amoonguss|88\/100|[from] item: Black Sludge
|-weather|none|[silent]
|-message|The cloud of diamond dust blew away!
|upkeep
|turn|29
|
|t:|1611441957
|switch|p2a: Aurora|Aurorus-Mega, F|203\/449
|-damage|p2a: Aurora|147\/449|[from] Spikes
|-start|p2a: Aurora|typechange|Electric\/Ice|[silent]
|-ability|p2a: Aurora|Diamond Dust
|-weather|Diamond Dust|[silent]
|-message|A cloud of diamond dust blew in!
|-message|All Rock-type damage, including Stealth Rock, will be nullified.
|-message|Other weather-related moves and Abilities will behave as they do in hail.
|move|p1a: Amoonguss|Spore|p2a: Aurora
|-status|p2a: Aurora|slp|[from] move: Spore
|
|-heal|p2a: Aurora|449\/449 slp|[from] move: Wish|[wisher] Lucky Lucie
|-heal|p1a: Amoonguss|94\/100|[from] item: Black Sludge
|-weather|Diamond Dust|[upkeep]
|-message|The air is sparkling with diamond dust!
|upkeep
|turn|30
|
|t:|1611441971
|cant|p2a: Aurora|slp
|move|p1a: Amoonguss|Sludge Bomb|p2a: Aurora
|-damage|p2a: Aurora|377\/449 slp
|
|-heal|p1a: Amoonguss|99\/100|[from] item: Black Sludge
|-weather|Diamond Dust|[upkeep]
|-message|The air is sparkling with diamond dust!
|upkeep
|turn|31
|
|t:|1611441978
|switch|p1a: Noivern|Noivern-Mega, F|69\/100
|-start|p1a: Noivern|typechange|Psychic\/Dragon|[silent]
|-ability|p1a: Noivern|Diamond Dust|[from] ability: Trace|[of] p2a: Aurora
|-curestatus|p2a: Aurora|slp|[msg]
|move|p2a: Aurora|Calm Mind|p2a: Aurora
|-boost|p2a: Aurora|spa|1
|-boost|p2a: Aurora|spd|1
|
|-weather|Diamond Dust|[upkeep]
|-message|The air is sparkling with diamond dust!
|upkeep
|turn|32
|c|☆pupugugu|Bleh gonna forfeit this one too xd
|c|☆pupugugu|Wait
|c|☆pupugugu|Is there a loser's bracket after this if i lose
|
|t:|1611442016
|move|p1a: Noivern|U-turn|p2a: Aurora
|-damage|p2a: Aurora|348\/449
|c|☆BlaueBrause|if you loose, I have to rebattle you again, iirc
|
|t:|1611442021
|switch|p1a: Greninja|Greninja, M|95\/100|[from]move: U-turn
|move|p2a: Aurora|Blizzard|p1a: Greninja
|-resisted|p1a: Greninja
|-damage|p1a: Greninja|33\/100
|
|-weather|Diamond Dust|[upkeep]
|-message|The air is sparkling with diamond dust!
|upkeep
|turn|33
|c|☆BlaueBrause|it would be another best of three, I think
|c|☆pupugugu|Okok
|c|☆pupugugu|Sounds right
|c|☆pupugugu|I can't break bliss anymore lol
|-message|pupugugu forfeited.
|
|win|BlaueBrause
|l|☆pupugugu</script>
</div>
<div class="battle-log battle-log-inline"><div class="inner"><div class="battle-options"><div style="padding-top: 3px; padding-right: 3px; text-align: right"><button class="icon button" name="openBattleOptions" title="Options">Battle Options</button></div></div><div class="inner message-log"><div class="chat"><small>☆pupugugu and ☆BlaueBrause joined</small></div><div class=""><small>Format:</small> <br><strong>[Gen 8] Megas for All</strong></div><div class=""><small><em>HP Percentage Mod:</em> HP is shown in percentages</small></div><div class=""><small><em>Endless Battle Clause:</em> Forcing endless battles is banned</small></div><div class=""><small><em>OHKO Clause:</em> OHKO moves are banned</small></div><div class=""><small><em>Evasion Moves Clause:</em> Evasion moves are banned</small></div><div class=""><small><em>Species Clause:</em> Limit one of each Pokémon</small></div><div class=""><small><em>Dynamax Clause:</em> You cannot dynamax</small></div><div class=""><small><em>Sleep Clause Mod:</em> Limit one foe put to sleep</small></div><div class=""><small><em>Freeze Clause Mod:</em> Limit one foe frozen</small></div><div class="chat"><img src="https://www.smogon.com/forums/attachments/banner_2-png.302358/" height="65" width="381"></div><div class="spacer battle-history"><br></div><div class="battle-history"><small>Welcome to Megas for All!</small><br></div><div class="battle-history"><small>This is a National Dex-based format where we aim to give a new Mega Evolution to every Pokémon.</small><br></div><div class="battle-history"><small>Just like any official format, you can still only Mega Evolve one Pokémon per team!</small><br></div><div class="battle-history"><small>You can find our thread and metagame resources here:</small><br></div><div class="battle-history"><small>https://www.smogon.com/forums/threads/3671140/</small><br></div><div class="chat battle-history"><strong>pupugugu's team:</strong> <em style="color:#445566;display:block;">Noivern / Moltres / Amoonguss / Greninja / Excadrill / Infernape</em></div><div class="chat battle-history"><strong>BlaueBrause's team:</strong> <em style="color:#445566;display:block;">Aurorus / Slowbro / Blissey / Zapdos / Nidoqueen / Urshifu-*</em></div><div class="chat chatmessage-blauebrause mine"><strong style="color:#6b66e4"><small>☆</small><span class="username" data-name="BlaueBrause">BlaueBrause</span>:</strong> <em>glhf!</em></div><div class="chat chatmessage-pupugugu"><strong style="color:#2b7b91"><small>☆</small><span class="username" data-name="pupugugu">pupugugu</span>:</strong> <em>Glhf!</em></div><div class="spacer battle-history"><br></div><div class="battle-history">Battle started between pupugugu and BlaueBrause!<br></div><div class="spacer battle-history"><br></div><div class="battle-history">pupugugu sent out <strong>Excadrill</strong>!<br></div><div class="spacer battle-history"><br></div><div class="battle-history">Go! Lazzlo (<strong>Slowbro</strong>)!<br></div><div class="battle-history">[The opposing Excadrill's Mold Breaker]<br><small>The opposing Excadrill breaks the mold!</small><br></div><div class="spacer battle-history"><br></div><h2 class="battle-history">Turn 1</h2><div class="spacer battle-history"><br></div><div class="battle-history">pupugugu withdrew Excadrill!<br></div><div class="battle-history">pupugugu sent out <strong>Amoonguss</strong>!<br></div><div class="spacer battle-history"><br></div><div class="battle-history">Lazzlo used <strong>Future Sight</strong>!<br></div><div class="battle-history"><small>Lazzlo foresaw an attack!</small><br></div><div class="spacer battle-history"><br></div><h2 class="battle-history">Turn 2</h2><div class="spacer battle-history"><br></div><div class="battle-history">Lazzlo, come back!<br></div><div class="battle-history">Go! Lucky Lucie (<strong>Blissey</strong>)!<br></div><div class="spacer battle-history"><br></div><div class="battle-history">The opposing Amoonguss used <strong>Spore</strong>!<br></div><div class="battle-history"><small>Lucky Lucie fell asleep!</small><br></div><div class="spacer battle-history"><br></div><h2 class="battle-history">Turn 3</h2><div class="spacer battle-history"><br></div><div class="battle-history">Lucky Lucie, come back!<br></div><div class="battle-history">Go! Aurora (<strong>Aurorus</strong>)!<br></div><div class="battle-history">[Aurora's Snow Warning]<br><small>It started to hail!</small><br></div><div class="spacer battle-history"><br></div><div class="battle-history">pupugugu withdrew Amoonguss!<br></div><div class="battle-history">pupugugu sent out <strong>Greninja</strong>!<br></div><div class="spacer battle-history"><br></div><div class="battle-history"><small>(The hail is crashing down.)</small><br></div><div class="battle-history"><small>The opposing Greninja is buffeted by the hail!</small><br></div><div class="battle-history"><small>The opposing Greninja took the Future Sight attack!</small><br></div><div class="battle-history"><small>It doesn't affect the opposing Greninja...</small><br></div><div class="spacer battle-history"><br></div><h2 class="battle-history">Turn 4</h2><div class="chat"><small> ViZarPKMN joined</small></div><div class="spacer battle-history"><br></div><div class="battle-history">pupugugu withdrew Greninja!<br></div><div class="battle-history">pupugugu sent out <strong>Excadrill</strong>!<br></div><div class="battle-history">[The opposing Excadrill's Mold Breaker]<br><small>The opposing Excadrill breaks the mold!</small><br></div><div class="spacer battle-history"><br></div><div class="battle-history"><small>Aurora's Aurorite is reacting to the Key Stone!</small><br>Aurora has Mega Evolved into Mega Aurorus!<br></div><div class="battle-history">[Aurora's Diamond Dust]<br></div><div class="battle-history"><small>A cloud of diamond dust blew in!</small><br></div><div class="battle-history"><small>All Rock-type damage, including Stealth Rock, will be nullified.</small><br></div><div class="battle-history"><small>Other weather-related moves and Abilities will behave as they do in hail.</small><br></div><div class="chat"><ul class="utilichart"><li class="result"><span class="col pokemonnamecol" style="white-space: nowrap">Aurorus-Mega</span> <span class="col typecol"><img src="https://play.pokemonshowdown.com/sprites/types/Electric.png" alt="Electric" height="14" width="32"><img src="https://play.pokemonshowdown.com/sprites/types/Ice.png" alt="Ice" height="14" width="32"></span> <span style="float: left ; min-height: 26px"><span class="col abilitycol">Diamond Dust</span><span class="col abilitycol"></span></span><span style="float: left ; min-height: 26px"><span class="col statcol"><em>HP</em><br>123</span> <span class="col statcol"><em>Atk</em><br>77</span> <span class="col statcol"><em>Def</em><br>102</span> <span class="col statcol"><em>SpA</em><br>131</span> <span class="col statcol"><em>SpD</em><br>122</span> <span class="col statcol"><em>Spe</em><br>66</span> </span></li><li style="clear: both"></li></ul></div><div class="spacer battle-history"><br></div><div class="battle-history">Aurora used <strong>Blizzard</strong>!<br></div><div class="battle-history"><small>(The opposing Excadrill lost 46% of its health!)</small><br></div><div class="spacer battle-history"><br></div><div class="battle-history"><small>The opposing Excadrill restored a little HP using its Leftovers!</small><br></div><div class="battle-history"><small>The air is sparkling with diamond dust!</small><br></div><div class="spacer battle-history"><br></div><h2 class="battle-history">Turn 5</h2><div class="spacer battle-history"><br></div><div class="battle-history">pupugugu withdrew Excadrill!<br></div><div class="battle-history">pupugugu sent out <strong>Infernape</strong>!<br></div><div class="spacer battle-history"><br></div><div class="battle-history">Aurora used <strong>Earth Power</strong>!<br></div><div class="battle-history"><small>It's super effective!</small><br></div><div class="battle-history"><small>(The opposing Infernape lost 89% of its health!)</small><br></div><div class="spacer battle-history"><br></div><div class="battle-history"><small>The air is sparkling with diamond dust!</small><br></div><div class="spacer battle-history"><br></div><h2 class="battle-history">Turn 6</h2><div class="spacer battle-history"><br></div><div class="battle-history">Aurora, come back!<br></div><div class="battle-history">Go! Lazzlo (<strong>Slowbro</strong>)!<br></div><div class="spacer battle-history"><br></div><div class="battle-history">The opposing Infernape used <strong>U-turn</strong>!<br></div><div class="battle-history"><small>It's super effective!</small><br></div><div class="battle-history"><small>(Lazzlo lost <abbr title="−150/394">38.1%</abbr> of its health!)</small><br></div><div class="battle-history"><small>The opposing Infernape was hurt by the Rocky Helmet!</small><br></div><div class="spacer battle-history"><br></div><div class="battle-history">The opposing Infernape fainted!<br></div><div class="spacer battle-history"><br></div><div class="battle-history"><small>The air is sparkling with diamond dust!</small><br></div><div class="spacer battle-history"><br></div><div class="battle-history">pupugugu sent out <strong>Greninja</strong>!<br></div><div class="spacer battle-history"><br></div><h2 class="battle-history">Turn 7</h2><div class="spacer battle-history"><br></div><div class="battle-history">Lazzlo, come back!<br></div><div class="battle-history">Go! Lucky Lucie (<strong>Blissey</strong>)!<br></div><div class="spacer battle-history"><br></div><div class="battle-history">The opposing Greninja used <strong>Spikes</strong>!<br></div><div class="battle-history"><small>Spikes were scattered on the ground all around your team!</small><br></div><div class="spacer battle-history"><br></div><div class="battle-history"><small>The air is sparkling with diamond dust!</small><br></div><div class="spacer battle-history"><br></div><h2 class="battle-history">Turn 8</h2><div class="spacer battle-history"><br></div><div class="battle-history">pupugugu withdrew Greninja!<br></div><div class="battle-history">pupugugu sent out <strong>Amoonguss</strong>!<br></div><div class="spacer battle-history"><br></div><div class="battle-history">Lucky Lucie used <strong>Seismic Toss</strong>!<br></div><div class="battle-history"><small>(The opposing Amoonguss lost 23% of its health!)</small><br></div><div class="spacer battle-history"><br></div><div class="battle-history"><small>The opposing Amoonguss restored a little HP using its Black Sludge!</small><br></div><div class="battle-history"><small>The cloud of diamond dust blew away!</small><br></div><div class="spacer battle-history"><br></div><h2 class="battle-history">Turn 9</h2><div class="spacer battle-history"><br></div><div class="battle-history">Lucky Lucie used <strong>Seismic Toss</strong>!<br></div><div class="battle-history"><small>(The opposing Amoonguss lost 23% of its health!)</small><br></div><div class="spacer battle-history"><br></div><div class="battle-history">The opposing Amoonguss used <strong>Spore</strong>!<br></div><div class="battle-history"><small>Lucky Lucie fell asleep!</small><br></div><div class="spacer battle-history"><br></div><div class="battle-history"><small>The opposing Amoonguss restored a little HP using its Black Sludge!</small><br></div><div class="spacer battle-history"><br></div><h2 class="battle-history">Turn 10</h2><div class="spacer battle-history"><br></div><div class="battle-history"><small>(Lucky Lucie is cured by its Natural Cure!)</small><br></div><div class="battle-history">Lucky Lucie, come back!<br></div><div class="battle-history">Go! Guitar Hero (<strong>Zapdos</strong>)!<br></div><div class="spacer battle-history"><br></div><div class="battle-history">The opposing Amoonguss used <strong>Sludge Bomb</strong>!<br></div><div class="battle-history"><small>(Guitar Hero lost <abbr title="−99/383">25.8%</abbr> of its health!)</small><br></div><div class="battle-history"><small>Guitar Hero was poisoned!</small><br></div><div class="spacer battle-history"><br></div><div class="battle-history"><small>The opposing Amoonguss restored a little HP using its Black Sludge!</small><br></div><div class="battle-history"><small>Guitar Hero was hurt by poison!</small><br></div><div class="spacer battle-history"><br></div><h2 class="battle-history">Turn 11</h2><div class="spacer battle-history"><br></div><div class="battle-history">Guitar Hero, come back!<br></div><div class="battle-history">Go! Aurora (<strong>Aurorus-Mega</strong>)!<br></div><div class="battle-history"><small>Aurora was hurt by the spikes!</small><br></div><div class="battle-history">[Aurora's Diamond Dust]<br></div><div class="battle-history"><small>A cloud of diamond dust blew in!</small><br></div><div class="battle-history"><small>All Rock-type damage, including Stealth Rock, will be nullified.</small><br></div><div class="battle-history"><small>Other weather-related moves and Abilities will behave as they do in hail.</small><br></div><div class="spacer battle-history"><br></div><div class="battle-history">pupugugu withdrew Amoonguss!<br></div><div class="battle-history">pupugugu sent out <strong>Excadrill</strong>!<br></div><div class="battle-history">[The opposing Excadrill's Mold Breaker]<br><small>The opposing Excadrill breaks the mold!</small><br></div><div class="spacer battle-history"><br></div><div class="battle-history"><small>The opposing Excadrill restored a little HP using its Leftovers!</small><br></div><div class="battle-history"><small>The air is sparkling with diamond dust!</small><br></div><div class="spacer battle-history"><br></div><h2 class="battle-history">Turn 12</h2><div class="spacer battle-history"><br></div><div class="battle-history">The opposing Excadrill used <strong>Earthquake</strong>!<br></div><div class="battle-history"><small>It's super effective!</small><br></div><div class="battle-history"><small>(Aurora lost <abbr title="−222/449">49.4%</abbr> of its health!)</small><br></div><div class="spacer battle-history"><br></div><div class="battle-history">Aurora used <strong>Earth Power</strong>!<br></div><div class="battle-history"><small>It's super effective!</small><br></div><div class="battle-history"><small>(The opposing Excadrill lost 58% of its health!)</small><br></div><div class="spacer battle-history"><br></div><div class="battle-history"><small>The opposing Excadrill restored a little HP using its Leftovers!</small><br></div><div class="battle-history"><small>The air is sparkling with diamond dust!</small><br></div><div class="spacer battle-history"><br></div><h2 class="battle-history">Turn 13</h2><div class="spacer battle-history"><br></div><div class="battle-history">Aurora, come back!<br></div><div class="battle-history">Go! Lazzlo (<strong>Slowbro</strong>)!<br></div><div class="battle-history"><small>Lazzlo was hurt by the spikes!</small><br></div><div class="spacer battle-history"><br></div><div class="battle-history">The opposing Excadrill used <strong>Earthquake</strong>!<br></div><div class="battle-history"><small>(Lazzlo lost <abbr title="−106/394">26.9%</abbr> of its health!)</small><br></div><div class="spacer battle-history"><br></div><div class="battle-history"><small>The opposing Excadrill restored a little HP using its Leftovers!</small><br></div><div class="battle-history"><small>The air is sparkling with diamond dust!</small><br></div><div class="spacer battle-history"><br></div><h2 class="battle-history">Turn 14</h2><div class="spacer battle-history"><br></div><div class="battle-history">pupugugu withdrew Excadrill!<br></div><div class="battle-history">pupugugu sent out <strong>Greninja</strong>!<br></div><div class="spacer battle-history"><br></div><div class="battle-history">Lazzlo used <strong>Future Sight</strong>!<br></div><div class="battle-history"><small>Lazzlo foresaw an attack!</small><br></div><div class="spacer battle-history"><br></div><div class="battle-history"><small>The air is sparkling with diamond dust!</small><br></div><div class="spacer battle-history"><br></div><h2 class="battle-history">Turn 15</h2><div class="spacer battle-history"><br></div><div class="battle-history">pupugugu withdrew Greninja!<br></div><div class="battle-history">pupugugu sent out <strong>Noivern</strong>!<br></div><div class="battle-history">[The opposing Noivern's Frisk]<br><small>The opposing Noivern frisked Lazzlo and found its Rocky Helmet!</small><br></div><div class="spacer battle-history"><br></div><div class="battle-history">Lazzlo, come back!<br></div><div class="battle-history">Go! Lucky Lucie (<strong>Blissey</strong>)!<br></div><div class="battle-history"><small>Lucky Lucie was hurt by the spikes!</small><br></div><div class="spacer battle-history"><br></div><div class="battle-history"><small>Lucky Lucie restored a little HP using its Leftovers!</small><br></div><div class="battle-history"><small>The cloud of diamond dust blew away!</small><br></div><div class="spacer battle-history"><br></div><h2 class="battle-history">Turn 16</h2><div class="spacer battle-history"><br></div><div class="battle-history"><small>The opposing Noivern's Noivernite is reacting to the Key Stone!</small><br>The opposing Noivern has Mega Evolved into Mega Noivern!<br></div><div class="chat"><ul class="utilichart"><li class="result"><span class="col pokemonnamecol" style="white-space: nowrap">Noivern-Mega</span> <span class="col typecol"><img src="https://play.pokemonshowdown.com/sprites/types/Psychic.png" alt="Psychic" height="14" width="32"><img src="https://play.pokemonshowdown.com/sprites/types/Dragon.png" alt="Dragon" height="14" width="32"></span> <span style="float: left ; min-height: 26px"><span class="col abilitycol">Trace</span><span class="col abilitycol"></span></span><span style="float: left ; min-height: 26px"><span class="col statcol"><em>HP</em><br>85</span> <span class="col statcol"><em>Atk</em><br>70</span> <span class="col statcol"><em>Def</em><br>95</span> <span class="col statcol"><em>SpA</em><br>120</span> <span class="col statcol"><em>SpD</em><br>95</span> <span class="col statcol"><em>Spe</em><br>170</span> </span></li><li style="clear: both"></li></ul></div><div class="battle-history">[The opposing Noivern's Trace]<br>[The opposing Noivern's Natural Cure]<br><small>The opposing Noivern traced Lucky Lucie's Natural Cure!</small><br></div><div class="spacer battle-history"><br></div><div class="battle-history">The opposing Noivern used <strong>U-turn</strong>!<br></div><div class="battle-history"><small>(Lucky Lucie lost <abbr title="−62/714">8.7%</abbr> of its health!)</small><br></div><div class="spacer battle-history"><br></div><div class="battle-history">The opposing Noivern went back to pupugugu!<br></div><div class="battle-history">pupugugu sent out <strong>Greninja</strong>!<br></div><div class="spacer battle-history"><br></div><div class="battle-history">Lucky Lucie used <strong>Aromatherapy</strong>!<br></div><div class="battle-history"><small>A soothing aroma wafted through the area!</small><br></div><div class="battle-history"><small>Guitar Hero was cured of its poisoning!</small><br></div><div class="spacer battle-history"><br></div><div class="battle-history"><small>The opposing Greninja took the Future Sight attack!</small><br></div><div class="battle-history"><small>It doesn't affect the opposing Greninja...</small><br></div><div class="battle-history"><small>Lucky Lucie restored a little HP using its Leftovers!</small><br></div><div class="spacer battle-history"><br></div><h2 class="battle-history">Turn 17</h2><div class="spacer battle-history"><br></div><div class="battle-history">pupugugu withdrew Greninja!<br></div><div class="battle-history">pupugugu sent out <strong>Amoonguss</strong>!<br></div><div class="spacer battle-history"><br></div><div class="battle-history">Lucky Lucie used <strong>Wish</strong>!<br></div><div class="spacer battle-history"><br></div><div class="battle-history"><small>Lucky Lucie restored a little HP using its Leftovers!</small><br></div><div class="spacer battle-history"><br></div><h2 class="battle-history">Turn 18</h2><div class="spacer battle-history"><br></div><div class="battle-history">Lucky Lucie, come back!<br></div><div class="battle-history">Go! Aurora (<strong>Aurorus-Mega</strong>)!<br></div><div class="battle-history"><small>Aurora was hurt by the spikes!</small><br></div><div class="battle-history">[Aurora's Diamond Dust]<br></div><div class="battle-history"><small>A cloud of diamond dust blew in!</small><br></div><div class="battle-history"><small>All Rock-type damage, including Stealth Rock, will be nullified.</small><br></div><div class="battle-history"><small>Other weather-related moves and Abilities will behave as they do in hail.</small><br></div><div class="spacer battle-history"><br></div><div class="battle-history">The opposing Amoonguss used <strong>Sludge Bomb</strong>!<br></div><div class="battle-history"><small>(Aurora lost <abbr title="−73/449">16.3%</abbr> of its health!)</small><br></div><div class="spacer battle-history"><br></div><div class="battle-history"><small>Lucky Lucie's wish came true!</small><br></div><div class="battle-history"><small>The air is sparkling with diamond dust!</small><br></div><div class="spacer battle-history"><br></div><h2 class="battle-history">Turn 19</h2><div class="spacer battle-history"><br></div><div class="battle-history">Aurora used <strong>Blizzard</strong>!<br></div><div class="battle-history"><small>It's super effective!</small><br></div><div class="battle-history"><small>(The opposing Amoonguss lost 70% of its health!)</small><br></div><div class="spacer battle-history"><br></div><div class="battle-history">The opposing Amoonguss used <strong>Spore</strong>!<br></div><div class="battle-history"><small>Aurora fell asleep!</small><br></div><div class="spacer battle-history"><br></div><div class="battle-history"><small>The opposing Amoonguss restored a little HP using its Black Sludge!</small><br></div><div class="battle-history"><small>The air is sparkling with diamond dust!</small><br></div><div class="spacer battle-history"><br></div><h2 class="battle-history">Turn 20</h2><div class="spacer battle-history"><br></div><div class="battle-history">Aurora, come back!<br></div><div class="battle-history">Go! Lucky Lucie (<strong>Blissey</strong>)!<br></div><div class="battle-history"><small>Lucky Lucie was hurt by the spikes!</small><br></div><div class="spacer battle-history"><br></div><div class="battle-history">The opposing Amoonguss used <strong>Giga Drain</strong>!<br></div><div class="battle-history"><small>(Lucky Lucie lost <abbr title="−58/714">8.1%</abbr> of its health!)</small><br></div><div class="battle-history"><small>Lucky Lucie had its energy drained!</small><br></div><div class="spacer battle-history"><br></div><div class="battle-history"><small>Lucky Lucie restored a little HP using its Leftovers!</small><br></div><div class="battle-history"><small>The opposing Amoonguss restored a little HP using its Black Sludge!</small><br></div><div class="battle-history"><small>The air is sparkling with diamond dust!</small><br></div><div class="spacer battle-history"><br></div><h2 class="battle-history">Turn 21</h2><div class="spacer battle-history"><br></div><div class="battle-history">pupugugu withdrew Amoonguss!<br></div><div class="battle-history">pupugugu sent out Noivern (<strong>Noivern-Mega</strong>)!<br></div><div class="battle-history">[The opposing Noivern's Trace]<br>[The opposing Noivern's Natural Cure]<br><small>The opposing Noivern traced Lucky Lucie's Natural Cure!</small><br></div><div class="spacer battle-history"><br></div><div class="battle-history">Lucky Lucie used <strong>Seismic Toss</strong>!<br></div><div class="battle-history"><small>(The opposing Noivern lost 31% of its health!)</small><br></div><div class="spacer battle-history"><br></div><div class="battle-history"><small>Lucky Lucie restored a little HP using its Leftovers!</small><br></div><div class="battle-history"><small>The air is sparkling with diamond dust!</small><br></div><div class="spacer battle-history"><br></div><h2 class="battle-history">Turn 22</h2><div class="spacer battle-history"><br></div><div class="battle-history">The opposing Noivern used <strong>Psychic</strong>!<br></div><div class="battle-history"><small>(Lucky Lucie lost <abbr title="−118/714">16.5%</abbr> of its health!)</small><br></div><div class="spacer battle-history"><br></div><div class="battle-history">Lucky Lucie used <strong>Aromatherapy</strong>!<br></div><div class="battle-history"><small>A soothing aroma wafted through the area!</small><br></div><div class="battle-history"><small>Aurora woke up!</small><br></div><div class="spacer battle-history"><br></div><div class="battle-history"><small>Lucky Lucie restored a little HP using its Leftovers!</small><br></div><div class="battle-history"><small>The cloud of diamond dust blew away!</small><br></div><div class="spacer battle-history"><br></div><h2 class="battle-history">Turn 23</h2><div class="spacer battle-history"><br></div><div class="battle-history">The opposing Noivern used <strong>Psychic</strong>!<br></div><div class="battle-history"><small>(Lucky Lucie lost <abbr title="−118/714">16.5%</abbr> of its health!)</small><br></div><div class="spacer battle-history"><br></div><div class="battle-history">Lucky Lucie used <strong>Wish</strong>!<br></div><div class="spacer battle-history"><br></div><div class="battle-history"><small>Lucky Lucie restored a little HP using its Leftovers!</small><br></div><div class="spacer battle-history"><br></div><h2 class="battle-history">Turn 24</h2><div class="spacer battle-history"><br></div><div class="battle-history">Lucky Lucie, come back!<br></div><div class="battle-history">Go! Aurora (<strong>Aurorus-Mega</strong>)!<br></div><div class="battle-history"><small>Aurora was hurt by the spikes!</small><br></div><div class="battle-history">[Aurora's Diamond Dust]<br></div><div class="battle-history"><small>A cloud of diamond dust blew in!</small><br></div><div class="battle-history"><small>All Rock-type damage, including Stealth Rock, will be nullified.</small><br></div><div class="battle-history"><small>Other weather-related moves and Abilities will behave as they do in hail.</small><br></div><div class="spacer battle-history"><br></div><div class="battle-history">The opposing Noivern used <strong>U-turn</strong>!<br></div><div class="battle-history"><small>A critical hit!</small><br></div><div class="battle-history"><small>(Aurora lost <abbr title="−39/449">8.7%</abbr> of its health!)</small><br></div><div class="spacer battle-history"><br></div><div class="battle-history">The opposing Noivern went back to pupugugu!<br></div><div class="battle-history">pupugugu sent out <strong>Excadrill</strong>!<br></div><div class="battle-history">[The opposing Excadrill's Mold Breaker]<br><small>The opposing Excadrill breaks the mold!</small><br></div><div class="spacer battle-history"><br></div><div class="battle-history"><small>Lucky Lucie's wish came true!</small><br></div><div class="battle-history"><small>The opposing Excadrill restored a little HP using its Leftovers!</small><br></div><div class="battle-history"><small>The air is sparkling with diamond dust!</small><br></div><div class="spacer battle-history"><br></div><h2 class="battle-history">Turn 25</h2><div class="spacer battle-history"><br></div><div class="battle-history">The opposing Excadrill used <strong>Earthquake</strong>!<br></div><div class="battle-history"><small>It's super effective!</small><br></div><div class="battle-history"><small>(Aurora lost <abbr title="−246/449">54.8%</abbr> of its health!)</small><br></div><div class="spacer battle-history"><br></div><div class="battle-history">Aurora used <strong>Blizzard</strong>!<br></div><div class="battle-history"><small>(The opposing Excadrill lost 27% of its health!)</small><br></div><div class="spacer battle-history"><br></div><div class="battle-history">The opposing Excadrill fainted!<br></div><div class="spacer battle-history"><br></div><div class="battle-history"><small>The air is sparkling with diamond dust!</small><br></div><div class="spacer battle-history"><br></div><div class="battle-history">pupugugu sent out Noivern (<strong>Noivern-Mega</strong>)!<br></div><div class="battle-history">[The opposing Noivern's Trace]<br>[The opposing Noivern's Diamond Dust]<br><small>The opposing Noivern traced Aurora's Diamond Dust!</small><br></div><div class="spacer battle-history"><br></div><h2 class="battle-history">Turn 26</h2><div class="spacer battle-history"><br></div><div class="battle-history">Aurora, come back!<br></div><div class="battle-history">Go! Lucky Lucie (<strong>Blissey</strong>)!<br></div><div class="battle-history"><small>Lucky Lucie was hurt by the spikes!</small><br></div><div class="spacer battle-history"><br></div><div class="battle-history">The opposing Noivern used <strong>Draco Meteor</strong>!<br></div><div class="battle-history"><small>(Lucky Lucie lost <abbr title="−187/714">26.2%</abbr> of its health!)</small><br></div><div class="battle-history"><small>The opposing Noivern's Sp. Atk fell harshly!</small><br></div><div class="spacer battle-history"><br></div><div class="battle-history"><small>Lucky Lucie restored a little HP using its Leftovers!</small><br></div><div class="battle-history"><small>The air is sparkling with diamond dust!</small><br></div><div class="spacer battle-history"><br></div><h2 class="battle-history">Turn 27</h2><div class="spacer battle-history"><br></div><div class="battle-history">pupugugu withdrew Noivern!<br></div><div class="battle-history">pupugugu sent out <strong>Greninja</strong>!<br></div><div class="spacer battle-history"><br></div><div class="battle-history">Lucky Lucie used <strong>Soft-Boiled</strong>!<br></div><div class="battle-history"><small>Lucky Lucie had its HP restored.</small><br></div><div class="spacer battle-history"><br></div><div class="battle-history"><small>Lucky Lucie restored a little HP using its Leftovers!</small><br></div><div class="battle-history"><small>The air is sparkling with diamond dust!</small><br></div><div class="spacer battle-history"><br></div><h2 class="battle-history">Turn 28</h2><div class="chat chatmessage-pupugugu"><strong style="color:#2b7b91"><small>☆</small><span class="username" data-name="pupugugu">pupugugu</span>:</strong> <em>Gahh I'm playing poorly</em></div><div class="spacer battle-history"><br></div><div class="battle-history">pupugugu withdrew Greninja!<br></div><div class="battle-history">pupugugu sent out <strong>Amoonguss</strong>!<br></div><div class="spacer battle-history"><br></div><div class="battle-history">Lucky Lucie used <strong>Wish</strong>!<br></div><div class="spacer battle-history"><br></div><div class="battle-history"><small>Lucky Lucie restored a little HP using its Leftovers!</small><br></div><div class="battle-history"><small>The opposing Amoonguss restored a little HP using its Black Sludge!</small><br></div><div class="battle-history"><small>The cloud of diamond dust blew away!</small><br></div><div class="spacer battle-history"><br></div><h2 class="battle-history">Turn 29</h2><div class="spacer battle-history"><br></div><div class="battle-history">Lucky Lucie, come back!<br></div><div class="battle-history">Go! Aurora (<strong>Aurorus-Mega</strong>)!<br></div><div class="battle-history"><small>Aurora was hurt by the spikes!</small><br></div><div class="battle-history">[Aurora's Diamond Dust]<br></div><div class="battle-history"><small>A cloud of diamond dust blew in!</small><br></div><div class="battle-history"><small>All Rock-type damage, including Stealth Rock, will be nullified.</small><br></div><div class="battle-history"><small>Other weather-related moves and Abilities will behave as they do in hail.</small><br></div><div class="spacer battle-history"><br></div><div class="battle-history">The opposing Amoonguss used <strong>Spore</strong>!<br></div><div class="battle-history"><small>Aurora fell asleep!</small><br></div><div class="spacer battle-history"><br></div><div class="battle-history"><small>Lucky Lucie's wish came true!</small><br></div><div class="battle-history"><small>The opposing Amoonguss restored a little HP using its Black Sludge!</small><br></div><div class="battle-history"><small>The air is sparkling with diamond dust!</small><br></div><div class="spacer battle-history"><br></div><h2 class="battle-history">Turn 30</h2><div class="spacer battle-history"><br></div><div class="battle-history">Aurora is fast asleep.<br></div><div class="spacer battle-history"><br></div><div class="battle-history">The opposing Amoonguss used <strong>Sludge Bomb</strong>!<br></div><div class="battle-history"><small>(Aurora lost <abbr title="−72/449">16.0%</abbr> of its health!)</small><br></div><div class="spacer battle-history"><br></div><div class="battle-history"><small>The opposing Amoonguss restored a little HP using its Black Sludge!</small><br></div><div class="battle-history"><small>The air is sparkling with diamond dust!</small><br></div><div class="spacer battle-history"><br></div><h2 class="battle-history">Turn 31</h2><div class="spacer battle-history"><br></div><div class="battle-history">pupugugu withdrew Amoonguss!<br></div><div class="battle-history">pupugugu sent out Noivern (<strong>Noivern-Mega</strong>)!<br></div><div class="battle-history">[The opposing Noivern's Trace]<br>[The opposing Noivern's Diamond Dust]<br><small>The opposing Noivern traced Aurora's Diamond Dust!</small><br></div><div class="battle-history"><small>Aurora woke up!</small><br></div><div class="spacer battle-history"><br></div><div class="battle-history">Aurora used <strong>Calm Mind</strong>!<br></div><div class="battle-history"><small>Aurora's Sp. Atk rose!</small><br></div><div class="battle-history"><small>Aurora's Sp. Def rose!</small><br></div><div class="spacer battle-history"><br></div><div class="battle-history"><small>The air is sparkling with diamond dust!</small><br></div><div class="spacer battle-history"><br></div><h2 class="battle-history">Turn 32</h2><div class="chat chatmessage-pupugugu"><strong style="color:#2b7b91"><small>☆</small><span class="username" data-name="pupugugu">pupugugu</span>:</strong> <em>Bleh gonna forfeit this one too xd</em></div><div class="chat chatmessage-pupugugu"><strong style="color:#2b7b91"><small>☆</small><span class="username" data-name="pupugugu">pupugugu</span>:</strong> <em>Wait</em></div><div class="chat chatmessage-pupugugu"><strong style="color:#2b7b91"><small>☆</small><span class="username" data-name="pupugugu">pupugugu</span>:</strong> <em>Is there a loser's bracket after this if i lose</em></div><div class="spacer battle-history"><br></div><div class="battle-history">The opposing Noivern used <strong>U-turn</strong>!<br></div><div class="battle-history"><small>(Aurora lost <abbr title="−29/449">6.5%</abbr> of its health!)</small><br></div><div class="chat chatmessage-blauebrause mine"><strong style="color:#6b66e4"><small>☆</small><span class="username" data-name="BlaueBrause">BlaueBrause</span>:</strong> <em>if you loose, I have to rebattle you again, iirc</em></div><div class="spacer battle-history"><br></div><div class="battle-history">The opposing Noivern went back to pupugugu!<br></div><div class="battle-history">pupugugu sent out <strong>Greninja</strong>!<br></div><div class="spacer battle-history"><br></div><div class="battle-history">Aurora used <strong>Blizzard</strong>!<br></div><div class="battle-history"><small>It's not very effective...</small><br></div><div class="battle-history"><small>(The opposing Greninja lost 62% of its health!)</small><br></div><div class="spacer battle-history"><br></div><div class="battle-history"><small>The air is sparkling with diamond dust!</small><br></div><div class="spacer battle-history"><br></div><h2 class="battle-history">Turn 33</h2><div class="chat chatmessage-blauebrause mine"><strong style="color:#6b66e4"><small>☆</small><span class="username" data-name="BlaueBrause">BlaueBrause</span>:</strong> <em>it would be another best of three, I think</em></div><div class="chat chatmessage-pupugugu"><strong style="color:#2b7b91"><small>☆</small><span class="username" data-name="pupugugu">pupugugu</span>:</strong> <em>Okok</em></div><div class="chat chatmessage-pupugugu"><strong style="color:#2b7b91"><small>☆</small><span class="username" data-name="pupugugu">pupugugu</span>:</strong> <em>Sounds right</em></div><div class="chat chatmessage-pupugugu"><strong style="color:#2b7b91"><small>☆</small><span class="username" data-name="pupugugu">pupugugu</span>:</strong> <em>I can't break bliss anymore lol</em></div><div class="spacer battle-history"><br></div><div class="battle-history"><small>pupugugu forfeited.</small><br></div><div class="spacer battle-history"><br></div><div class="battle-history"><strong>BlaueBrause</strong> won the battle!<br></div><div class="chat"><small>☆pupugugu left</small></div></div><div class="inner-preempt message-log"></div></div></div>
</div>
<script>
let daily = Math.floor(Date.now()/1000/60/60/24);document.write('<script src="https://dragonheaven.herokuapp.com/js/replay-embed.js?version'+daily+'"></'+'script>');
</script>
