<!DOCTYPE html>
<meta charset="utf-8" />
<!-- version 1 -->
<title>[Gen 8] M4A Random Battle replay: inkbug1 vs. BotwNerd745</title>
<style>
html,body {font-family:Verdana, sans-serif;font-size:10pt;margin:0;padding:0;}body{padding:12px 0;} .battle-log {font-family:Verdana, sans-serif;font-size:10pt;} .battle-log-inline {border:1px solid #AAAAAA;background:#EEF2F5;color:black;max-width:640px;margin:0 auto 80px;padding-bottom:5px;} .battle-log .inner {padding:4px 8px 0px 8px;} .battle-log .inner-preempt {padding:0 8px 4px 8px;} .battle-log .inner-after {margin-top:0.5em;} .battle-log h2 {margin:0.5em -8px;padding:4px 8px;border:1px solid #AAAAAA;background:#E0E7EA;border-left:0;border-right:0;font-family:Verdana, sans-serif;font-size:13pt;} .battle-log .chat {vertical-align:middle;padding:3px 0 3px 0;font-size:8pt;} .battle-log .chat strong {color:#40576A;} .battle-log .chat em {padding:1px 4px 1px 3px;color:#000000;font-style:normal;} .chat.mine {background:rgba(0,0,0,0.05);margin-left:-8px;margin-right:-8px;padding-left:8px;padding-right:8px;} .spoiler {color:#BBBBBB;background:#BBBBBB;padding:0px 3px;} .spoiler:hover, .spoiler:active, .spoiler-shown {color:#000000;background:#E2E2E2;padding:0px 3px;} .spoiler a {color:#BBBBBB;} .spoiler:hover a, .spoiler:active a, .spoiler-shown a {color:#2288CC;} .chat code, .chat .spoiler:hover code, .chat .spoiler:active code, .chat .spoiler-shown code {border:1px solid #C0C0C0;background:#EEEEEE;color:black;padding:0 2px;} .chat .spoiler code {border:1px solid #CCCCCC;background:#CCCCCC;color:#CCCCCC;} .battle-log .rated {padding:3px 4px;} .battle-log .rated strong {color:white;background:#89A;padding:1px 4px;border-radius:4px;} .spacer {margin-top:0.5em;} .message-announce {background:#6688AA;color:white;padding:1px 4px 2px;} .message-announce a, .broadcast-green a, .broadcast-blue a, .broadcast-red a {color:#DDEEFF;} .broadcast-green {background-color:#559955;color:white;padding:2px 4px;} .broadcast-blue {background-color:#6688AA;color:white;padding:2px 4px;} .infobox {border:1px solid #6688AA;padding:2px 4px;} .infobox-limited {max-height:200px;overflow:auto;overflow-x:hidden;} .broadcast-red {background-color:#AA5544;color:white;padding:2px 4px;} .message-learn-canlearn {font-weight:bold;color:#228822;text-decoration:underline;} .message-learn-cannotlearn {font-weight:bold;color:#CC2222;text-decoration:underline;} .message-effect-weak {font-weight:bold;color:#CC2222;} .message-effect-resist {font-weight:bold;color:#6688AA;} .message-effect-immune {font-weight:bold;color:#666666;} .message-learn-list {margin-top:0;margin-bottom:0;} .message-throttle-notice, .message-error {color:#992222;} .message-overflow, .chat small.message-overflow {font-size:0pt;} .message-overflow::before {font-size:9pt;content:'...';} .subtle {color:#3A4A66;}
</style>
<div class="wrapper replay-wrapper" style="max-width:1180px;margin:0 auto">
<input type="hidden" name="replayid" value="dragonheaven-gen8m4arandombattle-293" />
<div class="battle"></div><div class="battle-log"></div><div class="replay-controls"></div><div class="replay-controls-2"></div>
<h1 style="font-weight:normal;text-align:center"><strong>[Gen 8] M4A Random Battle</strong><br /><a href="http://pokemonshowdown.com/users/inkbug1" class="subtle" target="_blank">inkbug1</a> vs. <a href="http://pokemonshowdown.com/users/botwnerd745" class="subtle" target="_blank">BotwNerd745</a></h1>
<script type="text/plain" class="battle-log-data">|j|☆inkbug1

|j|☆BotwNerd745
|t:|1624996178
|player|p1|inkbug1|burgh|
|player|p2|BotwNerd745|hilda-dueldisk|
|teamsize|p1|6
|teamsize|p2|6
|gametype|singles
|gen|8
|tier|[Gen 8] M4A Random Battle
|rule|Dynamax Clause: You cannot dynamax
|rule|Species Clause: Limit one of each Pokémon
|rule|HP Percentage Mod: HP is shown in percentages
|rule|Sleep Clause Mod: Limit one foe put to sleep
|rule|Freeze Clause Mod: Limit one foe frozen
|raw|<img src="https:\/\/www.smogon.com\/forums\/attachments\/banner_2-png.302358\/" height="65" width="381">
|-message|Welcome to Megas for All!
|-message|This is a National Dex-based format where we aim to give a new Mega Evolution to every Pokémon.
|-message|Just like any official format, you can still only Mega Evolve one Pokémon per team!
|-message|You can find our thread and metagame resources here:
|-message|https:\/\/www.smogon.com\/forums\/threads\/3671140\/
|-message|Your Mega Evolution this match is:
|-hint|Lucario-Mega (Fighting\/Steel); Ability: Adaptability (This Pokemon's same-type attack bonus (STAB) is 2 instead of 1.5.); Stats: 70 HP \/ 145 Atk \/ 88 Def \/ 140 SpA \/ 70 SpD \/ 112 Spe;
|-message|Use the command \/dt for more information!
|
|t:|1624996178
|start
|switch|p1a: Lucario|Lucario, L78, F|237\/237
|switch|p2a: Solrock|Solrock, L88|100\/100
|turn|1
|j| Skw1234
|c|☆inkbug1|oh no
|
|t:|1624996207
|detailschange|p1a: Lucario|Lucario-Mega, L78, F
|-mega|p1a: Lucario|Lucario|Lucarionite
|-start|p1a: Lucario|typechange|Fighting\/Steel|[silent]
|raw|<ul class="utilichart"><li class="result"><span class="col pokemonnamecol" style="white-space: nowrap">Lucario-Mega<\/span> <span class="col typecol"><img src="https:\/\/play.pokemonshowdown.com\/sprites\/types\/Fighting.png" alt="Fighting" height="14" width="32"><img src="https:\/\/play.pokemonshowdown.com\/sprites\/types\/Steel.png" alt="Steel" height="14" width="32"><\/span> <span style="float: left ; min-height: 26px"><span class="col abilitycol">Adaptability<\/span><span class="col abilitycol"><\/span><\/span><span style="float: left ; min-height: 26px"><span class="col statcol"><em>HP<\/em><br>70<\/span> <span class="col statcol"><em>Atk<\/em><br>145<\/span> <span class="col statcol"><em>Def<\/em><br>88<\/span> <span class="col statcol"><em>SpA<\/em><br>140<\/span> <span class="col statcol"><em>SpD<\/em><br>70<\/span> <span class="col statcol"><em>Spe<\/em><br>112<\/span> <\/span><\/li><li style="clear: both"><\/li><\/ul>
|move|p1a: Lucario|Meteor Mash|p2a: Solrock
|-supereffective|p2a: Solrock
|-damage|p2a: Solrock|0 fnt
|faint|p2a: Solrock
|
|upkeep
|
|t:|1624996214
|switch|p2a: Chandelure|Chandelure, L82, F|100\/100
|turn|2
|c| Skw1234|GOD DAMMIT I FORGOT TO DRAW LUCARIO'S TAIL IN LONE'S COMMISSION
|c| Skw1234|SEEING THE BACK SPRITE 
|c| Skw1234|REMINDED ME
|c|☆inkbug1|sorry stepped away to get a snack !
|c|☆inkbug1|immense fear
|j| BlazingHero657
|
|t:|1624996319
|switch|p1a: Mightyena|Mightyena, L88, F|266\/266
|detailschange|p2a: Chandelure|Chandelure-Mega, L82, F
|-mega|p2a: Chandelure|Chandelure|Chandelite
|-start|p2a: Chandelure|typechange|Ghost\/Fire|[silent]
|raw|<ul class="utilichart"><li class="result"><span class="col pokemonnamecol" style="white-space: nowrap">Chandelure-Mega<\/span> <span class="col typecol"><img src="https:\/\/play.pokemonshowdown.com\/sprites\/types\/Ghost.png" alt="Ghost" height="14" width="32"><img src="https:\/\/play.pokemonshowdown.com\/sprites\/types\/Fire.png" alt="Fire" height="14" width="32"><\/span> <span style="float: left ; min-height: 26px"><span class="col abilitycol">Nightmare Heart<\/span><span class="col abilitycol"><\/span><\/span><span style="float: left ; min-height: 26px"><span class="col statcol"><em>HP<\/em><br>60<\/span> <span class="col statcol"><em>Atk<\/em><br>57<\/span> <span class="col statcol"><em>Def<\/em><br>108<\/span> <span class="col statcol"><em>SpA<\/em><br>185<\/span> <span class="col statcol"><em>SpD<\/em><br>108<\/span> <span class="col statcol"><em>Spe<\/em><br>102<\/span> <\/span><\/li><li style="clear: both"><\/li><\/ul>
|move|p2a: Chandelure|Mind Blown|p1a: Mightyena
|-damage|p1a: Mightyena|0 fnt
|-damage|p2a: Chandelure|50\/100|[from] mindblown
|faint|p1a: Mightyena
|
|upkeep
|c|☆inkbug1|i kbew it
|
|t:|1624996330
|switch|p1a: Rhydon|Rhydon, L90, F|335\/335
|turn|3
|c| Skw1234|It GETS THAT?
|c|☆inkbug1|in this mod yeah 
|
|t:|1624996349
|switch|p2a: Vileplume|Vileplume, L86, F|100\/100
|move|p1a: Rhydon|Stone Edge|p2a: Vileplume
|-damage|p2a: Vileplume|47\/100
|
|upkeep
|turn|4
|c|☆inkbug1|lowering its own hp makes its job easier sometimes 
|c| Skw1234|Jesus
|
|t:|1624996367
|switch|p1a: Xatu|Xatu, L86, M|252\/252
|move|p2a: Vileplume|Giga Drain|p1a: Xatu
|-resisted|p1a: Xatu
|-damage|p1a: Xatu|187\/252
|-heal|p2a: Vileplume|59\/100|[from] drain|[of] p1a: Xatu
|-damage|p2a: Vileplume|49\/100|[from] item: Life Orb
|
|upkeep
|turn|5
|
|t:|1624996381
|switch|p2a: Dragonite|Dragonite, L82, M|100\/100
|move|p1a: Xatu|Psychic|p2a: Dragonite
|-damage|p2a: Dragonite|85\/100
|
|upkeep
|turn|6
|c| Skw1234|Fat dragon :D
|
|t:|1624996404
|move|p1a: Xatu|Thunder Wave|p2a: Dragonite
|-status|p2a: Dragonite|par
|move|p2a: Dragonite|Dragon Dance|p2a: Dragonite
|-boost|p2a: Dragonite|atk|1
|-boost|p2a: Dragonite|spe|1
|
|upkeep
|turn|7
|c|☆BotwNerd745|mom wants to know if you’ve had lunch yet
|c|☆inkbug1|i just got myself a snack! 
|c|☆inkbug1|and i was gonna eat something more in a bit 
|
|t:|1624996474
|move|p1a: Xatu|Reflect|p1a: Xatu
|-sidestart|p1: inkbug1|Reflect
|move|p2a: Dragonite|Dual Wingbeat|p1a: Xatu
|-damage|p1a: Xatu|142\/252
|-crit|p1a: Xatu
|-damage|p1a: Xatu|0 fnt
|-hitcount|p1a: Xatu|2
|faint|p1a: Xatu
|
|upkeep
|c|☆inkbug1|sdfasdfads
|
|t:|1624996486
|switch|p1a: Lucario|Lucario-Mega, L78, F|237\/237
|-start|p1a: Lucario|typechange|Fighting\/Steel|[silent]
|turn|8
|
|t:|1624996503
|move|p1a: Lucario|Meteor Mash|p2a: Dragonite
|-damage|p2a: Dragonite|34\/100 par
|move|p2a: Dragonite|Dual Wingbeat|p1a: Lucario
|-damage|p1a: Lucario|195\/237
|-damage|p1a: Lucario|150\/237
|-hitcount|p1a: Lucario|2
|
|upkeep
|turn|9
|
|t:|1624996514
|move|p1a: Lucario|Meteor Mash|p2a: Dragonite
|-damage|p2a: Dragonite|0 fnt
|faint|p2a: Dragonite
|
|upkeep
|
|t:|1624996524
|switch|p2a: Chandelure|Chandelure-Mega, L82, F|50\/100
|-start|p2a: Chandelure|typechange|Ghost\/Fire|[silent]
|turn|10
|c|☆inkbug1|mmmmm
|
|t:|1624996546
|switch|p1a: Rhydon|Rhydon, L90, F|335\/335
|move|p2a: Chandelure|Fire Blast|p1a: Rhydon
|-resisted|p1a: Rhydon
|-damage|p1a: Rhydon|242\/335
|
|upkeep
|turn|11
|
|t:|1624996556
|move|p2a: Chandelure|Calm Mind|p2a: Chandelure
|-boost|p2a: Chandelure|spa|1
|-boost|p2a: Chandelure|spd|1
|move|p1a: Rhydon|Earthquake|p2a: Chandelure
|-supereffective|p2a: Chandelure
|-damage|p2a: Chandelure|0 fnt
|faint|p2a: Chandelure
|-ability|p2a: Chandelure|Nightmare Heart
|-message|Rhydon was cursed!
|-start|p1a: Rhydon|Curse|[silent]
|-ability|p1a: Rhydon|Nightmare Heart|[from] Ability: Nightmare Heart
|
|-damage|p1a: Rhydon|159\/335|[from] Curse
|-sideend|p1: inkbug1|Reflect
|upkeep
|c| BlazingHero657|Calm mind?
|
|t:|1624996569
|switch|p2a: Vileplume|Vileplume, L86, F|49\/100
|turn|12
|
|t:|1624996581
|move|p2a: Vileplume|Giga Drain|p1a: Rhydon
|-supereffective|p1a: Rhydon
|-damage|p1a: Rhydon|0 fnt
|-heal|p2a: Vileplume|79\/100|[from] drain|[of] p1a: Rhydon
|-damage|p2a: Vileplume|69\/100|[from] item: Life Orb
|faint|p1a: Rhydon
|-ability|p1a: Rhydon|Nightmare Heart
|-message|Vileplume was cursed!
|-start|p2a: Vileplume|Curse|[silent]
|-ability|p2a: Vileplume|Nightmare Heart|[from] Ability: Nightmare Heart
|
|-damage|p2a: Vileplume|44\/100|[from] Curse
|upkeep
|c|☆inkbug1|why not
|c| BlazingHero657|Was it just a sac?
|
|t:|1624996621
|switch|p1a: Lucario|Lucario-Mega, L78, F|150\/237
|-start|p1a: Lucario|typechange|Fighting\/Steel|[silent]
|turn|13
|
|t:|1624996629
|move|p1a: Lucario|Crunch|p2a: Vileplume
|-damage|p2a: Vileplume|21\/100
|move|p2a: Vileplume|Hidden Power|p1a: Lucario
|-supereffective|p1a: Lucario
|-damage|p1a: Lucario|0 fnt
|-damage|p2a: Vileplume|11\/100|[from] item: Life Orb
|faint|p1a: Lucario
|
|-damage|p2a: Vileplume|0 fnt|[from] Curse
|faint|p2a: Vileplume
|upkeep
|c|☆inkbug1|oh ow
|c|☆BotwNerd745|aw the ability died
|
|t:|1624996648
|switch|p1a: Bibarel|Bibarel, L88, M|282\/282
|switch|p2a: Zangoose|Zangoose, L88, M|100\/100
|turn|14
|c|☆inkbug1|tragic
|c|☆inkbug1|it got passed more than once, though! 
|c|☆inkbug1|which usually doesnt happen
|c|☆BotwNerd745|I just get a really big smile on my face whenever I see nightmare heart working
|
|t:|1624996675
|move|p2a: Zangoose|Close Combat|p1a: Bibarel
|-supereffective|p1a: Bibarel
|-damage|p1a: Bibarel|14\/282
|-unboost|p2a: Zangoose|def|1
|-unboost|p2a: Zangoose|spd|1
|move|p1a: Bibarel|Swords Dance|p1a: Bibarel
|-boost|p1a: Bibarel|atk|2
|
|-status|p2a: Zangoose|tox|[from] item: Toxic Orb
|-ability|p1a: Bibarel|Moody|boost
|-boost|p1a: Bibarel|spd|2
|-unboost|p1a: Bibarel|spe|1
|upkeep
|turn|15
|c|☆inkbug1|honestly same u deserve to
|
|t:|1624996695
|move|p2a: Zangoose|Quick Attack|p1a: Bibarel
|-damage|p1a: Bibarel|0 fnt
|faint|p1a: Bibarel
|
|-damage|p2a: Zangoose|94\/100 tox|[from] psn
|upkeep
|c|☆inkbug1|oh fr 
|c|☆inkbug1|i was gonna do that too :'D 
|
|t:|1624996704
|switch|p1a: Primarina|Primarina, L82, M|265\/265
|turn|16
|
|t:|1624996712
|move|p1a: Primarina|Moonblast|p2a: Zangoose
|-damage|p2a: Zangoose|18\/100 tox
|move|p2a: Zangoose|Facade|p1a: Primarina
|-damage|p1a: Primarina|0 fnt
|faint|p1a: Primarina
|
|win|BotwNerd745
|c|☆inkbug1|gg! 
|c| BlazingHero657|If only toxic boost made you immune to poison damage
|c|☆BotwNerd745|gg
|c|☆inkbug1|i think that would b dumb 
|c|☆inkbug1|guts doesnt</script>
</div>
<div class="battle-log battle-log-inline"><div class="inner"><div class="battle-options"><div style="padding-top: 3px; padding-right: 3px; text-align: right"><button class="icon button" name="openBattleOptions" title="Options">Battle Options</button></div></div><div class="inner message-log"><div class="chat"><small>☆inkbug1 and ☆BotwNerd745 joined</small></div><div class=""><small>Format:</small> <br><strong>[Gen 8] M4A Random Battle</strong></div><div class=""><small><em>Dynamax Clause:</em> You cannot dynamax</small></div><div class=""><small><em>Species Clause:</em> Limit one of each Pokémon</small></div><div class=""><small><em>HP Percentage Mod:</em> HP is shown in percentages</small></div><div class=""><small><em>Sleep Clause Mod:</em> Limit one foe put to sleep</small></div><div class=""><small><em>Freeze Clause Mod:</em> Limit one foe frozen</small></div><div class="chat"><img src="https://www.smogon.com/forums/attachments/banner_2-png.302358/" height="65" width="381"></div><div class="spacer battle-history"><br></div><div class="battle-history"><small>Welcome to Megas for All!</small><br></div><div class="battle-history"><small>This is a National Dex-based format where we aim to give a new Mega Evolution to every Pokémon.</small><br></div><div class="battle-history"><small>Just like any official format, you can still only Mega Evolve one Pokémon per team!</small><br></div><div class="battle-history"><small>You can find our thread and metagame resources here:</small><br></div><div class="battle-history"><small>https://www.smogon.com/forums/threads/3671140/</small><br></div><div class="battle-history"><small>Your Mega Evolution this match is:</small><br></div><div class="battle-history"><small>(Lucario-Mega (Fighting/Steel); Ability: Adaptability (This Pokemon's same-type attack bonus (STAB) is 2 instead of 1.5.); Stats: 70 HP / 145 Atk / 88 Def / 140 SpA / 70 SpD / 112 Spe;)</small><br></div><div class="battle-history"><small>Use the command /dt for more information!</small><br></div><div class="spacer battle-history"><br></div><div class="battle-history">Battle started between inkbug1 and BotwNerd745!<br></div><div class="spacer battle-history"><br></div><div class="battle-history">Go! <strong>Lucario</strong>!<br></div><div class="spacer battle-history"><br></div><div class="battle-history">BotwNerd745 sent out <strong>Solrock</strong>!<br></div><div class="spacer battle-history"><br></div><h2 class="battle-history">Turn 1</h2><div class="chat"><small> Skw1234 joined</small></div><div class="chat chatmessage-inkbug1 mine"><strong style="color:#e46e0f"><small>☆</small><span class="username" data-name="inkbug1">inkbug1</span>:</strong> <em>oh no</em></div><div class="spacer battle-history"><br></div><div class="battle-history"><small>Lucario's Lucarionite is reacting to the Key Stone!</small><br>Lucario has Mega Evolved into Mega Lucario!<br></div><div class="chat"><ul class="utilichart"><li class="result"><span class="col pokemonnamecol" style="white-space: nowrap">Lucario-Mega</span> <span class="col typecol"><img src="https://play.pokemonshowdown.com/sprites/types/Fighting.png" alt="Fighting" height="14" width="32"><img src="https://play.pokemonshowdown.com/sprites/types/Steel.png" alt="Steel" height="14" width="32"></span> <span style="float: left ; min-height: 26px"><span class="col abilitycol">Adaptability</span><span class="col abilitycol"></span></span><span style="float: left ; min-height: 26px"><span class="col statcol"><em>HP</em><br>70</span> <span class="col statcol"><em>Atk</em><br>145</span> <span class="col statcol"><em>Def</em><br>88</span> <span class="col statcol"><em>SpA</em><br>140</span> <span class="col statcol"><em>SpD</em><br>70</span> <span class="col statcol"><em>Spe</em><br>112</span> </span></li><li style="clear: both"></li></ul></div><div class="spacer battle-history"><br></div><div class="battle-history">Lucario used <strong>Meteor Mash</strong>!<br></div><div class="battle-history"><small>It's super effective!</small><br></div><div class="battle-history"><small>(The opposing Solrock lost 100% of its health!)</small><br></div><div class="spacer battle-history"><br></div><div class="battle-history">The opposing Solrock fainted!<br></div><div class="spacer battle-history"><br></div><div class="battle-history">BotwNerd745 sent out <strong>Chandelure</strong>!<br></div><div class="spacer battle-history"><br></div><h2 class="battle-history">Turn 2</h2><div class="chat chatmessage-skw1234"><strong style="color:#297a48"><small> </small><span class="username" data-name="Skw1234">Skw1234</span>:</strong> <em>GOD DAMMIT I FORGOT TO DRAW LUCARIO'S TAIL IN LONE'S COMMISSION</em></div><div class="chat chatmessage-skw1234"><strong style="color:#297a48"><small> </small><span class="username" data-name="Skw1234">Skw1234</span>:</strong> <em>SEEING THE BACK SPRITE </em></div><div class="chat chatmessage-skw1234"><strong style="color:#297a48"><small> </small><span class="username" data-name="Skw1234">Skw1234</span>:</strong> <em>REMINDED ME</em></div><div class="chat chatmessage-inkbug1 mine"><strong style="color:#e46e0f"><small>☆</small><span class="username" data-name="inkbug1">inkbug1</span>:</strong> <em>sorry stepped away to get a snack !</em></div><div class="chat chatmessage-inkbug1 mine"><strong style="color:#e46e0f"><small>☆</small><span class="username" data-name="inkbug1">inkbug1</span>:</strong> <em>immense fear</em></div><div class="chat"><small> BlazingHero657 joined</small></div><div class="spacer battle-history"><br></div><div class="battle-history">Lucario, come back!<br></div><div class="battle-history">Go! <strong>Mightyena</strong>!<br></div><div class="spacer battle-history"><br></div><div class="battle-history"><small>The opposing Chandelure's Chandelite is reacting to the Key Stone!</small><br>The opposing Chandelure has Mega Evolved into Mega Chandelure!<br></div><div class="chat"><ul class="utilichart"><li class="result"><span class="col pokemonnamecol" style="white-space: nowrap">Chandelure-Mega</span> <span class="col typecol"><img src="https://play.pokemonshowdown.com/sprites/types/Ghost.png" alt="Ghost" height="14" width="32"><img src="https://play.pokemonshowdown.com/sprites/types/Fire.png" alt="Fire" height="14" width="32"></span> <span style="float: left ; min-height: 26px"><span class="col abilitycol">Nightmare Heart</span><span class="col abilitycol"></span></span><span style="float: left ; min-height: 26px"><span class="col statcol"><em>HP</em><br>60</span> <span class="col statcol"><em>Atk</em><br>57</span> <span class="col statcol"><em>Def</em><br>108</span> <span class="col statcol"><em>SpA</em><br>185</span> <span class="col statcol"><em>SpD</em><br>108</span> <span class="col statcol"><em>Spe</em><br>102</span> </span></li><li style="clear: both"></li></ul></div><div class="spacer battle-history"><br></div><div class="battle-history">The opposing Chandelure used <strong>Mind Blown</strong>!<br></div><div class="battle-history"><small>(Mightyena lost <abbr title="−266/266">100%</abbr> of its health!)</small><br></div><div class="battle-history"><small>(The opposing Chandelure cut its own HP to power up its move!)</small><br></div><div class="spacer battle-history"><br></div><div class="battle-history">Mightyena fainted!<br></div><div class="chat chatmessage-inkbug1 mine"><strong style="color:#e46e0f"><small>☆</small><span class="username" data-name="inkbug1">inkbug1</span>:</strong> <em>i kbew it</em></div><div class="spacer battle-history"><br></div><div class="battle-history">Go! <strong>Rhydon</strong>!<br></div><div class="spacer battle-history"><br></div><h2 class="battle-history">Turn 3</h2><div class="chat chatmessage-skw1234"><strong style="color:#297a48"><small> </small><span class="username" data-name="Skw1234">Skw1234</span>:</strong> <em>It GETS THAT?</em></div><div class="chat chatmessage-inkbug1 mine"><strong style="color:#e46e0f"><small>☆</small><span class="username" data-name="inkbug1">inkbug1</span>:</strong> <em>in this mod yeah </em></div><div class="spacer battle-history"><br></div><div class="battle-history">BotwNerd745 withdrew Chandelure!<br></div><div class="battle-history">BotwNerd745 sent out <strong>Vileplume</strong>!<br></div><div class="spacer battle-history"><br></div><div class="battle-history">Rhydon used <strong>Stone Edge</strong>!<br></div><div class="battle-history"><small>(The opposing Vileplume lost 53% of its health!)</small><br></div><div class="spacer battle-history"><br></div><h2 class="battle-history">Turn 4</h2><div class="chat chatmessage-inkbug1 mine"><strong style="color:#e46e0f"><small>☆</small><span class="username" data-name="inkbug1">inkbug1</span>:</strong> <em>lowering its own hp makes its job easier sometimes </em></div><div class="chat chatmessage-skw1234"><strong style="color:#297a48"><small> </small><span class="username" data-name="Skw1234">Skw1234</span>:</strong> <em>Jesus</em></div><div class="spacer battle-history"><br></div><div class="battle-history">Rhydon, come back!<br></div><div class="battle-history">Go! <strong>Xatu</strong>!<br></div><div class="spacer battle-history"><br></div><div class="battle-history">The opposing Vileplume used <strong>Giga Drain</strong>!<br></div><div class="battle-history"><small>It's not very effective...</small><br></div><div class="battle-history"><small>(Xatu lost <abbr title="−65/252">25.8%</abbr> of its health!)</small><br></div><div class="battle-history"><small>Xatu had its energy drained!</small><br></div><div class="battle-history"><small>The opposing Vileplume lost some of its HP!</small><br></div><div class="spacer battle-history"><br></div><h2 class="battle-history">Turn 5</h2><div class="spacer battle-history"><br></div><div class="battle-history">BotwNerd745 withdrew Vileplume!<br></div><div class="battle-history">BotwNerd745 sent out <strong>Dragonite</strong>!<br></div><div class="spacer battle-history"><br></div><div class="battle-history">Xatu used <strong>Psychic</strong>!<br></div><div class="battle-history"><small>(The opposing Dragonite lost 15% of its health!)</small><br></div><div class="spacer battle-history"><br></div><h2 class="battle-history">Turn 6</h2><div class="chat chatmessage-skw1234"><strong style="color:#297a48"><small> </small><span class="username" data-name="Skw1234">Skw1234</span>:</strong> <em>Fat dragon :D</em></div><div class="spacer battle-history"><br></div><div class="battle-history">Xatu used <strong>Thunder Wave</strong>!<br></div><div class="battle-history"><small>The opposing Dragonite is paralyzed! It may be unable to move!</small><br></div><div class="spacer battle-history"><br></div><div class="battle-history">The opposing Dragonite used <strong>Dragon Dance</strong>!<br></div><div class="battle-history"><small>The opposing Dragonite's Attack rose!</small><br></div><div class="battle-history"><small>The opposing Dragonite's Speed rose!</small><br></div><div class="spacer battle-history"><br></div><h2 class="battle-history">Turn 7</h2><div class="chat chatmessage-botwnerd745"><strong style="color:#9835de"><small>☆</small><span class="username" data-name="BotwNerd745">BotwNerd745</span>:</strong> <em>mom wants to know if you’ve had lunch yet</em></div><div class="chat chatmessage-inkbug1 mine"><strong style="color:#e46e0f"><small>☆</small><span class="username" data-name="inkbug1">inkbug1</span>:</strong> <em>i just got myself a snack! </em></div><div class="chat chatmessage-inkbug1 mine"><strong style="color:#e46e0f"><small>☆</small><span class="username" data-name="inkbug1">inkbug1</span>:</strong> <em>and i was gonna eat something more in a bit </em></div><div class="spacer battle-history"><br></div><div class="battle-history">Xatu used <strong>Reflect</strong>!<br></div><div class="battle-history"><small>Reflect made your team stronger against physical moves!</small><br></div><div class="spacer battle-history"><br></div><div class="battle-history">The opposing Dragonite used <strong>Dual Wingbeat</strong>!<br></div><div class="battle-history"><small>(Xatu lost <abbr title="−45/252">17.9%</abbr> of its health!)</small><br></div><div class="battle-history"><small>A critical hit!</small><br></div><div class="battle-history"><small>(Xatu lost <abbr title="−142/252">56.3%</abbr> of its health!)</small><br></div><div class="battle-history"><small>The Pokémon was hit 2 times!</small><br></div><div class="spacer battle-history"><br></div><div class="battle-history">Xatu fainted!<br></div><div class="chat chatmessage-inkbug1 mine"><strong style="color:#e46e0f"><small>☆</small><span class="username" data-name="inkbug1">inkbug1</span>:</strong> <em>sdfasdfads</em></div><div class="spacer battle-history"><br></div><div class="battle-history">Go! Lucario (<strong>Lucario-Mega</strong>)!<br></div><div class="spacer battle-history"><br></div><h2 class="battle-history">Turn 8</h2><div class="spacer battle-history"><br></div><div class="battle-history">Lucario used <strong>Meteor Mash</strong>!<br></div><div class="battle-history"><small>(The opposing Dragonite lost 51% of its health!)</small><br></div><div class="spacer battle-history"><br></div><div class="battle-history">The opposing Dragonite used <strong>Dual Wingbeat</strong>!<br></div><div class="battle-history"><small>(Lucario lost <abbr title="−42/237">17.7%</abbr> of its health!)</small><br></div><div class="battle-history"><small>(Lucario lost <abbr title="−45/237">19.0%</abbr> of its health!)</small><br></div><div class="battle-history"><small>The Pokémon was hit 2 times!</small><br></div><div class="spacer battle-history"><br></div><h2 class="battle-history">Turn 9</h2><div class="spacer battle-history"><br></div><div class="battle-history">Lucario used <strong>Meteor Mash</strong>!<br></div><div class="battle-history"><small>(The opposing Dragonite lost 34% of its health!)</small><br></div><div class="spacer battle-history"><br></div><div class="battle-history">The opposing Dragonite fainted!<br></div><div class="spacer battle-history"><br></div><div class="battle-history">BotwNerd745 sent out Chandelure (<strong>Chandelure-Mega</strong>)!<br></div><div class="spacer battle-history"><br></div><h2 class="battle-history">Turn 10</h2><div class="chat chatmessage-inkbug1 mine"><strong style="color:#e46e0f"><small>☆</small><span class="username" data-name="inkbug1">inkbug1</span>:</strong> <em>mmmmm</em></div><div class="spacer battle-history"><br></div><div class="battle-history">Lucario, come back!<br></div><div class="battle-history">Go! <strong>Rhydon</strong>!<br></div><div class="spacer battle-history"><br></div><div class="battle-history">The opposing Chandelure used <strong>Fire Blast</strong>!<br></div><div class="battle-history"><small>It's not very effective...</small><br></div><div class="battle-history"><small>(Rhydon lost <abbr title="−93/335">27.8%</abbr> of its health!)</small><br></div><div class="spacer battle-history"><br></div><h2 class="battle-history">Turn 11</h2><div class="spacer battle-history"><br></div><div class="battle-history">The opposing Chandelure used <strong>Calm Mind</strong>!<br></div><div class="battle-history"><small>The opposing Chandelure's Sp. Atk rose!</small><br></div><div class="battle-history"><small>The opposing Chandelure's Sp. Def rose!</small><br></div><div class="spacer battle-history"><br></div><div class="battle-history">Rhydon used <strong>Earthquake</strong>!<br></div><div class="battle-history"><small>It's super effective!</small><br></div><div class="battle-history"><small>(The opposing Chandelure lost 50% of its health!)</small><br></div><div class="spacer battle-history"><br></div><div class="battle-history">The opposing Chandelure fainted!<br></div><div class="battle-history">[The opposing Chandelure's Nightmare Heart]<br></div><div class="battle-history"><small>Rhydon was cursed!</small><br></div><div class="battle-history">[Rhydon's Nightmare Heart]<br><small>Rhydon acquired Nightmare Heart!</small><br></div><div class="spacer battle-history"><br></div><div class="battle-history"><small>Rhydon is afflicted by the curse!</small><br></div><div class="battle-history"><small>Your team's Reflect wore off!</small><br></div><div class="chat chatmessage-blazinghero657"><strong style="color:#2e9e35"><small> </small><span class="username" data-name="BlazingHero657">BlazingHero657</span>:</strong> <em>Calm mind?</em></div><div class="spacer battle-history"><br></div><div class="battle-history">BotwNerd745 sent out <strong>Vileplume</strong>!<br></div><div class="spacer battle-history"><br></div><h2 class="battle-history">Turn 12</h2><div class="spacer battle-history"><br></div><div class="battle-history">The opposing Vileplume used <strong>Giga Drain</strong>!<br></div><div class="battle-history"><small>It's super effective!</small><br></div><div class="battle-history"><small>(Rhydon lost <abbr title="−159/335">47.5%</abbr> of its health!)</small><br></div><div class="battle-history"><small>Rhydon had its energy drained!</small><br></div><div class="battle-history"><small>The opposing Vileplume lost some of its HP!</small><br></div><div class="spacer battle-history"><br></div><div class="battle-history">Rhydon fainted!<br></div><div class="battle-history">[Rhydon's Nightmare Heart]<br></div><div class="battle-history"><small>Vileplume was cursed!</small><br></div><div class="battle-history">[The opposing Vileplume's Nightmare Heart]<br><small>The opposing Vileplume acquired Nightmare Heart!</small><br></div><div class="spacer battle-history"><br></div><div class="battle-history"><small>The opposing Vileplume is afflicted by the curse!</small><br></div><div class="chat chatmessage-inkbug1 mine"><strong style="color:#e46e0f"><small>☆</small><span class="username" data-name="inkbug1">inkbug1</span>:</strong> <em>why not</em></div><div class="chat chatmessage-blazinghero657"><strong style="color:#2e9e35"><small> </small><span class="username" data-name="BlazingHero657">BlazingHero657</span>:</strong> <em>Was it just a sac?</em></div><div class="spacer battle-history"><br></div><div class="battle-history">Go! Lucario (<strong>Lucario-Mega</strong>)!<br></div><div class="spacer battle-history"><br></div><h2 class="battle-history">Turn 13</h2><div class="spacer battle-history"><br></div><div class="battle-history">Lucario used <strong>Crunch</strong>!<br></div><div class="battle-history"><small>(The opposing Vileplume lost 23% of its health!)</small><br></div><div class="spacer battle-history"><br></div><div class="battle-history">The opposing Vileplume used <strong>Hidden Power</strong>!<br></div><div class="battle-history"><small>It's super effective!</small><br></div><div class="battle-history"><small>(Lucario lost <abbr title="−150/237">63.3%</abbr> of its health!)</small><br></div><div class="battle-history"><small>The opposing Vileplume lost some of its HP!</small><br></div><div class="spacer battle-history"><br></div><div class="battle-history">Lucario fainted!<br></div><div class="spacer battle-history"><br></div><div class="battle-history"><small>The opposing Vileplume is afflicted by the curse!</small><br></div><div class="spacer battle-history"><br></div><div class="battle-history">The opposing Vileplume fainted!<br></div><div class="chat chatmessage-inkbug1 mine"><strong style="color:#e46e0f"><small>☆</small><span class="username" data-name="inkbug1">inkbug1</span>:</strong> <em>oh ow</em></div><div class="chat chatmessage-botwnerd745"><strong style="color:#9835de"><small>☆</small><span class="username" data-name="BotwNerd745">BotwNerd745</span>:</strong> <em>aw the ability died</em></div><div class="spacer battle-history"><br></div><div class="battle-history">Go! <strong>Bibarel</strong>!<br></div><div class="spacer battle-history"><br></div><div class="battle-history">BotwNerd745 sent out <strong>Zangoose</strong>!<br></div><div class="spacer battle-history"><br></div><h2 class="battle-history">Turn 14</h2><div class="chat chatmessage-inkbug1 mine"><strong style="color:#e46e0f"><small>☆</small><span class="username" data-name="inkbug1">inkbug1</span>:</strong> <em>tragic</em></div><div class="chat chatmessage-inkbug1 mine"><strong style="color:#e46e0f"><small>☆</small><span class="username" data-name="inkbug1">inkbug1</span>:</strong> <em>it got passed more than once, though! </em></div><div class="chat chatmessage-inkbug1 mine"><strong style="color:#e46e0f"><small>☆</small><span class="username" data-name="inkbug1">inkbug1</span>:</strong> <em>which usually doesnt happen</em></div><div class="chat chatmessage-botwnerd745"><strong style="color:#9835de"><small>☆</small><span class="username" data-name="BotwNerd745">BotwNerd745</span>:</strong> <em>I just get a really big smile on my face whenever I see nightmare heart working</em></div><div class="spacer battle-history"><br></div><div class="battle-history">The opposing Zangoose used <strong>Close Combat</strong>!<br></div><div class="battle-history"><small>It's super effective!</small><br></div><div class="battle-history"><small>(Bibarel lost <abbr title="−268/282">95.0%</abbr> of its health!)</small><br></div><div class="battle-history"><small>The opposing Zangoose's Defense fell!</small><br></div><div class="battle-history"><small>The opposing Zangoose's Sp. Def fell!</small><br></div><div class="spacer battle-history"><br></div><div class="battle-history">Bibarel used <strong>Swords Dance</strong>!<br></div><div class="battle-history"><small>Bibarel's Attack rose sharply!</small><br></div><div class="spacer battle-history"><br></div><div class="battle-history"><small>The opposing Zangoose was badly poisoned!</small><br></div><div class="battle-history">[Bibarel's Moody]<br></div><div class="battle-history"><small>Bibarel's Sp. Def rose sharply!</small><br></div><div class="battle-history"><small>Bibarel's Speed fell!</small><br></div><div class="spacer battle-history"><br></div><h2 class="battle-history">Turn 15</h2><div class="chat chatmessage-inkbug1 mine"><strong style="color:#e46e0f"><small>☆</small><span class="username" data-name="inkbug1">inkbug1</span>:</strong> <em>honestly same u deserve to</em></div><div class="spacer battle-history"><br></div><div class="battle-history">The opposing Zangoose used <strong>Quick Attack</strong>!<br></div><div class="battle-history"><small>(Bibarel lost <abbr title="−14/282">5.0%</abbr> of its health!)</small><br></div><div class="spacer battle-history"><br></div><div class="battle-history">Bibarel fainted!<br></div><div class="spacer battle-history"><br></div><div class="battle-history"><small>The opposing Zangoose was hurt by poison!</small><br></div><div class="chat chatmessage-inkbug1 mine"><strong style="color:#e46e0f"><small>☆</small><span class="username" data-name="inkbug1">inkbug1</span>:</strong> <em>oh fr </em></div><div class="chat chatmessage-inkbug1 mine"><strong style="color:#e46e0f"><small>☆</small><span class="username" data-name="inkbug1">inkbug1</span>:</strong> <em>i was gonna do that too :'D </em></div><div class="spacer battle-history"><br></div><div class="battle-history">Go! <strong>Primarina</strong>!<br></div><div class="spacer battle-history"><br></div><h2 class="battle-history">Turn 16</h2><div class="spacer battle-history"><br></div><div class="battle-history">Primarina used <strong>Moonblast</strong>!<br></div><div class="battle-history"><small>(The opposing Zangoose lost 76% of its health!)</small><br></div><div class="spacer battle-history"><br></div><div class="battle-history">The opposing Zangoose used <strong>Facade</strong>!<br></div><div class="battle-history"><small>(Primarina lost <abbr title="−265/265">100%</abbr> of its health!)</small><br></div><div class="spacer battle-history"><br></div><div class="battle-history">Primarina fainted!<br></div><div class="spacer battle-history"><br></div><div class="battle-history"><strong>BotwNerd745</strong> won the battle!<br></div><div class="chat chatmessage-inkbug1 mine"><strong style="color:#e46e0f"><small>☆</small><span class="username" data-name="inkbug1">inkbug1</span>:</strong> <em>gg! </em></div><div class="chat chatmessage-blazinghero657"><strong style="color:#2e9e35"><small> </small><span class="username" data-name="BlazingHero657">BlazingHero657</span>:</strong> <em>If only toxic boost made you immune to poison damage</em></div><div class="chat chatmessage-botwnerd745"><strong style="color:#9835de"><small>☆</small><span class="username" data-name="BotwNerd745">BotwNerd745</span>:</strong> <em>gg</em></div><div class="chat chatmessage-inkbug1 mine"><strong style="color:#e46e0f"><small>☆</small><span class="username" data-name="inkbug1">inkbug1</span>:</strong> <em>i think that would b dumb </em></div><div class="chat chatmessage-inkbug1 mine"><strong style="color:#e46e0f"><small>☆</small><span class="username" data-name="inkbug1">inkbug1</span>:</strong> <em>guts doesnt</em></div></div><div class="inner-preempt message-log"></div></div></div>
</div>
<script>
let daily = Math.floor(Date.now()/1000/60/60/24);document.write('<script src="https://dragonheaven.herokuapp.com/js/replay-embed.js?version'+daily+'"></'+'script>');
</script>
