<!DOCTYPE html>
<meta charset="utf-8" />
<!-- version 1 -->
<title>[Gen 8] Megas For All replay: BotwNerd745 vs. inkbug1</title>
<style>
html,body {font-family:Verdana, sans-serif;font-size:10pt;margin:0;padding:0;}body{padding:12px 0;} .battle-log {font-family:Verdana, sans-serif;font-size:10pt;} .battle-log-inline {border:1px solid #AAAAAA;background:#EEF2F5;color:black;max-width:640px;margin:0 auto 80px;padding-bottom:5px;} .battle-log .inner {padding:4px 8px 0px 8px;} .battle-log .inner-preempt {padding:0 8px 4px 8px;} .battle-log .inner-after {margin-top:0.5em;} .battle-log h2 {margin:0.5em -8px;padding:4px 8px;border:1px solid #AAAAAA;background:#E0E7EA;border-left:0;border-right:0;font-family:Verdana, sans-serif;font-size:13pt;} .battle-log .chat {vertical-align:middle;padding:3px 0 3px 0;font-size:8pt;} .battle-log .chat strong {color:#40576A;} .battle-log .chat em {padding:1px 4px 1px 3px;color:#000000;font-style:normal;} .chat.mine {background:rgba(0,0,0,0.05);margin-left:-8px;margin-right:-8px;padding-left:8px;padding-right:8px;} .spoiler {color:#BBBBBB;background:#BBBBBB;padding:0px 3px;} .spoiler:hover, .spoiler:active, .spoiler-shown {color:#000000;background:#E2E2E2;padding:0px 3px;} .spoiler a {color:#BBBBBB;} .spoiler:hover a, .spoiler:active a, .spoiler-shown a {color:#2288CC;} .chat code, .chat .spoiler:hover code, .chat .spoiler:active code, .chat .spoiler-shown code {border:1px solid #C0C0C0;background:#EEEEEE;color:black;padding:0 2px;} .chat .spoiler code {border:1px solid #CCCCCC;background:#CCCCCC;color:#CCCCCC;} .battle-log .rated {padding:3px 4px;} .battle-log .rated strong {color:white;background:#89A;padding:1px 4px;border-radius:4px;} .spacer {margin-top:0.5em;} .message-announce {background:#6688AA;color:white;padding:1px 4px 2px;} .message-announce a, .broadcast-green a, .broadcast-blue a, .broadcast-red a {color:#DDEEFF;} .broadcast-green {background-color:#559955;color:white;padding:2px 4px;} .broadcast-blue {background-color:#6688AA;color:white;padding:2px 4px;} .infobox {border:1px solid #6688AA;padding:2px 4px;} .infobox-limited {max-height:200px;overflow:auto;overflow-x:hidden;} .broadcast-red {background-color:#AA5544;color:white;padding:2px 4px;} .message-learn-canlearn {font-weight:bold;color:#228822;text-decoration:underline;} .message-learn-cannotlearn {font-weight:bold;color:#CC2222;text-decoration:underline;} .message-effect-weak {font-weight:bold;color:#CC2222;} .message-effect-resist {font-weight:bold;color:#6688AA;} .message-effect-immune {font-weight:bold;color:#666666;} .message-learn-list {margin-top:0;margin-bottom:0;} .message-throttle-notice, .message-error {color:#992222;} .message-overflow, .chat small.message-overflow {font-size:0pt;} .message-overflow::before {font-size:9pt;content:'...';} .subtle {color:#3A4A66;}
</style>
<div class="wrapper replay-wrapper" style="max-width:1180px;margin:0 auto">
<input type="hidden" name="replayid" value="dragonheaven-gen8megasforall-4472" />
<div class="battle"></div><div class="battle-log"></div><div class="replay-controls"></div><div class="replay-controls-2"></div>
<h1 style="font-weight:normal;text-align:center"><strong>[Gen 8] Megas For All</strong><br /><a href="http://pokemonshowdown.com/users/botwnerd745" class="subtle" target="_blank">BotwNerd745</a> vs. <a href="http://pokemonshowdown.com/users/inkbug1" class="subtle" target="_blank">inkbug1</a></h1>
<script type="text/plain" class="battle-log-data">|j|☆BotwNerd745
|j|☆inkbug1


|player|p1|BotwNerd745|lyra|


|player|p2|inkbug1|189|
|teamsize|p1|6
|teamsize|p2|6
|gametype|singles
|gen|8
|tier|[Gen 8] Megas For All
|clearpoke
|poke|p1|Inteleon, F|
|poke|p1|Arctozolt|
|poke|p1|Weezing-Galar, M|
|poke|p1|Reuniclus, M|
|poke|p1|Golurk|
|poke|p1|Aegislash, M|
|poke|p2|Turtonator, F|
|poke|p2|Pyukumuku, M|
|poke|p2|Lycanroc-Midnight, F|
|poke|p2|Tsareena, F|
|poke|p2|Raichu-Alola, M|
|poke|p2|Gumshoos, M|
|rule|HP Percentage Mod: HP is shown in percentages
|rule|Endless Battle Clause: Forcing endless battles is banned
|rule|OHKO Clause: OHKO moves are banned
|rule|Evasion Moves Clause: Evasion moves are banned
|rule|Species Clause: Limit one of each Pokémon
|rule|Dynamax Clause: You cannot dynamax
|rule|Sleep Clause Mod: Limit one foe put to sleep
|teampreview


|
|start
|switch|p1a: E-liter|Inteleon, F|100\/100
|switch|p2a: Luna|Lycanroc-Midnight, F|374\/374
|turn|1


|
|detailschange|p1a: E-liter|Inteleon-Mega, F
|-mega|p1a: E-liter|Inteleon|Inteleite
|move|p1a: E-liter|U-turn|p2a: Luna
|-damage|p2a: Luna|203\/374


|c|☆BotwNerd745|Why so much damage


|
|switch|p1a: Beeeg|Golurk|100\/100|[from]move: U-turn
|move|p2a: Luna|Counter|p1a: Beeeg
|-immune|p1a: Beeeg
|
|upkeep
|turn|2


|c|☆inkbug1|could you have switched to literally anything else


|
|move|p2a: Luna|Stealth Rock|p1a: Beeeg
|-sidestart|p1: BotwNerd745|move: Stealth Rock
|move|p1a: Beeeg|Earthquake|p2a: Luna
|-supereffective|p2a: Luna
|-damage|p2a: Luna|0 fnt
|faint|p2a: Luna
|
|upkeep


|
|switch|p2a: Lewis|Gumshoos, M|380\/380
|turn|3


|
|detailschange|p2a: Lewis|Gumshoos-Mega, M
|-mega|p2a: Lewis|Gumshoos|Gumshoosite
|move|p2a: Lewis|Coil|p2a: Lewis
|-boost|p2a: Lewis|atk|1
|-boost|p2a: Lewis|def|1
|-boost|p2a: Lewis|accuracy|1
|move|p1a: Beeeg|Drain Punch|p2a: Lewis
|-supereffective|p2a: Lewis
|-crit|p2a: Lewis
|-damage|p2a: Lewis|0 fnt
|faint|p2a: Lewis
|
|upkeep


|c|☆BotwNerd745|WHY


|c|☆inkbug1|FOR FUCKS SAKE---


|
|switch|p2a: Eloise|Tsareena, F|348\/348
|turn|4


|
|move|p2a: Eloise|Knock Off|p1a: Beeeg
|-supereffective|p1a: Beeeg
|-damage|p1a: Beeeg|48\/100
|-enditem|p1a: Beeeg|Assault Vest|[from] move: Knock Off|[of] p2a: Eloise
|move|p1a: Beeeg|Fire Punch|p2a: Eloise
|-supereffective|p2a: Eloise
|-damage|p2a: Eloise|106\/348
|
|upkeep
|turn|5


|
|move|p2a: Eloise|Seed Bomb|p1a: Beeeg
|-supereffective|p1a: Beeeg
|-damage|p1a: Beeeg|0 fnt
|faint|p1a: Beeeg
|
|upkeep


|
|switch|p1a: Cheese|Weezing-Galar, M|100\/100
|-ability|p1a: Cheese|Neutralizing Gas
|-damage|p1a: Cheese|88\/100|[from] Stealth Rock
|turn|6


|
|switch|p2a: Gnocci|Pyukumuku, M|314\/314
|move|p1a: Cheese|Defog|p2a: Gnocci
|-unboost|p2a: Gnocci|evasion|1
|-sideend|p1: BotwNerd745|Stealth Rock|[from] move: Defog|[of] p1a: Cheese
|
|-heal|p1a: Cheese|94\/100|[from] item: Black Sludge
|upkeep
|turn|7


|
|move|p1a: Cheese|Strange Steam|p2a: Gnocci
|-damage|p2a: Gnocci|242\/314
|move|p2a: Gnocci|Mirror Coat|p1a: Cheese
|-damage|p1a: Cheese|46\/100
|
|-heal|p1a: Cheese|52\/100|[from] item: Black Sludge
|upkeep
|turn|8


|
|move|p1a: Cheese|Strange Steam|p2a: Gnocci
|-damage|p2a: Gnocci|169\/314
|-start|p2a: Gnocci|confusion
|-activate|p2a: Gnocci|confusion
|-damage|p2a: Gnocci|157\/314|[from] confusion
|
|-heal|p1a: Cheese|58\/100|[from] item: Black Sludge
|upkeep
|turn|9


|c|☆inkbug1|yea thats what i get


|c|☆BotwNerd745|How much hp does pyuku have


|
|move|p1a: Cheese|Strange Steam|p2a: Gnocci
|-damage|p2a: Gnocci|90\/314
|-end|p2a: Gnocci|confusion
|move|p2a: Gnocci|Recover|p2a: Gnocci
|-heal|p2a: Gnocci|247\/314
|
|-heal|p1a: Cheese|64\/100|[from] item: Black Sludge
|upkeep
|turn|10


|c|☆inkbug1|well dont ask me that


|
|switch|p1a: ZappyShark|Arctozolt|100\/100
|move|p2a: Gnocci|Mirror Coat||[still]
|-fail|p2a: Gnocci
|
|upkeep
|turn|11


|
|move|p1a: ZappyShark|Bolt Beak|p2a: Gnocci
|-supereffective|p2a: Gnocci
|-damage|p2a: Gnocci|0 fnt
|-damage|p1a: ZappyShark|25\/100|[from] ability: Innards Out|[of] p2a: Gnocci
|faint|p2a: Gnocci
|
|upkeep


|
|switch|p2a: Teddy|Raichu-Alola, M|324\/324
|turn|12


|c|☆BotwNerd745|Ow


|
|move|p2a: Teddy|Draining Kiss|p1a: ZappyShark
|-damage|p1a: ZappyShark|13\/100
|move|p1a: ZappyShark|Icicle Crash|p2a: Teddy
|-damage|p2a: Teddy|116\/324
|
|-heal|p2a: Teddy|136\/324|[from] item: Leftovers
|upkeep
|turn|13


|c|☆inkbug1|really


|
|move|p2a: Teddy|Volt Switch|p1a: ZappyShark
|-resisted|p1a: ZappyShark
|-damage|p1a: ZappyShark|0 fnt
|faint|p1a: ZappyShark


|
|switch|p2a: Hestia|Turtonator, F|273\/273
|
|upkeep


|
|switch|p1a: Specter|Aegislash, M, shiny|100\/100
|turn|14


|
|move|p1a: Specter|King's Shield|p1a: Specter
|-singleturn|p1a: Specter|Protect
|move|p2a: Hestia|Shell Smash|p2a: Hestia
|-unboost|p2a: Hestia|def|1
|-unboost|p2a: Hestia|spd|1
|-boost|p2a: Hestia|atk|2
|-boost|p2a: Hestia|spa|2
|-boost|p2a: Hestia|spe|2
|
|upkeep
|turn|15


|c|☆inkbug1|oh wow i misread that but it worked out


|c|☆BotwNerd745|Well


|c|☆BotwNerd745|i meant to switch to inteleon but


|c|☆inkbug1|fair enough :'D 


|c|☆BotwNerd745|My brain confused itself I guess


|
|-formechange|p1a: Specter|Aegislash-Blade||[from] ability: Stance Change
|move|p1a: Specter|Shadow Sneak|p2a: Hestia
|-damage|p2a: Hestia|174\/273
|move|p2a: Hestia|Flamethrower|p1a: Specter
|-supereffective|p1a: Specter
|-damage|p1a: Specter|0 fnt
|faint|p1a: Specter
|
|upkeep


|
|switch|p1a: Bubbles|Reuniclus, M|100\/100
|turn|16


|
|-zpower|p2a: Hestia
|move|p2a: Hestia|Inferno Overdrive|p1a: Bubbles|[zeffect]
|-damage|p1a: Bubbles|0 fnt
|replace|p1a: E-liter|Inteleon-Mega, F
|-end|p1a: E-liter|Illusion
|faint|p1a: E-liter
|
|upkeep


|
|switch|p1a: Bubbles|Reuniclus, M|100\/100
|turn|17


|c|☆inkbug1|oh i kind of wanted to zmove the actual reu


|c|☆inkbug1|asdafasf


|
|move|p2a: Hestia|Draco Meteor|p1a: Bubbles
|-damage|p1a: Bubbles|0 fnt
|-unboost|p2a: Hestia|spa|2
|faint|p1a: Bubbles
|
|upkeep


|c|☆inkbug1|that works


|
|switch|p1a: Cheese|Weezing-Galar, M|64\/100
|-ability|p1a: Cheese|Neutralizing Gas
|turn|18


|
|move|p2a: Hestia|Scorching Sands|p1a: Cheese
|-supereffective|p1a: Cheese
|-damage|p1a: Cheese|15\/100
|move|p1a: Cheese|Strange Steam|p2a: Hestia
|-damage|p2a: Hestia|0 fnt
|faint|p2a: Hestia
|
|-heal|p1a: Cheese|21\/100|[from] item: Black Sludge
|upkeep


|
|switch|p2a: Eloise|Tsareena, F|106\/348
|turn|19


|
|move|p2a: Eloise|Knock Off|p1a: Cheese
|-resisted|p1a: Cheese
|-damage|p1a: Cheese|8\/100
|-enditem|p1a: Cheese|Black Sludge|[from] move: Knock Off|[of] p2a: Eloise
|move|p1a: Cheese|Sludge Bomb|p2a: Eloise
|-supereffective|p2a: Eloise
|-damage|p2a: Eloise|0 fnt
|faint|p2a: Eloise
|
|upkeep


|
|switch|p2a: Teddy|Raichu-Alola, M|136\/324
|turn|20


|
|move|p2a: Teddy|Volt Switch|p1a: Cheese
|-damage|p1a: Cheese|0 fnt
|faint|p1a: Cheese
|
|win|inkbug1


|c|☆inkbug1|god gg 


|c|☆inkbug1|wild 


|c|☆BotwNerd745|gg


|c|☆inkbug1|i think i need to b done for th night


|c|☆inkbug1|sleepy 


|c|☆BotwNerd745|K
</script>
</div>
<div class="battle-log battle-log-inline"><div class="inner"><div class="battle-options"><div style="padding-top: 3px; padding-right: 3px; text-align: right"><button class="icon button" name="openBattleOptions" title="Options">Battle Options</button></div></div><div class="inner message-log"><div class="chat"><small>☆BotwNerd745 and ☆inkbug1 joined</small></div><div class=""><small>Format:</small> <br><strong>[Gen 8] Megas For All</strong></div><div class=""><small><em>HP Percentage Mod:</em> HP is shown in percentages</small></div><div class=""><small><em>Endless Battle Clause:</em> Forcing endless battles is banned</small></div><div class=""><small><em>OHKO Clause:</em> OHKO moves are banned</small></div><div class=""><small><em>Evasion Moves Clause:</em> Evasion moves are banned</small></div><div class=""><small><em>Species Clause:</em> Limit one of each Pokémon</small></div><div class=""><small><em>Dynamax Clause:</em> You cannot dynamax</small></div><div class=""><small><em>Sleep Clause Mod:</em> Limit one foe put to sleep</small></div><div class="chat battle-history"><strong>inkbug1's team:</strong> <em style="color:#445566;display:block;">Turtonator / Pyukumuku / Lycanroc-Midnight / Tsareena / Raichu-Alola / Gumshoos</em></div><div class="chat battle-history"><strong>BotwNerd745's team:</strong> <em style="color:#445566;display:block;">Inteleon / Arctozolt / Weezing-Galar / Reuniclus / Golurk / Aegislash</em></div><div class="spacer battle-history"><br></div><div class="battle-history">Battle started between BotwNerd745 and inkbug1!<br></div><div class="spacer battle-history"><br></div><div class="battle-history">BotwNerd745 sent out E-liter (<strong>Inteleon</strong>)!<br></div><div class="spacer battle-history"><br></div><div class="battle-history">Go! Luna (<strong>Lycanroc-Midnight</strong>)!<br></div><div class="spacer battle-history"><br></div><h2 class="battle-history">Turn 1</h2><div class="spacer battle-history"><br></div><div class="battle-history"><small>The opposing E-liter's Inteleite is reacting to the Key Stone!</small><br>The opposing E-liter has Mega Evolved into Mega Inteleon!<br></div><div class="spacer battle-history"><br></div><div class="battle-history">The opposing E-liter used <strong>U-turn</strong>!<br></div><div class="battle-history"><small>(Luna lost <abbr title="−171/374">45.7%</abbr> of its health!)</small><br></div><div class="chat chatmessage-botwnerd745"><strong style="color:#9835de"><small>☆</small><span class="username" data-name="BotwNerd745">BotwNerd745</span>:</strong> <em>Why so much damage</em></div><div class="spacer battle-history"><br></div><div class="battle-history">The opposing E-liter went back to BotwNerd745!<br></div><div class="battle-history">BotwNerd745 sent out Beeeg (<strong>Golurk</strong>)!<br></div><div class="spacer battle-history"><br></div><div class="battle-history">Luna used <strong>Counter</strong>!<br></div><div class="battle-history"><small>It doesn't affect the opposing Beeeg...</small><br></div><div class="spacer battle-history"><br></div><h2 class="battle-history">Turn 2</h2><div class="chat chatmessage-inkbug1 mine"><strong style="color:#e46e0f"><small>☆</small><span class="username" data-name="inkbug1">inkbug1</span>:</strong> <em>could you have switched to literally anything else</em></div><div class="spacer battle-history"><br></div><div class="battle-history">Luna used <strong>Stealth Rock</strong>!<br></div><div class="battle-history"><small>Pointed stones float in the air around the opposing team!</small><br></div><div class="spacer battle-history"><br></div><div class="battle-history">The opposing Beeeg used <strong>Earthquake</strong>!<br></div><div class="battle-history"><small>It's super effective!</small><br></div><div class="battle-history"><small>(Luna lost <abbr title="−203/374">54.3%</abbr> of its health!)</small><br></div><div class="spacer battle-history"><br></div><div class="battle-history">Luna fainted!<br></div><div class="spacer battle-history"><br></div><div class="battle-history">Go! Lewis (<strong>Gumshoos</strong>)!<br></div><div class="spacer battle-history"><br></div><h2 class="battle-history">Turn 3</h2><div class="spacer battle-history"><br></div><div class="battle-history"><small>Lewis's Gumshoosite is reacting to the Key Stone!</small><br>Lewis has Mega Evolved into Mega Gumshoos!<br></div><div class="spacer battle-history"><br></div><div class="battle-history">Lewis used <strong>Coil</strong>!<br></div><div class="battle-history"><small>Lewis's Attack rose!</small><br></div><div class="battle-history"><small>Lewis's Defense rose!</small><br></div><div class="battle-history"><small>Lewis's accuracy rose!</small><br></div><div class="spacer battle-history"><br></div><div class="battle-history">The opposing Beeeg used <strong>Drain Punch</strong>!<br></div><div class="battle-history"><small>It's super effective!</small><br></div><div class="battle-history"><small>A critical hit!</small><br></div><div class="battle-history"><small>(Lewis lost <abbr title="−380/380">100%</abbr> of its health!)</small><br></div><div class="spacer battle-history"><br></div><div class="battle-history">Lewis fainted!<br></div><div class="chat chatmessage-botwnerd745"><strong style="color:#9835de"><small>☆</small><span class="username" data-name="BotwNerd745">BotwNerd745</span>:</strong> <em>WHY</em></div><div class="chat chatmessage-inkbug1 mine"><strong style="color:#e46e0f"><small>☆</small><span class="username" data-name="inkbug1">inkbug1</span>:</strong> <em>FOR FUCKS SAKE---</em></div><div class="spacer battle-history"><br></div><div class="battle-history">Go! Eloise (<strong>Tsareena</strong>)!<br></div><div class="spacer battle-history"><br></div><h2 class="battle-history">Turn 4</h2><div class="spacer battle-history"><br></div><div class="battle-history">Eloise used <strong>Knock Off</strong>!<br></div><div class="battle-history"><small>It's super effective!</small><br></div><div class="battle-history"><small>(The opposing Beeeg lost 52% of its health!)</small><br></div><div class="battle-history"><small>Eloise knocked off the opposing Beeeg's Assault Vest!</small><br></div><div class="spacer battle-history"><br></div><div class="battle-history">The opposing Beeeg used <strong>Fire Punch</strong>!<br></div><div class="battle-history"><small>It's super effective!</small><br></div><div class="battle-history"><small>(Eloise lost <abbr title="−242/348">69.5%</abbr> of its health!)</small><br></div><div class="spacer battle-history"><br></div><h2 class="battle-history">Turn 5</h2><div class="spacer battle-history"><br></div><div class="battle-history">Eloise used <strong>Seed Bomb</strong>!<br></div><div class="battle-history"><small>It's super effective!</small><br></div><div class="battle-history"><small>(The opposing Beeeg lost 48% of its health!)</small><br></div><div class="spacer battle-history"><br></div><div class="battle-history">The opposing Beeeg fainted!<br></div><div class="spacer battle-history"><br></div><div class="battle-history">BotwNerd745 sent out Cheese (<strong>Weezing-Galar</strong>)!<br></div><div class="battle-history">[The opposing Cheese's Neutralizing Gas]<br><small>Neutralizing gas filled the area!</small><br></div><div class="battle-history"><small>Pointed stones dug into the opposing Cheese!</small><br></div><div class="spacer battle-history"><br></div><h2 class="battle-history">Turn 6</h2><div class="spacer battle-history"><br></div><div class="battle-history">Eloise, come back!<br></div><div class="battle-history">Go! Gnocci (<strong>Pyukumuku</strong>)!<br></div><div class="spacer battle-history"><br></div><div class="battle-history">The opposing Cheese used <strong>Defog</strong>!<br></div><div class="battle-history"><small>Gnocci's evasiveness fell!</small><br></div><div class="battle-history"><small>The pointed stones disappeared from around the opposing team!</small><br></div><div class="spacer battle-history"><br></div><div class="battle-history"><small>The opposing Cheese restored a little HP using its Black Sludge!</small><br></div><div class="spacer battle-history"><br></div><h2 class="battle-history">Turn 7</h2><div class="spacer battle-history"><br></div><div class="battle-history">The opposing Cheese used <strong>Strange Steam</strong>!<br></div><div class="battle-history"><small>(Gnocci lost <abbr title="−72/314">22.9%</abbr> of its health!)</small><br></div><div class="spacer battle-history"><br></div><div class="battle-history">Gnocci used <strong>Mirror Coat</strong>!<br></div><div class="battle-history"><small>(The opposing Cheese lost 48% of its health!)</small><br></div><div class="spacer battle-history"><br></div><div class="battle-history"><small>The opposing Cheese restored a little HP using its Black Sludge!</small><br></div><div class="spacer battle-history"><br></div><h2 class="battle-history">Turn 8</h2><div class="spacer battle-history"><br></div><div class="battle-history">The opposing Cheese used <strong>Strange Steam</strong>!<br></div><div class="battle-history"><small>(Gnocci lost <abbr title="−73/314">23.2%</abbr> of its health!)</small><br></div><div class="battle-history"><small>Gnocci became confused!</small><br></div><div class="spacer battle-history"><br></div><div class="battle-history"><small>Gnocci is confused!</small><br></div><div class="battle-history">It hurt itself in its confusion!<br></div><div class="spacer battle-history"><br></div><div class="battle-history"><small>The opposing Cheese restored a little HP using its Black Sludge!</small><br></div><div class="spacer battle-history"><br></div><h2 class="battle-history">Turn 9</h2><div class="chat chatmessage-inkbug1 mine"><strong style="color:#e46e0f"><small>☆</small><span class="username" data-name="inkbug1">inkbug1</span>:</strong> <em>yea thats what i get</em></div><div class="chat chatmessage-botwnerd745"><strong style="color:#9835de"><small>☆</small><span class="username" data-name="BotwNerd745">BotwNerd745</span>:</strong> <em>How much hp does pyuku have</em></div><div class="spacer battle-history"><br></div><div class="battle-history">The opposing Cheese used <strong>Strange Steam</strong>!<br></div><div class="battle-history"><small>(Gnocci lost <abbr title="−67/314">21.3%</abbr> of its health!)</small><br></div><div class="battle-history"><small>Gnocci snapped out of its confusion!</small><br></div><div class="spacer battle-history"><br></div><div class="battle-history">Gnocci used <strong>Recover</strong>!<br></div><div class="battle-history"><small>Gnocci had its HP restored.</small><br></div><div class="spacer battle-history"><br></div><div class="battle-history"><small>The opposing Cheese restored a little HP using its Black Sludge!</small><br></div><div class="spacer battle-history"><br></div><h2 class="battle-history">Turn 10</h2><div class="chat chatmessage-inkbug1 mine"><strong style="color:#e46e0f"><small>☆</small><span class="username" data-name="inkbug1">inkbug1</span>:</strong> <em>well dont ask me that</em></div><div class="spacer battle-history"><br></div><div class="battle-history">BotwNerd745 withdrew Cheese!<br></div><div class="battle-history">BotwNerd745 sent out ZappyShark (<strong>Arctozolt</strong>)!<br></div><div class="spacer battle-history"><br></div><div class="battle-history">Gnocci used <strong>Mirror Coat</strong>!<br></div><div class="battle-history"><small>But it failed!</small><br></div><div class="spacer battle-history"><br></div><h2 class="battle-history">Turn 11</h2><div class="spacer battle-history"><br></div><div class="battle-history">The opposing ZappyShark used <strong>Bolt Beak</strong>!<br></div><div class="battle-history"><small>It's super effective!</small><br></div><div class="battle-history"><small>(Gnocci lost <abbr title="−247/314">78.7%</abbr> of its health!)</small><br></div><div class="battle-history">[Gnocci's Innards Out]<br><small>The opposing ZappyShark was hurt!</small><br></div><div class="spacer battle-history"><br></div><div class="battle-history">Gnocci fainted!<br></div><div class="spacer battle-history"><br></div><div class="battle-history">Go! Teddy (<strong>Raichu-Alola</strong>)!<br></div><div class="spacer battle-history"><br></div><h2 class="battle-history">Turn 12</h2><div class="chat chatmessage-botwnerd745"><strong style="color:#9835de"><small>☆</small><span class="username" data-name="BotwNerd745">BotwNerd745</span>:</strong> <em>Ow</em></div><div class="spacer battle-history"><br></div><div class="battle-history">Teddy used <strong>Draining Kiss</strong>!<br></div><div class="battle-history"><small>(The opposing ZappyShark lost 12% of its health!)</small><br></div><div class="spacer battle-history"><br></div><div class="battle-history">The opposing ZappyShark used <strong>Icicle Crash</strong>!<br></div><div class="battle-history"><small>(Teddy lost <abbr title="−208/324">64.2%</abbr> of its health!)</small><br></div><div class="spacer battle-history"><br></div><div class="battle-history"><small>Teddy restored a little HP using its Leftovers!</small><br></div><div class="spacer battle-history"><br></div><h2 class="battle-history">Turn 13</h2><div class="chat chatmessage-inkbug1 mine"><strong style="color:#e46e0f"><small>☆</small><span class="username" data-name="inkbug1">inkbug1</span>:</strong> <em>really</em></div><div class="spacer battle-history"><br></div><div class="battle-history">Teddy used <strong>Volt Switch</strong>!<br></div><div class="battle-history"><small>It's not very effective...</small><br></div><div class="battle-history"><small>(The opposing ZappyShark lost 13% of its health!)</small><br></div><div class="spacer battle-history"><br></div><div class="battle-history">The opposing ZappyShark fainted!<br></div><div class="spacer battle-history"><br></div><div class="battle-history">Teddy went back to inkbug1!<br></div><div class="battle-history">Go! Hestia (<strong>Turtonator</strong>)!<br></div><div class="spacer battle-history"><br></div><div class="battle-history">BotwNerd745 sent out Specter (<strong>Aegislash</strong>)!<br></div><div class="spacer battle-history"><br></div><h2 class="battle-history">Turn 14</h2><div class="spacer battle-history"><br></div><div class="battle-history">The opposing Specter used <strong>King's Shield</strong>!<br></div><div class="battle-history"><small>The opposing Specter protected itself!</small><br></div><div class="spacer battle-history"><br></div><div class="battle-history">Hestia used <strong>Shell Smash</strong>!<br></div><div class="battle-history"><small>Hestia's Defense fell!</small><br></div><div class="battle-history"><small>Hestia's Sp. Def fell!</small><br></div><div class="battle-history"><small>Hestia's Attack rose sharply!</small><br></div><div class="battle-history"><small>Hestia's Sp. Atk rose sharply!</small><br></div><div class="battle-history"><small>Hestia's Speed rose sharply!</small><br></div><div class="spacer battle-history"><br></div><h2 class="battle-history">Turn 15</h2><div class="chat chatmessage-inkbug1 mine"><strong style="color:#e46e0f"><small>☆</small><span class="username" data-name="inkbug1">inkbug1</span>:</strong> <em>oh wow i misread that but it worked out</em></div><div class="chat chatmessage-botwnerd745"><strong style="color:#9835de"><small>☆</small><span class="username" data-name="BotwNerd745">BotwNerd745</span>:</strong> <em>Well</em></div><div class="chat chatmessage-botwnerd745"><strong style="color:#9835de"><small>☆</small><span class="username" data-name="BotwNerd745">BotwNerd745</span>:</strong> <em>i meant to switch to inteleon but</em></div><div class="chat chatmessage-inkbug1 mine"><strong style="color:#e46e0f"><small>☆</small><span class="username" data-name="inkbug1">inkbug1</span>:</strong> <em>fair enough :'D </em></div><div class="chat chatmessage-botwnerd745"><strong style="color:#9835de"><small>☆</small><span class="username" data-name="BotwNerd745">BotwNerd745</span>:</strong> <em>My brain confused itself I guess</em></div><div class="spacer battle-history"><br></div><div class="battle-history">[The opposing Specter's Stance Change]<br>Changed to Blade Forme!<br></div><div class="spacer battle-history"><br></div><div class="battle-history">The opposing Specter used <strong>Shadow Sneak</strong>!<br></div><div class="battle-history"><small>(Hestia lost <abbr title="−99/273">36.3%</abbr> of its health!)</small><br></div><div class="spacer battle-history"><br></div><div class="battle-history">Hestia used <strong>Flamethrower</strong>!<br></div><div class="battle-history"><small>It's super effective!</small><br></div><div class="battle-history"><small>(The opposing Specter lost 100% of its health!)</small><br></div><div class="spacer battle-history"><br></div><div class="battle-history">The opposing Specter fainted!<br></div><div class="spacer battle-history"><br></div><div class="battle-history">BotwNerd745 sent out Bubbles (<strong>Reuniclus</strong>)!<br></div><div class="spacer battle-history"><br></div><h2 class="battle-history">Turn 16</h2><div class="spacer battle-history"><br></div><div class="battle-history"><small>Hestia surrounded itself with its Z-Power!</small><br></div><div class="spacer battle-history"><br></div><div class="battle-history"><small>Hestia unleases its full-force Z-Move!</small><br>Hestia used <strong>Inferno Overdrive</strong>!<br></div><div class="battle-history"><small>(The opposing Bubbles lost 100% of its health!)</small><br></div><div class="battle-history"><small>The opposing E-liter's illusion wore off!</small><br></div><div class="spacer battle-history"><br></div><div class="battle-history">The opposing E-liter fainted!<br></div><div class="spacer battle-history"><br></div><div class="battle-history">BotwNerd745 sent out Bubbles (<strong>Reuniclus</strong>)!<br></div><div class="spacer battle-history"><br></div><h2 class="battle-history">Turn 17</h2><div class="chat chatmessage-inkbug1 mine"><strong style="color:#e46e0f"><small>☆</small><span class="username" data-name="inkbug1">inkbug1</span>:</strong> <em>oh i kind of wanted to zmove the actual reu</em></div><div class="chat chatmessage-inkbug1 mine"><strong style="color:#e46e0f"><small>☆</small><span class="username" data-name="inkbug1">inkbug1</span>:</strong> <em>asdafasf</em></div><div class="spacer battle-history"><br></div><div class="battle-history">Hestia used <strong>Draco Meteor</strong>!<br></div><div class="battle-history"><small>(The opposing Bubbles lost 100% of its health!)</small><br></div><div class="battle-history"><small>Hestia's Sp. Atk fell harshly!</small><br></div><div class="spacer battle-history"><br></div><div class="battle-history">The opposing Bubbles fainted!<br></div><div class="chat chatmessage-inkbug1 mine"><strong style="color:#e46e0f"><small>☆</small><span class="username" data-name="inkbug1">inkbug1</span>:</strong> <em>that works</em></div><div class="spacer battle-history"><br></div><div class="battle-history">BotwNerd745 sent out Cheese (<strong>Weezing-Galar</strong>)!<br></div><div class="battle-history">[The opposing Cheese's Neutralizing Gas]<br><small>Neutralizing gas filled the area!</small><br></div><div class="spacer battle-history"><br></div><h2 class="battle-history">Turn 18</h2><div class="spacer battle-history"><br></div><div class="battle-history">Hestia used <strong>Scorching Sands</strong>!<br></div><div class="battle-history"><small>It's super effective!</small><br></div><div class="battle-history"><small>(The opposing Cheese lost 49% of its health!)</small><br></div><div class="spacer battle-history"><br></div><div class="battle-history">The opposing Cheese used <strong>Strange Steam</strong>!<br></div><div class="battle-history"><small>(Hestia lost <abbr title="−174/273">63.7%</abbr> of its health!)</small><br></div><div class="spacer battle-history"><br></div><div class="battle-history">Hestia fainted!<br></div><div class="spacer battle-history"><br></div><div class="battle-history"><small>The opposing Cheese restored a little HP using its Black Sludge!</small><br></div><div class="spacer battle-history"><br></div><div class="battle-history">Go! Eloise (<strong>Tsareena</strong>)!<br></div><div class="spacer battle-history"><br></div><h2 class="battle-history">Turn 19</h2><div class="spacer battle-history"><br></div><div class="battle-history">Eloise used <strong>Knock Off</strong>!<br></div><div class="battle-history"><small>It's not very effective...</small><br></div><div class="battle-history"><small>(The opposing Cheese lost 13% of its health!)</small><br></div><div class="battle-history"><small>Eloise knocked off the opposing Cheese's Black Sludge!</small><br></div><div class="spacer battle-history"><br></div><div class="battle-history">The opposing Cheese used <strong>Sludge Bomb</strong>!<br></div><div class="battle-history"><small>It's super effective!</small><br></div><div class="battle-history"><small>(Eloise lost <abbr title="−106/348">30.5%</abbr> of its health!)</small><br></div><div class="spacer battle-history"><br></div><div class="battle-history">Eloise fainted!<br></div><div class="spacer battle-history"><br></div><div class="battle-history">Go! Teddy (<strong>Raichu-Alola</strong>)!<br></div><div class="spacer battle-history"><br></div><h2 class="battle-history">Turn 20</h2><div class="spacer battle-history"><br></div><div class="battle-history">Teddy used <strong>Volt Switch</strong>!<br></div><div class="battle-history"><small>(The opposing Cheese lost 8% of its health!)</small><br></div><div class="spacer battle-history"><br></div><div class="battle-history">The opposing Cheese fainted!<br></div><div class="spacer battle-history"><br></div><div class="battle-history"><strong>inkbug1</strong> won the battle!<br></div><div class="chat chatmessage-inkbug1 mine"><strong style="color:#e46e0f"><small>☆</small><span class="username" data-name="inkbug1">inkbug1</span>:</strong> <em>god gg </em></div><div class="chat chatmessage-inkbug1 mine"><strong style="color:#e46e0f"><small>☆</small><span class="username" data-name="inkbug1">inkbug1</span>:</strong> <em>wild </em></div><div class="chat chatmessage-botwnerd745"><strong style="color:#9835de"><small>☆</small><span class="username" data-name="BotwNerd745">BotwNerd745</span>:</strong> <em>gg</em></div><div class="chat chatmessage-inkbug1 mine"><strong style="color:#e46e0f"><small>☆</small><span class="username" data-name="inkbug1">inkbug1</span>:</strong> <em>i think i need to b done for th night</em></div><div class="chat chatmessage-inkbug1 mine"><strong style="color:#e46e0f"><small>☆</small><span class="username" data-name="inkbug1">inkbug1</span>:</strong> <em>sleepy </em></div><div class="chat chatmessage-botwnerd745"><strong style="color:#9835de"><small>☆</small><span class="username" data-name="BotwNerd745">BotwNerd745</span>:</strong> <em>K</em></div></div><div class="inner-preempt message-log"></div></div></div>
</div>
<script>
let daily = Math.floor(Date.now()/1000/60/60/24);document.write('<script src="https://play.pokemonshowdown.com/js/replay-embed.js?version'+daily+'"></'+'script>');
</script>
