<!DOCTYPE html>
<meta charset="utf-8" />
<!-- version 1 -->
<title>[Gen 8] Megas for All replay: ThatTheDamned vs. Sticky Fingaa</title>
<style>
html,body {font-family:Verdana, sans-serif;font-size:10pt;margin:0;padding:0;}body{padding:12px 0;} .battle-log {font-family:Verdana, sans-serif;font-size:10pt;} .battle-log-inline {border:1px solid #AAAAAA;background:#EEF2F5;color:black;max-width:640px;margin:0 auto 80px;padding-bottom:5px;} .battle-log .inner {padding:4px 8px 0px 8px;} .battle-log .inner-preempt {padding:0 8px 4px 8px;} .battle-log .inner-after {margin-top:0.5em;} .battle-log h2 {margin:0.5em -8px;padding:4px 8px;border:1px solid #AAAAAA;background:#E0E7EA;border-left:0;border-right:0;font-family:Verdana, sans-serif;font-size:13pt;} .battle-log .chat {vertical-align:middle;padding:3px 0 3px 0;font-size:8pt;} .battle-log .chat strong {color:#40576A;} .battle-log .chat em {padding:1px 4px 1px 3px;color:#000000;font-style:normal;} .chat.mine {background:rgba(0,0,0,0.05);margin-left:-8px;margin-right:-8px;padding-left:8px;padding-right:8px;} .spoiler {color:#BBBBBB;background:#BBBBBB;padding:0px 3px;} .spoiler:hover, .spoiler:active, .spoiler-shown {color:#000000;background:#E2E2E2;padding:0px 3px;} .spoiler a {color:#BBBBBB;} .spoiler:hover a, .spoiler:active a, .spoiler-shown a {color:#2288CC;} .chat code, .chat .spoiler:hover code, .chat .spoiler:active code, .chat .spoiler-shown code {border:1px solid #C0C0C0;background:#EEEEEE;color:black;padding:0 2px;} .chat .spoiler code {border:1px solid #CCCCCC;background:#CCCCCC;color:#CCCCCC;} .battle-log .rated {padding:3px 4px;} .battle-log .rated strong {color:white;background:#89A;padding:1px 4px;border-radius:4px;} .spacer {margin-top:0.5em;} .message-announce {background:#6688AA;color:white;padding:1px 4px 2px;} .message-announce a, .broadcast-green a, .broadcast-blue a, .broadcast-red a {color:#DDEEFF;} .broadcast-green {background-color:#559955;color:white;padding:2px 4px;} .broadcast-blue {background-color:#6688AA;color:white;padding:2px 4px;} .infobox {border:1px solid #6688AA;padding:2px 4px;} .infobox-limited {max-height:200px;overflow:auto;overflow-x:hidden;} .broadcast-red {background-color:#AA5544;color:white;padding:2px 4px;} .message-learn-canlearn {font-weight:bold;color:#228822;text-decoration:underline;} .message-learn-cannotlearn {font-weight:bold;color:#CC2222;text-decoration:underline;} .message-effect-weak {font-weight:bold;color:#CC2222;} .message-effect-resist {font-weight:bold;color:#6688AA;} .message-effect-immune {font-weight:bold;color:#666666;} .message-learn-list {margin-top:0;margin-bottom:0;} .message-throttle-notice, .message-error {color:#992222;} .message-overflow, .chat small.message-overflow {font-size:0pt;} .message-overflow::before {font-size:9pt;content:'...';} .subtle {color:#3A4A66;}
</style>
<div class="wrapper replay-wrapper" style="max-width:1180px;margin:0 auto">
<input type="hidden" name="replayid" value="dragonheaven-gen8megasforall-293" />
<div class="battle"></div><div class="battle-log"></div><div class="replay-controls"></div><div class="replay-controls-2"></div>
<h1 style="font-weight:normal;text-align:center"><strong>[Gen 8] Megas for All</strong><br /><a href="http://pokemonshowdown.com/users/thatthedamned" class="subtle" target="_blank">ThatTheDamned</a> vs. <a href="http://pokemonshowdown.com/users/stickyfingaa" class="subtle" target="_blank">Sticky Fingaa</a></h1>
<script type="text/plain" class="battle-log-data">|j|☆ThatTheDamned
|j|☆Sticky Fingaa
|t:|1615668915
|player|p1|ThatTheDamned|bugcatcher|
|player|p2|Sticky Fingaa|cress|
|teamsize|p1|6
|teamsize|p2|6
|gametype|singles
|gen|8
|tier|[Gen 8] Megas for All
|clearpoke
|poke|p1|Exploud, M|
|poke|p1|Zapdos-Galar|
|poke|p1|Heatran, M|
|poke|p1|Tangrowth, M|
|poke|p1|Tapu Fini|
|poke|p1|Swampert, M|
|poke|p2|Flygon, F|
|poke|p2|Rotom-Wash|
|poke|p2|Clefable, M|
|poke|p2|Tangrowth, M|
|poke|p2|Volcanion|
|poke|p2|Landorus-Therian, M|
|rule|HP Percentage Mod: HP is shown in percentages
|rule|Endless Battle Clause: Forcing endless battles is banned
|rule|OHKO Clause: OHKO moves are banned
|rule|Evasion Moves Clause: Evasion moves are banned
|rule|Species Clause: Limit one of each Pokémon
|rule|Dynamax Clause: You cannot dynamax
|rule|Sleep Clause Mod: Limit one foe put to sleep
|rule|Freeze Clause Mod: Limit one foe frozen
|raw|<img src="https:\/\/www.smogon.com\/forums\/attachments\/banner_2-png.302358\/" height="65" width="381">
|-message|Welcome to Megas for All!
|-message|This is a National Dex-based format where we aim to give a new Mega Evolution to every Pokémon.
|-message|Just like any official format, you can still only Mega Evolve one Pokémon per team!
|-message|You can find our thread and metagame resources here:
|-message|https:\/\/www.smogon.com\/forums\/threads\/3671140\/
|teampreview
|j|+inkbug1

|c|☆Sticky Fingaa|hf
|j| BlaueBrause
|c|☆ThatTheDamned|You too.
|j| TheMainMon
|
|t:|1615668959
|start
|switch|p1a: Exploud|Exploud, M|100\/100
|switch|p2a: Volcanion|Volcanion|100\/100
|turn|1
|c| TheMainMon|Watch out, his fingers are sticky. So there might be some hax at use
|
|t:|1615668972
|switch|p2a: Tangrowth|Tangrowth, M|100\/100
|detailschange|p1a: Exploud|Exploud-Mega, M
|-mega|p1a: Exploud|Exploud|Exploudite
|-start|p1a: Exploud|typechange|Normal\/Dragon|[silent]
|raw|<ul class="utilichart"><li class="result"><span class="col pokemonnamecol" style="white-space: nowrap">Exploud-Mega<\/span> <span class="col typecol"><img src="https:\/\/play.pokemonshowdown.com\/sprites\/types\/Normal.png" alt="Normal" height="14" width="32"><img src="https:\/\/play.pokemonshowdown.com\/sprites\/types\/Dragon.png" alt="Dragon" height="14" width="32"><\/span> <span style="float: left ; min-height: 26px"><span class="col abilitycol">Seismic Scream<\/span><span class="col abilitycol"><\/span><\/span><span style="float: left ; min-height: 26px"><span class="col statcol"><em>HP<\/em><br>104<\/span> <span class="col statcol"><em>Atk<\/em><br>101<\/span> <span class="col statcol"><em>Def<\/em><br>73<\/span> <span class="col statcol"><em>SpA<\/em><br>101<\/span> <span class="col statcol"><em>SpD<\/em><br>113<\/span> <span class="col statcol"><em>Spe<\/em><br>98<\/span> <\/span><\/li><li style="clear: both"><\/li><\/ul>
|move|p1a: Exploud|Boomburst|p2a: Tangrowth
|-damage|p2a: Tangrowth|60\/100
|move|p1a: Exploud|Earthquake|p2a: Tangrowth|[from]ability: Seismic Scream
|-resisted|p2a: Tangrowth
|-damage|p2a: Tangrowth|54\/100
|
|upkeep
|turn|2
|
|t:|1615668996
|move|p1a: Exploud|Flamethrower|p2a: Tangrowth
|-supereffective|p2a: Tangrowth
|-damage|p2a: Tangrowth|22\/100
|move|p2a: Tangrowth|Giga Drain|p1a: Exploud
|-resisted|p1a: Exploud
|-damage|p1a: Exploud|88\/100
|-heal|p2a: Tangrowth|27\/100|[from] drain|[of] p1a: Exploud
|
|upkeep
|turn|3
|
|t:|1615669004
|switch|p2a: Rotom|Rotom-Wash|100\/100
|move|p1a: Exploud|Boomburst|p2a: Rotom
|-damage|p2a: Rotom|34\/100
|move|p1a: Exploud|Earthquake|p2a: Rotom|[from]ability: Seismic Scream
|-immune|p2a: Rotom|[from] ability: Levitate
|
|-heal|p2a: Rotom|40\/100|[from] item: Leftovers
|upkeep
|turn|4
|
|t:|1615669015
|move|p1a: Exploud|Boomburst|p2a: Rotom
|-damage|p2a: Rotom|0 fnt
|faint|p2a: Rotom
|
|upkeep
|
|t:|1615669029
|switch|p2a: Clefable|Clefable, M|100\/100
|turn|5
|
|t:|1615669040
|switch|p1a: Heatran|Heatran, M|100\/100
|move|p2a: Clefable|Calm Mind|p2a: Clefable
|-boost|p2a: Clefable|spa|1
|-boost|p2a: Clefable|spd|1
|
|upkeep
|turn|6
|
|t:|1615669048
|switch|p2a: Volcanion|Volcanion|100\/100
|move|p1a: Heatran|Flash Cannon|p2a: Volcanion
|-resisted|p2a: Volcanion
|-damage|p2a: Volcanion|91\/100
|
|upkeep
|turn|7
|j| pupugugu
|
|t:|1615669059
|switch|p1a: Exploud|Exploud-Mega, M|88\/100
|-start|p1a: Exploud|typechange|Normal\/Dragon|[silent]
|move|p2a: Volcanion|Sludge Wave|p1a: Exploud
|-damage|p1a: Exploud|43\/100
|
|upkeep
|turn|8
|c|☆Sticky Fingaa|now someone have to pay the price
|
|t:|1615669097
|switch|p2a: Tangrowth|Tangrowth, M|60\/100
|move|p1a: Exploud|Boomburst|p2a: Tangrowth
|-damage|p2a: Tangrowth|22\/100
|move|p1a: Exploud|Earthquake|p2a: Tangrowth|[from]ability: Seismic Scream
|-resisted|p2a: Tangrowth
|-damage|p2a: Tangrowth|16\/100
|
|upkeep
|turn|9
|
|t:|1615669106
|move|p1a: Exploud|Boomburst|p2a: Tangrowth
|-damage|p2a: Tangrowth|0 fnt
|faint|p2a: Tangrowth
|
|upkeep
|
|t:|1615669110
|switch|p2a: Clefable|Clefable, M|100\/100
|turn|10
|c| TheMainMon|Me (laughter internally at the amount of damage delt to the Tangrowth through the Seismic Scream)
|
|t:|1615669117
|switch|p1a: Heatran|Heatran, M|100\/100
|switch|p2a: Volcanion|Volcanion|91\/100
|
|upkeep
|turn|11
|
|t:|1615669126
|switch|p1a: Swampert|Swampert, M|100\/100
|move|p2a: Volcanion|Steam Eruption|p1a: Swampert
|-damage|p1a: Swampert|41\/100
|-status|p1a: Swampert|brn
|
|-heal|p1a: Swampert|47\/100 brn|[from] item: Leftovers
|-damage|p1a: Swampert|41\/100 brn|[from] brn
|upkeep
|turn|12
|j| Maxouille
|
|t:|1615669137
|switch|p1a: Tapu Fini|Tapu Fini|100\/100
|-fieldstart|move: Misty Terrain|[from] ability: Misty Surge|[of] p1a: Tapu Fini
|move|p2a: Volcanion|Steam Eruption|p1a: Tapu Fini
|-resisted|p1a: Tapu Fini
|-damage|p1a: Tapu Fini|67\/100
|
|-heal|p1a: Tapu Fini|73\/100|[from] item: Leftovers
|upkeep
|turn|13
|
|t:|1615669147
|switch|p2a: Clefable|Clefable, M|100\/100
|move|p1a: Tapu Fini|Moonblast|p2a: Clefable
|-damage|p2a: Clefable|71\/100
|
|-heal|p1a: Tapu Fini|80\/100|[from] item: Leftovers
|upkeep
|turn|14
|
|t:|1615669155
|move|p1a: Tapu Fini|Taunt|p2a: Clefable
|-start|p2a: Clefable|move: Taunt
|cant|p2a: Clefable|move: Taunt|Calm Mind
|
|-heal|p1a: Tapu Fini|86\/100|[from] item: Leftovers
|upkeep
|turn|15
|
|t:|1615669161
|switch|p2a: Volcanion|Volcanion|91\/100
|move|p1a: Tapu Fini|Moonblast|p2a: Volcanion
|-resisted|p2a: Volcanion
|-damage|p2a: Volcanion|73\/100
|
|-heal|p1a: Tapu Fini|92\/100|[from] item: Leftovers
|upkeep
|turn|16
|
|t:|1615669171
|move|p1a: Tapu Fini|Moonblast|p2a: Volcanion
|-resisted|p2a: Volcanion
|-damage|p2a: Volcanion|57\/100
|-unboost|p2a: Volcanion|spa|1
|move|p2a: Volcanion|Steam Eruption|p1a: Tapu Fini
|-resisted|p1a: Tapu Fini
|-damage|p1a: Tapu Fini|69\/100
|
|-heal|p1a: Tapu Fini|75\/100|[from] item: Leftovers
|-fieldend|Misty Terrain
|upkeep
|turn|17
|
|t:|1615669181
|switch|p2a: Landorus|Landorus-Therian, M|100\/100
|-ability|p2a: Landorus|Intimidate|boost
|-unboost|p1a: Tapu Fini|atk|1
|move|p1a: Tapu Fini|Moonblast|p2a: Landorus
|-damage|p2a: Landorus|58\/100
|
|-heal|p1a: Tapu Fini|81\/100|[from] item: Leftovers
|upkeep
|turn|18
|
|t:|1615669191
|switch|p1a: Zapdos|Zapdos-Galar|100\/100
|move|p2a: Landorus|Stealth Rock|p1a: Zapdos
|-sidestart|p1: ThatTheDamned|move: Stealth Rock
|
|upkeep
|turn|19
|
|t:|1615669197
|move|p1a: Zapdos|Brave Bird|p2a: Landorus
|-damage|p2a: Landorus|0 fnt
|-damage|p1a: Zapdos|84\/100|[from] item: Rocky Helmet|[of] p2a: Landorus
|-damage|p1a: Zapdos|65\/100|[from] Recoil
|faint|p2a: Landorus
|
|upkeep
|
|t:|1615669204
|switch|p2a: Clefable|Clefable, M|71\/100
|turn|20
|
|t:|1615669211
|switch|p1a: Heatran|Heatran, M|100\/100
|-damage|p1a: Heatran|88\/100|[from] Stealth Rock
|move|p2a: Clefable|Soft-Boiled|p2a: Clefable
|-heal|p2a: Clefable|100\/100
|
|-heal|p1a: Heatran|94\/100|[from] item: Leftovers
|upkeep
|turn|21
|
|t:|1615669220
|move|p1a: Heatran|Earth Power|p2a: Clefable
|-damage|p2a: Clefable|69\/100
|-unboost|p2a: Clefable|spd|1
|move|p2a: Clefable|Calm Mind|p2a: Clefable
|-boost|p2a: Clefable|spa|1
|-boost|p2a: Clefable|spd|1
|
|-heal|p1a: Heatran|100\/100|[from] item: Leftovers
|upkeep
|turn|22
|
|t:|1615669230
|switch|p2a: Volcanion|Volcanion|57\/100
|move|p1a: Heatran|Magma Storm|p2a: Volcanion
|-resisted|p2a: Volcanion
|-damage|p2a: Volcanion|43\/100
|-activate|p2a: Volcanion|move: Magma Storm|[of] p1a: Heatran
|
|-damage|p2a: Volcanion|30\/100|[from] move: Magma Storm|[partiallytrapped]
|upkeep
|turn|23
|
|t:|1615669248
|switch|p1a: Swampert|Swampert, M|41\/100 brn
|-damage|p1a: Swampert|35\/100 brn|[from] Stealth Rock
|move|p2a: Volcanion|Earth Power|p1a: Swampert
|-damage|p1a: Swampert|2\/100 brn
|
|-heal|p1a: Swampert|8\/100 brn|[from] item: Leftovers
|-damage|p1a: Swampert|2\/100 brn|[from] brn
|-end|p2a: Volcanion|Magma Storm|[partiallytrapped]|[silent]
|upkeep
|turn|24
|
|t:|1615669259
|move|p2a: Volcanion|Earth Power|p1a: Swampert
|-damage|p1a: Swampert|0 fnt
|faint|p1a: Swampert
|
|upkeep
|
|t:|1615669263
|switch|p1a: Zapdos|Zapdos-Galar|65\/100
|-damage|p1a: Zapdos|52\/100|[from] Stealth Rock
|turn|25
|
|t:|1615669270
|move|p1a: Zapdos|Brave Bird|p2a: Volcanion
|-damage|p2a: Volcanion|0 fnt
|-damage|p1a: Zapdos|41\/100|[from] Recoil
|faint|p2a: Volcanion
|
|upkeep
|
|t:|1615669272
|switch|p2a: Clefable|Clefable, M|69\/100
|turn|26
|
|t:|1615669281
|switch|p1a: Heatran|Heatran, M|100\/100
|-damage|p1a: Heatran|88\/100|[from] Stealth Rock
|move|p2a: Clefable|Soft-Boiled|p2a: Clefable
|-heal|p2a: Clefable|100\/100
|
|-heal|p1a: Heatran|94\/100|[from] item: Leftovers
|upkeep
|turn|27
|
|t:|1615669289
|move|p1a: Heatran|Flash Cannon|p2a: Clefable
|-supereffective|p2a: Clefable
|-damage|p2a: Clefable|17\/100
|move|p2a: Clefable|Calm Mind|p2a: Clefable
|-boost|p2a: Clefable|spa|1
|-boost|p2a: Clefable|spd|1
|
|-heal|p1a: Heatran|100\/100|[from] item: Leftovers
|upkeep
|turn|28
|
|t:|1615669297
|move|p1a: Heatran|Flash Cannon|p2a: Clefable
|-supereffective|p2a: Clefable
|-damage|p2a: Clefable|0 fnt
|faint|p2a: Clefable
|
|upkeep
|
|t:|1615669300
|switch|p2a: Flygon|Flygon, F|100\/100
|turn|29
|j| Coppersmith
|c| Coppersmith|losers finals?
|
|t:|1615669320
|move|p2a: Flygon|Dragon Dance|p2a: Flygon
|-boost|p2a: Flygon|atk|1
|-boost|p2a: Flygon|spe|1
|move|p1a: Heatran|Flash Cannon|p2a: Flygon
|-damage|p2a: Flygon|41\/100
|
|upkeep
|turn|30
|
|t:|1615669327
|detailschange|p2a: Flygon|Flygon-Mega, F
|-mega|p2a: Flygon|Flygon|Flygonite
|-ability|p2a: Flygon|Desert Gales
|-weather|Desert Gales|[silent]
|-message|Desert gales kicked up!
|-message|Normal-type moves will become Ground-type.
|-message|Rock-, Ground- and Steel-type moves will also have their power increased.
|-message|Other weather-related moves and Abilities will behave as they do in sandstorm.
|-start|p2a: Flygon|typechange|Ground\/Dragon|[silent]
|raw|<ul class="utilichart"><li class="result"><span class="col pokemonnamecol" style="white-space: nowrap">Flygon-Mega<\/span> <span class="col typecol"><img src="https:\/\/play.pokemonshowdown.com\/sprites\/types\/Ground.png" alt="Ground" height="14" width="32"><img src="https:\/\/play.pokemonshowdown.com\/sprites\/types\/Dragon.png" alt="Dragon" height="14" width="32"><\/span> <span style="float: left ; min-height: 26px"><span class="col abilitycol">Desert Gales<\/span><span class="col abilitycol"><\/span><\/span><span style="float: left ; min-height: 26px"><span class="col statcol"><em>HP<\/em><br>80<\/span> <span class="col statcol"><em>Atk<\/em><br>130<\/span> <span class="col statcol"><em>Def<\/em><br>95<\/span> <span class="col statcol"><em>SpA<\/em><br>105<\/span> <span class="col statcol"><em>SpD<\/em><br>105<\/span> <span class="col statcol"><em>Spe<\/em><br>105<\/span> <\/span><\/li><li style="clear: both"><\/li><\/ul>
|-message|Extreme Speed became Ground-type in the desert gales!
|move|p2a: Flygon|Extreme Speed|p1a: Heatran
|-message|Extreme Speed was powered up by the desert gales!
|-supereffective|p1a: Heatran
|-damage|p1a: Heatran|0 fnt
|faint|p1a: Heatran
|
|-weather|Desert Gales|[upkeep]
|-message|The desert gales are raging!
|upkeep
|c|☆ThatTheDamned|Oh, right. That's a neat interaction.
|
|t:|1615669345
|switch|p1a: Tangrowth|Tangrowth, M|100\/100
|-damage|p1a: Tangrowth|88\/100|[from] Stealth Rock
|turn|31
|
|t:|1615669352
|move|p2a: Flygon|Dragon Claw|p1a: Tangrowth
|-damage|p1a: Tangrowth|49\/100
|-damage|p2a: Flygon|25\/100|[from] item: Rocky Helmet|[of] p1a: Tangrowth
|move|p1a: Tangrowth|Hidden Power|p2a: Flygon
|-supereffective|p2a: Flygon
|-damage|p2a: Flygon|0 fnt
|faint|p2a: Flygon
|
|win|ThatTheDamned
|c|☆ThatTheDamned|gg
|c|☆Sticky Fingaa|gg
|l|☆Sticky Fingaa
|c| Coppersmith|gg
|l| TheMainMon</script>
</div>
<div class="battle-log battle-log-inline"><div class="inner"><div class="battle-options"><div style="padding-top: 3px; padding-right: 3px; text-align: right"><button class="icon button" name="openBattleOptions" title="Options">Battle Options</button></div></div><div class="inner message-log"><div class="chat"><small>☆ThatTheDamned and ☆Sticky Fingaa joined</small></div><div class=""><small>Format:</small> <br><strong>[Gen 8] Megas for All</strong></div><div class=""><small><em>HP Percentage Mod:</em> HP is shown in percentages</small></div><div class=""><small><em>Endless Battle Clause:</em> Forcing endless battles is banned</small></div><div class=""><small><em>OHKO Clause:</em> OHKO moves are banned</small></div><div class=""><small><em>Evasion Moves Clause:</em> Evasion moves are banned</small></div><div class=""><small><em>Species Clause:</em> Limit one of each Pokémon</small></div><div class=""><small><em>Dynamax Clause:</em> You cannot dynamax</small></div><div class=""><small><em>Sleep Clause Mod:</em> Limit one foe put to sleep</small></div><div class=""><small><em>Freeze Clause Mod:</em> Limit one foe frozen</small></div><div class="chat"><img src="https://www.smogon.com/forums/attachments/banner_2-png.302358/" height="65" width="381"></div><div class="spacer battle-history"><br></div><div class="battle-history"><small>Welcome to Megas for All!</small><br></div><div class="battle-history"><small>This is a National Dex-based format where we aim to give a new Mega Evolution to every Pokémon.</small><br></div><div class="battle-history"><small>Just like any official format, you can still only Mega Evolve one Pokémon per team!</small><br></div><div class="battle-history"><small>You can find our thread and metagame resources here:</small><br></div><div class="battle-history"><small>https://www.smogon.com/forums/threads/3671140/</small><br></div><div class="chat battle-history"><strong>ThatTheDamned's team:</strong> <em style="color:#445566;display:block;">Exploud / Zapdos-Galar / Heatran / Tangrowth / Tapu Fini / Swampert</em></div><div class="chat battle-history"><strong>Sticky Fingaa's team:</strong> <em style="color:#445566;display:block;">Flygon / Rotom-Wash / Clefable / Tangrowth / Volcanion / Landorus-Therian</em></div><div class="chat"><small>+inkbug1 joined</small></div><div class="chat chatmessage-stickyfingaa"><strong style="color:#e76311"><small>☆</small><span class="username" data-name="Sticky Fingaa">Sticky Fingaa</span>:</strong> <em>hf</em></div><div class="chat chatmessage-thatthedamned"><strong style="color:#ae6012"><small>☆</small><span class="username" data-name="ThatTheDamned">ThatTheDamned</span>:</strong> <em>You too.</em></div><div class="chat"><small> BlaueBrause and  TheMainMon joined</small></div><div class="spacer battle-history"><br></div><div class="battle-history">Battle started between ThatTheDamned and Sticky Fingaa!<br></div><div class="spacer battle-history"><br></div><div class="battle-history">Go! <strong>Exploud</strong>!<br></div><div class="spacer battle-history"><br></div><div class="battle-history">Sticky Fingaa sent out <strong>Volcanion</strong>!<br></div><div class="spacer battle-history"><br></div><h2 class="battle-history">Turn 1</h2><div class="chat chatmessage-themainmon"><strong style="color:#5878b8"><small> </small><span class="username" data-name="TheMainMon">TheMainMon</span>:</strong> <em>Watch out, his fingers are sticky. So there might be some hax at use</em></div><div class="spacer battle-history"><br></div><div class="battle-history">Sticky Fingaa withdrew Volcanion!<br></div><div class="battle-history">Sticky Fingaa sent out <strong>Tangrowth</strong>!<br></div><div class="spacer battle-history"><br></div><div class="battle-history"><small>Exploud's Exploudite is reacting to the Key Stone!</small><br>Exploud has Mega Evolved into Mega Exploud!<br></div><div class="chat"><ul class="utilichart"><li class="result"><span class="col pokemonnamecol" style="white-space: nowrap">Exploud-Mega</span> <span class="col typecol"><img src="https://play.pokemonshowdown.com/sprites/types/Normal.png" alt="Normal" height="14" width="32"><img src="https://play.pokemonshowdown.com/sprites/types/Dragon.png" alt="Dragon" height="14" width="32"></span> <span style="float: left ; min-height: 26px"><span class="col abilitycol">Seismic Scream</span><span class="col abilitycol"></span></span><span style="float: left ; min-height: 26px"><span class="col statcol"><em>HP</em><br>104</span> <span class="col statcol"><em>Atk</em><br>101</span> <span class="col statcol"><em>Def</em><br>73</span> <span class="col statcol"><em>SpA</em><br>101</span> <span class="col statcol"><em>SpD</em><br>113</span> <span class="col statcol"><em>Spe</em><br>98</span> </span></li><li style="clear: both"></li></ul></div><div class="spacer battle-history"><br></div><div class="battle-history">Exploud used <strong>Boomburst</strong>!<br></div><div class="battle-history"><small>(The opposing Tangrowth lost 40% of its health!)</small><br></div><div class="spacer battle-history"><br></div><div class="battle-history">[Exploud's Seismic Scream]<br>Exploud used <strong>Earthquake</strong>!<br></div><div class="battle-history"><small>It's not very effective...</small><br></div><div class="battle-history"><small>(The opposing Tangrowth lost 6% of its health!)</small><br></div><div class="spacer battle-history"><br></div><h2 class="battle-history">Turn 2</h2><div class="spacer battle-history"><br></div><div class="battle-history">Exploud used <strong>Flamethrower</strong>!<br></div><div class="battle-history"><small>It's super effective!</small><br></div><div class="battle-history"><small>(The opposing Tangrowth lost 32% of its health!)</small><br></div><div class="spacer battle-history"><br></div><div class="battle-history">The opposing Tangrowth used <strong>Giga Drain</strong>!<br></div><div class="battle-history"><small>It's not very effective...</small><br></div><div class="battle-history"><small>(Exploud lost 12% of its health!)</small><br></div><div class="battle-history"><small>Exploud had its energy drained!</small><br></div><div class="spacer battle-history"><br></div><h2 class="battle-history">Turn 3</h2><div class="spacer battle-history"><br></div><div class="battle-history">Sticky Fingaa withdrew Tangrowth!<br></div><div class="battle-history">Sticky Fingaa sent out Rotom (<strong>Rotom-Wash</strong>)!<br></div><div class="spacer battle-history"><br></div><div class="battle-history">Exploud used <strong>Boomburst</strong>!<br></div><div class="battle-history"><small>(The opposing Rotom lost 66% of its health!)</small><br></div><div class="spacer battle-history"><br></div><div class="battle-history">[Exploud's Seismic Scream]<br>Exploud used <strong>Earthquake</strong>!<br></div><div class="battle-history">[The opposing Rotom's Levitate]<br><small>It doesn't affect the opposing Rotom...</small><br></div><div class="spacer battle-history"><br></div><div class="battle-history"><small>The opposing Rotom restored a little HP using its Leftovers!</small><br></div><div class="spacer battle-history"><br></div><h2 class="battle-history">Turn 4</h2><div class="spacer battle-history"><br></div><div class="battle-history">Exploud used <strong>Boomburst</strong>!<br></div><div class="battle-history"><small>(The opposing Rotom lost 40% of its health!)</small><br></div><div class="spacer battle-history"><br></div><div class="battle-history">The opposing Rotom fainted!<br></div><div class="spacer battle-history"><br></div><div class="battle-history">Sticky Fingaa sent out <strong>Clefable</strong>!<br></div><div class="spacer battle-history"><br></div><h2 class="battle-history">Turn 5</h2><div class="spacer battle-history"><br></div><div class="battle-history">Exploud, come back!<br></div><div class="battle-history">Go! <strong>Heatran</strong>!<br></div><div class="spacer battle-history"><br></div><div class="battle-history">The opposing Clefable used <strong>Calm Mind</strong>!<br></div><div class="battle-history"><small>The opposing Clefable's Sp. Atk rose!</small><br></div><div class="battle-history"><small>The opposing Clefable's Sp. Def rose!</small><br></div><div class="spacer battle-history"><br></div><h2 class="battle-history">Turn 6</h2><div class="spacer battle-history"><br></div><div class="battle-history">Sticky Fingaa withdrew Clefable!<br></div><div class="battle-history">Sticky Fingaa sent out <strong>Volcanion</strong>!<br></div><div class="spacer battle-history"><br></div><div class="battle-history">Heatran used <strong>Flash Cannon</strong>!<br></div><div class="battle-history"><small>It's not very effective...</small><br></div><div class="battle-history"><small>(The opposing Volcanion lost 9% of its health!)</small><br></div><div class="spacer battle-history"><br></div><h2 class="battle-history">Turn 7</h2><div class="chat"><small> pupugugu joined</small></div><div class="spacer battle-history"><br></div><div class="battle-history">Heatran, come back!<br></div><div class="battle-history">Go! Exploud (<strong>Exploud-Mega</strong>)!<br></div><div class="spacer battle-history"><br></div><div class="battle-history">The opposing Volcanion used <strong>Sludge Wave</strong>!<br></div><div class="battle-history"><small>(Exploud lost 45% of its health!)</small><br></div><div class="spacer battle-history"><br></div><h2 class="battle-history">Turn 8</h2><div class="chat chatmessage-stickyfingaa"><strong style="color:#e76311"><small>☆</small><span class="username" data-name="Sticky Fingaa">Sticky Fingaa</span>:</strong> <em>now someone have to pay the price</em></div><div class="spacer battle-history"><br></div><div class="battle-history">Sticky Fingaa withdrew Volcanion!<br></div><div class="battle-history">Sticky Fingaa sent out <strong>Tangrowth</strong>!<br></div><div class="spacer battle-history"><br></div><div class="battle-history">Exploud used <strong>Boomburst</strong>!<br></div><div class="battle-history"><small>(The opposing Tangrowth lost 38% of its health!)</small><br></div><div class="spacer battle-history"><br></div><div class="battle-history">[Exploud's Seismic Scream]<br>Exploud used <strong>Earthquake</strong>!<br></div><div class="battle-history"><small>It's not very effective...</small><br></div><div class="battle-history"><small>(The opposing Tangrowth lost 6% of its health!)</small><br></div><div class="spacer battle-history"><br></div><h2 class="battle-history">Turn 9</h2><div class="spacer battle-history"><br></div><div class="battle-history">Exploud used <strong>Boomburst</strong>!<br></div><div class="battle-history"><small>(The opposing Tangrowth lost 16% of its health!)</small><br></div><div class="spacer battle-history"><br></div><div class="battle-history">The opposing Tangrowth fainted!<br></div><div class="spacer battle-history"><br></div><div class="battle-history">Sticky Fingaa sent out <strong>Clefable</strong>!<br></div><div class="spacer battle-history"><br></div><h2 class="battle-history">Turn 10</h2><div class="chat chatmessage-themainmon"><strong style="color:#5878b8"><small> </small><span class="username" data-name="TheMainMon">TheMainMon</span>:</strong> <em>Me (laughter internally at the amount of damage delt to the Tangrowth through the Seismic Scream)</em></div><div class="spacer battle-history"><br></div><div class="battle-history">Exploud, come back!<br></div><div class="battle-history">Go! <strong>Heatran</strong>!<br></div><div class="spacer battle-history"><br></div><div class="battle-history">Sticky Fingaa withdrew Clefable!<br></div><div class="battle-history">Sticky Fingaa sent out <strong>Volcanion</strong>!<br></div><div class="spacer battle-history"><br></div><h2 class="battle-history">Turn 11</h2><div class="spacer battle-history"><br></div><div class="battle-history">Heatran, come back!<br></div><div class="battle-history">Go! <strong>Swampert</strong>!<br></div><div class="spacer battle-history"><br></div><div class="battle-history">The opposing Volcanion used <strong>Steam Eruption</strong>!<br></div><div class="battle-history"><small>(Swampert lost 59% of its health!)</small><br></div><div class="battle-history"><small>Swampert was burned!</small><br></div><div class="spacer battle-history"><br></div><div class="battle-history"><small>Swampert restored a little HP using its Leftovers!</small><br></div><div class="battle-history"><small>Swampert was hurt by its burn!</small><br></div><div class="spacer battle-history"><br></div><h2 class="battle-history">Turn 12</h2><div class="chat"><small> Maxouille joined</small></div><div class="spacer battle-history"><br></div><div class="battle-history">Swampert, come back!<br></div><div class="battle-history">Go! <strong>Tapu Fini</strong>!<br></div><div class="battle-history">[Tapu Fini's Misty Surge]<br><small>Mist swirled around the battlefield!</small><br></div><div class="spacer battle-history"><br></div><div class="battle-history">The opposing Volcanion used <strong>Steam Eruption</strong>!<br></div><div class="battle-history"><small>It's not very effective...</small><br></div><div class="battle-history"><small>(Tapu Fini lost 33% of its health!)</small><br></div><div class="spacer battle-history"><br></div><div class="battle-history"><small>Tapu Fini restored a little HP using its Leftovers!</small><br></div><div class="spacer battle-history"><br></div><h2 class="battle-history">Turn 13</h2><div class="spacer battle-history"><br></div><div class="battle-history">Sticky Fingaa withdrew Volcanion!<br></div><div class="battle-history">Sticky Fingaa sent out <strong>Clefable</strong>!<br></div><div class="spacer battle-history"><br></div><div class="battle-history">Tapu Fini used <strong>Moonblast</strong>!<br></div><div class="battle-history"><small>(The opposing Clefable lost 29% of its health!)</small><br></div><div class="spacer battle-history"><br></div><div class="battle-history"><small>Tapu Fini restored a little HP using its Leftovers!</small><br></div><div class="spacer battle-history"><br></div><h2 class="battle-history">Turn 14</h2><div class="spacer battle-history"><br></div><div class="battle-history">Tapu Fini used <strong>Taunt</strong>!<br></div><div class="battle-history"><small>The opposing Clefable fell for the taunt!</small><br></div><div class="spacer battle-history"><br></div><div class="battle-history">The opposing Clefable can't use Calm Mind after the taunt!<br></div><div class="spacer battle-history"><br></div><div class="battle-history"><small>Tapu Fini restored a little HP using its Leftovers!</small><br></div><div class="spacer battle-history"><br></div><h2 class="battle-history">Turn 15</h2><div class="spacer battle-history"><br></div><div class="battle-history">Sticky Fingaa withdrew Clefable!<br></div><div class="battle-history">Sticky Fingaa sent out <strong>Volcanion</strong>!<br></div><div class="spacer battle-history"><br></div><div class="battle-history">Tapu Fini used <strong>Moonblast</strong>!<br></div><div class="battle-history"><small>It's not very effective...</small><br></div><div class="battle-history"><small>(The opposing Volcanion lost 18% of its health!)</small><br></div><div class="spacer battle-history"><br></div><div class="battle-history"><small>Tapu Fini restored a little HP using its Leftovers!</small><br></div><div class="spacer battle-history"><br></div><h2 class="battle-history">Turn 16</h2><div class="spacer battle-history"><br></div><div class="battle-history">Tapu Fini used <strong>Moonblast</strong>!<br></div><div class="battle-history"><small>It's not very effective...</small><br></div><div class="battle-history"><small>(The opposing Volcanion lost 16% of its health!)</small><br></div><div class="battle-history"><small>The opposing Volcanion's Sp. Atk fell!</small><br></div><div class="spacer battle-history"><br></div><div class="battle-history">The opposing Volcanion used <strong>Steam Eruption</strong>!<br></div><div class="battle-history"><small>It's not very effective...</small><br></div><div class="battle-history"><small>(Tapu Fini lost 23% of its health!)</small><br></div><div class="spacer battle-history"><br></div><div class="battle-history"><small>Tapu Fini restored a little HP using its Leftovers!</small><br></div><div class="battle-history"><small>The mist disappeared from the battlefield.</small><br></div><div class="spacer battle-history"><br></div><h2 class="battle-history">Turn 17</h2><div class="spacer battle-history"><br></div><div class="battle-history">Sticky Fingaa withdrew Volcanion!<br></div><div class="battle-history">Sticky Fingaa sent out Landorus (<strong>Landorus-Therian</strong>)!<br></div><div class="battle-history">[The opposing Landorus's Intimidate]<br></div><div class="battle-history"><small>Tapu Fini's Attack fell!</small><br></div><div class="spacer battle-history"><br></div><div class="battle-history">Tapu Fini used <strong>Moonblast</strong>!<br></div><div class="battle-history"><small>(The opposing Landorus lost 42% of its health!)</small><br></div><div class="spacer battle-history"><br></div><div class="battle-history"><small>Tapu Fini restored a little HP using its Leftovers!</small><br></div><div class="spacer battle-history"><br></div><h2 class="battle-history">Turn 18</h2><div class="spacer battle-history"><br></div><div class="battle-history">Tapu Fini, come back!<br></div><div class="battle-history">Go! Zapdos (<strong>Zapdos-Galar</strong>)!<br></div><div class="spacer battle-history"><br></div><div class="battle-history">The opposing Landorus used <strong>Stealth Rock</strong>!<br></div><div class="battle-history"><small>Pointed stones float in the air around your team!</small><br></div><div class="spacer battle-history"><br></div><h2 class="battle-history">Turn 19</h2><div class="spacer battle-history"><br></div><div class="battle-history">Zapdos used <strong>Brave Bird</strong>!<br></div><div class="battle-history"><small>(The opposing Landorus lost 58% of its health!)</small><br></div><div class="battle-history"><small>Zapdos was hurt by the Rocky Helmet!</small><br></div><div class="battle-history"><small>Zapdos was damaged by the recoil!</small><br></div><div class="spacer battle-history"><br></div><div class="battle-history">The opposing Landorus fainted!<br></div><div class="spacer battle-history"><br></div><div class="battle-history">Sticky Fingaa sent out <strong>Clefable</strong>!<br></div><div class="spacer battle-history"><br></div><h2 class="battle-history">Turn 20</h2><div class="spacer battle-history"><br></div><div class="battle-history">Zapdos, come back!<br></div><div class="battle-history">Go! <strong>Heatran</strong>!<br></div><div class="battle-history"><small>Pointed stones dug into Heatran!</small><br></div><div class="spacer battle-history"><br></div><div class="battle-history">The opposing Clefable used <strong>Soft-Boiled</strong>!<br></div><div class="battle-history"><small>The opposing Clefable had its HP restored.</small><br></div><div class="spacer battle-history"><br></div><div class="battle-history"><small>Heatran restored a little HP using its Leftovers!</small><br></div><div class="spacer battle-history"><br></div><h2 class="battle-history">Turn 21</h2><div class="spacer battle-history"><br></div><div class="battle-history">Heatran used <strong>Earth Power</strong>!<br></div><div class="battle-history"><small>(The opposing Clefable lost 31% of its health!)</small><br></div><div class="battle-history"><small>The opposing Clefable's Sp. Def fell!</small><br></div><div class="spacer battle-history"><br></div><div class="battle-history">The opposing Clefable used <strong>Calm Mind</strong>!<br></div><div class="battle-history"><small>The opposing Clefable's Sp. Atk rose!</small><br></div><div class="battle-history"><small>The opposing Clefable's Sp. Def rose!</small><br></div><div class="spacer battle-history"><br></div><div class="battle-history"><small>Heatran restored a little HP using its Leftovers!</small><br></div><div class="spacer battle-history"><br></div><h2 class="battle-history">Turn 22</h2><div class="spacer battle-history"><br></div><div class="battle-history">Sticky Fingaa withdrew Clefable!<br></div><div class="battle-history">Sticky Fingaa sent out <strong>Volcanion</strong>!<br></div><div class="spacer battle-history"><br></div><div class="battle-history">Heatran used <strong>Magma Storm</strong>!<br></div><div class="battle-history"><small>It's not very effective...</small><br></div><div class="battle-history"><small>(The opposing Volcanion lost 14% of its health!)</small><br></div><div class="battle-history"><small>The opposing Volcanion became trapped by swirling magma!</small><br></div><div class="spacer battle-history"><br></div><div class="battle-history"><small>The opposing Volcanion is hurt by Magma Storm!</small><br></div><div class="spacer battle-history"><br></div><h2 class="battle-history">Turn 23</h2><div class="spacer battle-history"><br></div><div class="battle-history">Heatran, come back!<br></div><div class="battle-history">Go! <strong>Swampert</strong>!<br></div><div class="battle-history"><small>Pointed stones dug into Swampert!</small><br></div><div class="spacer battle-history"><br></div><div class="battle-history">The opposing Volcanion used <strong>Earth Power</strong>!<br></div><div class="battle-history"><small>(Swampert lost 33% of its health!)</small><br></div><div class="spacer battle-history"><br></div><div class="battle-history"><small>Swampert restored a little HP using its Leftovers!</small><br></div><div class="battle-history"><small>Swampert was hurt by its burn!</small><br></div><div class="spacer battle-history"><br></div><h2 class="battle-history">Turn 24</h2><div class="spacer battle-history"><br></div><div class="battle-history">The opposing Volcanion used <strong>Earth Power</strong>!<br></div><div class="battle-history"><small>(Swampert lost 2% of its health!)</small><br></div><div class="spacer battle-history"><br></div><div class="battle-history">Swampert fainted!<br></div><div class="spacer battle-history"><br></div><div class="battle-history">Go! Zapdos (<strong>Zapdos-Galar</strong>)!<br></div><div class="battle-history"><small>Pointed stones dug into Zapdos!</small><br></div><div class="spacer battle-history"><br></div><h2 class="battle-history">Turn 25</h2><div class="spacer battle-history"><br></div><div class="battle-history">Zapdos used <strong>Brave Bird</strong>!<br></div><div class="battle-history"><small>(The opposing Volcanion lost 30% of its health!)</small><br></div><div class="battle-history"><small>Zapdos was damaged by the recoil!</small><br></div><div class="spacer battle-history"><br></div><div class="battle-history">The opposing Volcanion fainted!<br></div><div class="spacer battle-history"><br></div><div class="battle-history">Sticky Fingaa sent out <strong>Clefable</strong>!<br></div><div class="spacer battle-history"><br></div><h2 class="battle-history">Turn 26</h2><div class="spacer battle-history"><br></div><div class="battle-history">Zapdos, come back!<br></div><div class="battle-history">Go! <strong>Heatran</strong>!<br></div><div class="battle-history"><small>Pointed stones dug into Heatran!</small><br></div><div class="spacer battle-history"><br></div><div class="battle-history">The opposing Clefable used <strong>Soft-Boiled</strong>!<br></div><div class="battle-history"><small>The opposing Clefable had its HP restored.</small><br></div><div class="spacer battle-history"><br></div><div class="battle-history"><small>Heatran restored a little HP using its Leftovers!</small><br></div><div class="spacer battle-history"><br></div><h2 class="battle-history">Turn 27</h2><div class="spacer battle-history"><br></div><div class="battle-history">Heatran used <strong>Flash Cannon</strong>!<br></div><div class="battle-history"><small>It's super effective!</small><br></div><div class="battle-history"><small>(The opposing Clefable lost 83% of its health!)</small><br></div><div class="spacer battle-history"><br></div><div class="battle-history">The opposing Clefable used <strong>Calm Mind</strong>!<br></div><div class="battle-history"><small>The opposing Clefable's Sp. Atk rose!</small><br></div><div class="battle-history"><small>The opposing Clefable's Sp. Def rose!</small><br></div><div class="spacer battle-history"><br></div><div class="battle-history"><small>Heatran restored a little HP using its Leftovers!</small><br></div><div class="spacer battle-history"><br></div><h2 class="battle-history">Turn 28</h2><div class="spacer battle-history"><br></div><div class="battle-history">Heatran used <strong>Flash Cannon</strong>!<br></div><div class="battle-history"><small>It's super effective!</small><br></div><div class="battle-history"><small>(The opposing Clefable lost 17% of its health!)</small><br></div><div class="spacer battle-history"><br></div><div class="battle-history">The opposing Clefable fainted!<br></div><div class="spacer battle-history"><br></div><div class="battle-history">Sticky Fingaa sent out <strong>Flygon</strong>!<br></div><div class="spacer battle-history"><br></div><h2 class="battle-history">Turn 29</h2><div class="chat"><small> Coppersmith joined</small></div><div class="chat chatmessage-coppersmith"><strong style="color:#0aa445"><small> </small><span class="username" data-name="Coppersmith">Coppersmith</span>:</strong> <em>losers finals?</em></div><div class="spacer battle-history"><br></div><div class="battle-history">The opposing Flygon used <strong>Dragon Dance</strong>!<br></div><div class="battle-history"><small>The opposing Flygon's Attack rose!</small><br></div><div class="battle-history"><small>The opposing Flygon's Speed rose!</small><br></div><div class="spacer battle-history"><br></div><div class="battle-history">Heatran used <strong>Flash Cannon</strong>!<br></div><div class="battle-history"><small>(The opposing Flygon lost 59% of its health!)</small><br></div><div class="spacer battle-history"><br></div><h2 class="battle-history">Turn 30</h2><div class="spacer battle-history"><br></div><div class="battle-history"><small>The opposing Flygon's Flygonite is reacting to the Key Stone!</small><br>The opposing Flygon has Mega Evolved into Mega Flygon!<br></div><div class="battle-history">[The opposing Flygon's Desert Gales]<br></div><div class="battle-history"><small>Desert gales kicked up!</small><br></div><div class="battle-history"><small>Normal-type moves will become Ground-type.</small><br></div><div class="battle-history"><small>Rock-, Ground- and Steel-type moves will also have their power increased.</small><br></div><div class="battle-history"><small>Other weather-related moves and Abilities will behave as they do in sandstorm.</small><br></div><div class="chat"><ul class="utilichart"><li class="result"><span class="col pokemonnamecol" style="white-space: nowrap">Flygon-Mega</span> <span class="col typecol"><img src="https://play.pokemonshowdown.com/sprites/types/Ground.png" alt="Ground" height="14" width="32"><img src="https://play.pokemonshowdown.com/sprites/types/Dragon.png" alt="Dragon" height="14" width="32"></span> <span style="float: left ; min-height: 26px"><span class="col abilitycol">Desert Gales</span><span class="col abilitycol"></span></span><span style="float: left ; min-height: 26px"><span class="col statcol"><em>HP</em><br>80</span> <span class="col statcol"><em>Atk</em><br>130</span> <span class="col statcol"><em>Def</em><br>95</span> <span class="col statcol"><em>SpA</em><br>105</span> <span class="col statcol"><em>SpD</em><br>105</span> <span class="col statcol"><em>Spe</em><br>105</span> </span></li><li style="clear: both"></li></ul></div><div class="battle-history"><small>Extreme Speed became Ground-type in the desert gales!</small><br></div><div class="spacer battle-history"><br></div><div class="battle-history">The opposing Flygon used <strong>Extreme Speed</strong>!<br></div><div class="battle-history"><small>Extreme Speed was powered up by the desert gales!</small><br></div><div class="battle-history"><small>It's super effective!</small><br></div><div class="battle-history"><small>(Heatran lost 100% of its health!)</small><br></div><div class="spacer battle-history"><br></div><div class="battle-history">Heatran fainted!<br></div><div class="spacer battle-history"><br></div><div class="battle-history"><small>The desert gales are raging!</small><br></div><div class="chat chatmessage-thatthedamned"><strong style="color:#ae6012"><small>☆</small><span class="username" data-name="ThatTheDamned">ThatTheDamned</span>:</strong> <em>Oh, right. That's a neat interaction.</em></div><div class="spacer battle-history"><br></div><div class="battle-history">Go! <strong>Tangrowth</strong>!<br></div><div class="battle-history"><small>Pointed stones dug into Tangrowth!</small><br></div><div class="spacer battle-history"><br></div><h2 class="battle-history">Turn 31</h2><div class="spacer battle-history"><br></div><div class="battle-history">The opposing Flygon used <strong>Dragon Claw</strong>!<br></div><div class="battle-history"><small>(Tangrowth lost 39% of its health!)</small><br></div><div class="battle-history"><small>The opposing Flygon was hurt by the Rocky Helmet!</small><br></div><div class="spacer battle-history"><br></div><div class="battle-history">Tangrowth used <strong>Hidden Power</strong>!<br></div><div class="battle-history"><small>It's super effective!</small><br></div><div class="battle-history"><small>(The opposing Flygon lost 25% of its health!)</small><br></div><div class="spacer battle-history"><br></div><div class="battle-history">The opposing Flygon fainted!<br></div><div class="spacer battle-history"><br></div><div class="battle-history"><strong>ThatTheDamned</strong> won the battle!<br></div><div class="chat chatmessage-thatthedamned"><strong style="color:#ae6012"><small>☆</small><span class="username" data-name="ThatTheDamned">ThatTheDamned</span>:</strong> <em>gg</em></div><div class="chat chatmessage-stickyfingaa"><strong style="color:#e76311"><small>☆</small><span class="username" data-name="Sticky Fingaa">Sticky Fingaa</span>:</strong> <em>gg</em></div><div class="chat"><small>☆Sticky Fingaa left</small></div><div class="chat chatmessage-coppersmith"><strong style="color:#0aa445"><small> </small><span class="username" data-name="Coppersmith">Coppersmith</span>:</strong> <em>gg</em></div><div class="chat"><small> TheMainMon left</small></div></div><div class="inner-preempt message-log"></div></div></div>
</div>
<script>
let daily = Math.floor(Date.now()/1000/60/60/24);document.write('<script src="https://dragonheaven.herokuapp.com/js/replay-embed.js?version'+daily+'"></'+'script>');
</script>
