<!DOCTYPE html>
<meta charset="utf-8" />
<!-- version 1 -->
<title>[Gen 8] Megas for All replay: aausma vs. Mossy Sandwich</title>
<style>
html,body {font-family:Verdana, sans-serif;font-size:10pt;margin:0;padding:0;}body{padding:12px 0;} .battle-log {font-family:Verdana, sans-serif;font-size:10pt;} .battle-log-inline {border:1px solid #AAAAAA;background:#EEF2F5;color:black;max-width:640px;margin:0 auto 80px;padding-bottom:5px;} .battle-log .inner {padding:4px 8px 0px 8px;} .battle-log .inner-preempt {padding:0 8px 4px 8px;} .battle-log .inner-after {margin-top:0.5em;} .battle-log h2 {margin:0.5em -8px;padding:4px 8px;border:1px solid #AAAAAA;background:#E0E7EA;border-left:0;border-right:0;font-family:Verdana, sans-serif;font-size:13pt;} .battle-log .chat {vertical-align:middle;padding:3px 0 3px 0;font-size:8pt;} .battle-log .chat strong {color:#40576A;} .battle-log .chat em {padding:1px 4px 1px 3px;color:#000000;font-style:normal;} .chat.mine {background:rgba(0,0,0,0.05);margin-left:-8px;margin-right:-8px;padding-left:8px;padding-right:8px;} .spoiler {color:#BBBBBB;background:#BBBBBB;padding:0px 3px;} .spoiler:hover, .spoiler:active, .spoiler-shown {color:#000000;background:#E2E2E2;padding:0px 3px;} .spoiler a {color:#BBBBBB;} .spoiler:hover a, .spoiler:active a, .spoiler-shown a {color:#2288CC;} .chat code, .chat .spoiler:hover code, .chat .spoiler:active code, .chat .spoiler-shown code {border:1px solid #C0C0C0;background:#EEEEEE;color:black;padding:0 2px;} .chat .spoiler code {border:1px solid #CCCCCC;background:#CCCCCC;color:#CCCCCC;} .battle-log .rated {padding:3px 4px;} .battle-log .rated strong {color:white;background:#89A;padding:1px 4px;border-radius:4px;} .spacer {margin-top:0.5em;} .message-announce {background:#6688AA;color:white;padding:1px 4px 2px;} .message-announce a, .broadcast-green a, .broadcast-blue a, .broadcast-red a {color:#DDEEFF;} .broadcast-green {background-color:#559955;color:white;padding:2px 4px;} .broadcast-blue {background-color:#6688AA;color:white;padding:2px 4px;} .infobox {border:1px solid #6688AA;padding:2px 4px;} .infobox-limited {max-height:200px;overflow:auto;overflow-x:hidden;} .broadcast-red {background-color:#AA5544;color:white;padding:2px 4px;} .message-learn-canlearn {font-weight:bold;color:#228822;text-decoration:underline;} .message-learn-cannotlearn {font-weight:bold;color:#CC2222;text-decoration:underline;} .message-effect-weak {font-weight:bold;color:#CC2222;} .message-effect-resist {font-weight:bold;color:#6688AA;} .message-effect-immune {font-weight:bold;color:#666666;} .message-learn-list {margin-top:0;margin-bottom:0;} .message-throttle-notice, .message-error {color:#992222;} .message-overflow, .chat small.message-overflow {font-size:0pt;} .message-overflow::before {font-size:9pt;content:'...';} .subtle {color:#3A4A66;}
</style>
<div class="wrapper replay-wrapper" style="max-width:1180px;margin:0 auto">
<input type="hidden" name="replayid" value="dragonheaven-gen8megasforall-303" />
<div class="battle"></div><div class="battle-log"></div><div class="replay-controls"></div><div class="replay-controls-2"></div>
<h1 style="font-weight:normal;text-align:center"><strong>[Gen 8] Megas for All</strong><br /><a href="http://pokemonshowdown.com/users/aausma" class="subtle" target="_blank">aausma</a> vs. <a href="http://pokemonshowdown.com/users/mossysandwich" class="subtle" target="_blank">Mossy Sandwich</a></h1>
<script type="text/plain" class="battle-log-data">|j|☆aausma
|j|☆Mossy Sandwich
|t:|1609881163
|player|p1|aausma|265|
|player|p2|Mossy Sandwich|266|
|teamsize|p1|6
|teamsize|p2|6
|gametype|singles
|gen|8
|tier|[Gen 8] Megas for All
|clearpoke
|poke|p1|Flygon, M|
|poke|p1|Toxtricity, F|
|poke|p1|Rillaboom, M|
|poke|p1|Corviknight, F|
|poke|p1|Excadrill, M|
|poke|p1|Tyranitar, M|
|poke|p2|Talonflame, F|
|poke|p2|Rillaboom, F|
|poke|p2|Corviknight, M|
|poke|p2|Blissey, F|
|poke|p2|Greninja, M|
|poke|p2|Landorus-Therian, M|
|rule|HP Percentage Mod: HP is shown in percentages
|rule|Endless Battle Clause: Forcing endless battles is banned
|rule|OHKO Clause: OHKO moves are banned
|rule|Evasion Moves Clause: Evasion moves are banned
|rule|Species Clause: Limit one of each Pokémon
|rule|Dynamax Clause: You cannot dynamax
|rule|Sleep Clause Mod: Limit one foe put to sleep
|rule|Freeze Clause Mod: Limit one foe frozen
|teampreview
|c|☆Mossy Sandwich|gl hf!
|j| inkbug1

|c|☆aausma|u2u2
|
|t:|1609881188
|start
|switch|p1a: Tyranitar|Tyranitar, M|100\/100
|switch|p2a: Talonflame|Talonflame, F|100\/100
|-weather|Sandstorm|[from] ability: Sand Stream|[of] p1a: Tyranitar
|turn|1
|
|t:|1609881195
|detailschange|p2a: Talonflame|Talonflame-Mega, F
|-mega|p2a: Talonflame|Talonflame|Talonflite
|-start|p2a: Talonflame|typechange|Fire\/Flying|[silent]
|raw|<ul class="utilichart"><li class="result"><span class="col pokemonnamecol" style="white-space: nowrap">Talonflame-Mega<\/span> <span class="col typecol"><img src="https:\/\/play.pokemonshowdown.com\/sprites\/types\/Fire.png" alt="Fire" height="14" width="32"><img src="https:\/\/play.pokemonshowdown.com\/sprites\/types\/Flying.png" alt="Flying" height="14" width="32"><\/span> <span style="float: left ; min-height: 26px"><span class="col abilitycol">Bird of Prey<\/span><span class="col abilitycol"><\/span><\/span><span style="float: left ; min-height: 26px"><span class="col statcol"><em>HP<\/em><br>78<\/span> <span class="col statcol"><em>Atk<\/em><br>81<\/span> <span class="col statcol"><em>Def<\/em><br>71<\/span> <span class="col statcol"><em>SpA<\/em><br>134<\/span> <span class="col statcol"><em>SpD<\/em><br>69<\/span> <span class="col statcol"><em>Spe<\/em><br>166<\/span> <\/span><\/li><li style="clear: both"><\/li><\/ul>
|move|p2a: Talonflame|U-turn|p1a: Tyranitar
|-supereffective|p1a: Tyranitar
|-damage|p1a: Tyranitar|83\/100
|
|t:|1609881200
|-activate|p2a: Talonflame|move: Pursuit
|move|p1a: Tyranitar|Pursuit|p2a: Talonflame|[from]Pursuit
|-damage|p2a: Talonflame|51\/100
|switch|p2a: Corviknight|Corviknight, M|100\/100|[from]move: U-turn
|-ability|p2a: Corviknight|Pressure
|
|-weather|Sandstorm|[upkeep]
|-heal|p1a: Tyranitar|89\/100|[from] item: Leftovers
|upkeep
|turn|2
|
|t:|1609881222
|move|p2a: Corviknight|U-turn|p1a: Tyranitar
|-supereffective|p1a: Tyranitar
|-damage|p1a: Tyranitar|64\/100
|
|t:|1609881224
|switch|p2a: Landorus|Landorus-Therian, M|100\/100|[from]move: U-turn
|-ability|p2a: Landorus|Intimidate|boost
|-unboost|p1a: Tyranitar|atk|1
|move|p1a: Tyranitar|Stealth Rock|p2a: Landorus
|-sidestart|p2: Mossy Sandwich|move: Stealth Rock
|
|-weather|Sandstorm|[upkeep]
|-heal|p1a: Tyranitar|70\/100|[from] item: Leftovers
|upkeep
|turn|3
|
|t:|1609881237
|switch|p1a: Corviknight|Corviknight, F|100\/100
|-ability|p1a: Corviknight|Pressure
|move|p2a: Landorus|Rock Polish|p2a: Landorus
|-boost|p2a: Landorus|spe|2
|
|-weather|Sandstorm|[upkeep]
|upkeep
|turn|4
|
|t:|1609881243
|move|p2a: Landorus|Swords Dance|p2a: Landorus
|-boost|p2a: Landorus|atk|2
|move|p1a: Corviknight|U-turn|p2a: Landorus
|-resisted|p2a: Landorus
|-damage|p2a: Landorus|92\/100
|
|t:|1609881249
|switch|p1a: Rillaboom|Rillaboom, M|100\/100|[from]move: U-turn
|-fieldstart|move: Grassy Terrain|[from] ability: Grassy Surge|[of] p1a: Rillaboom
|
|-weather|Sandstorm|[upkeep]
|-damage|p1a: Rillaboom|94\/100|[from] Sandstorm
|-heal|p1a: Rillaboom|100\/100|[from] Grassy Terrain
|upkeep
|turn|5
|
|t:|1609881259
|move|p1a: Rillaboom|Grassy Glide|p2a: Landorus
|-damage|p2a: Landorus|5\/100
|-zpower|p2a: Landorus
|move|p2a: Landorus|Continental Crush|p1a: Rillaboom|[zeffect]
|-damage|p1a: Rillaboom|0 fnt
|faint|p1a: Rillaboom
|
|-weather|none
|upkeep
|
|t:|1609881269
|switch|p1a: Corviknight|Corviknight, F|100\/100
|-ability|p1a: Corviknight|Pressure
|turn|6
|
|t:|1609881271
|move|p2a: Landorus|Stone Edge|p1a: Corviknight
|-damage|p1a: Corviknight|53\/100
|move|p1a: Corviknight|U-turn|p2a: Landorus
|-resisted|p2a: Landorus
|-damage|p2a: Landorus|0 fnt
|faint|p2a: Landorus
|
|t:|1609881279
|switch|p1a: flygonmega|Flygon, M|100\/100|[from]move: U-turn
|
|upkeep
|
|t:|1609881285
|switch|p2a: Blissey|Blissey, F|100\/100
|turn|7
|
|t:|1609881291
|detailschange|p1a: flygonmega|Flygon-Mega, M
|-mega|p1a: flygonmega|Flygon|Flygonite
|-ability|p1a: flygonmega|Desert Gales
|-weather|Desert Gales|[silent]
|-message|Desert gales kicked up!
|-message|Normal-type moves will become Ground-type.
|-message|Rock-, Ground- and Steel-type moves will also have their power increased.
|-message|Other weather-related moves and Abilities will behave as they do in sandstorm.
|-start|p1a: flygonmega|typechange|Ground\/Dragon|[silent]
|raw|<ul class="utilichart"><li class="result"><span class="col pokemonnamecol" style="white-space: nowrap">Flygon-Mega<\/span> <span class="col typecol"><img src="https:\/\/play.pokemonshowdown.com\/sprites\/types\/Ground.png" alt="Ground" height="14" width="32"><img src="https:\/\/play.pokemonshowdown.com\/sprites\/types\/Dragon.png" alt="Dragon" height="14" width="32"><\/span> <span style="float: left ; min-height: 26px"><span class="col abilitycol">Desert Gales<\/span><span class="col abilitycol"><\/span><\/span><span style="float: left ; min-height: 26px"><span class="col statcol"><em>HP<\/em><br>80<\/span> <span class="col statcol"><em>Atk<\/em><br>130<\/span> <span class="col statcol"><em>Def<\/em><br>95<\/span> <span class="col statcol"><em>SpA<\/em><br>105<\/span> <span class="col statcol"><em>SpD<\/em><br>105<\/span> <span class="col statcol"><em>Spe<\/em><br>105<\/span> <\/span><\/li><li style="clear: both"><\/li><\/ul>
|move|p1a: flygonmega|U-turn|p2a: Blissey
|-damage|p2a: Blissey|85\/100
|
|t:|1609881307
|switch|p1a: Tyranitar|Tyranitar, M|70\/100|[from]move: U-turn
|-weather|Sandstorm|[from] ability: Sand Stream|[of] p1a: Tyranitar
|move|p2a: Blissey|Stealth Rock|p1a: Tyranitar
|-sidestart|p1: aausma|move: Stealth Rock
|
|-weather|Sandstorm|[upkeep]
|-damage|p2a: Blissey|79\/100|[from] Sandstorm
|-heal|p1a: Tyranitar|76\/100|[from] item: Leftovers
|-heal|p1a: Tyranitar|83\/100|[from] Grassy Terrain
|-heal|p2a: Blissey|85\/100|[from] Grassy Terrain
|upkeep
|turn|8
|
|t:|1609881311
|move|p1a: Tyranitar|Thunder Wave|p2a: Blissey
|-status|p2a: Blissey|par
|move|p2a: Blissey|Soft-Boiled|p2a: Blissey
|-heal|p2a: Blissey|100\/100 par
|
|-weather|Sandstorm|[upkeep]
|-damage|p2a: Blissey|94\/100 par|[from] Sandstorm
|-heal|p1a: Tyranitar|89\/100|[from] item: Leftovers
|-heal|p1a: Tyranitar|95\/100|[from] Grassy Terrain
|-heal|p2a: Blissey|100\/100 par|[from] Grassy Terrain
|-fieldend|move: Grassy Terrain
|upkeep
|turn|9
|
|t:|1609881321
|move|p1a: Tyranitar|Stone Edge|p2a: Blissey|[miss]
|-miss|p1a: Tyranitar|p2a: Blissey
|move|p2a: Blissey|Teleport|p2a: Blissey
|c|☆Mossy Sandwich|sorry
|
|t:|1609881327
|switch|p2a: Corviknight|Corviknight, M|100\/100|[from]move: Teleport
|-damage|p2a: Corviknight|88\/100|[from] Stealth Rock
|-ability|p2a: Corviknight|Pressure
|
|-weather|Sandstorm|[upkeep]
|-heal|p2a: Corviknight|94\/100|[from] item: Leftovers
|-heal|p1a: Tyranitar|100\/100|[from] item: Leftovers
|upkeep
|turn|10
|
|t:|1609881331
|switch|p1a: Toxtricity|Toxtricity, F|100\/100
|-damage|p1a: Toxtricity|88\/100|[from] Stealth Rock
|move|p2a: Corviknight|Defog|p1a: Toxtricity
|-unboost|p1a: Toxtricity|evasion|1
|-sideend|p1: aausma|Stealth Rock|[from] move: Defog|[of] p2a: Corviknight
|-sideend|p2: Mossy Sandwich|Stealth Rock|[from] move: Defog|[of] p2a: Corviknight
|
|-weather|Sandstorm|[upkeep]
|-damage|p1a: Toxtricity|82\/100|[from] Sandstorm
|-heal|p2a: Corviknight|100\/100|[from] item: Leftovers
|upkeep
|turn|11
|
|t:|1609881336
|switch|p2a: Blissey|Blissey, F|100\/100
|move|p1a: Toxtricity|Volt Switch|p2a: Blissey
|-damage|p2a: Blissey|81\/100
|
|t:|1609881341
|switch|p1a: Excadrill|Excadrill, M|100\/100|[from]move: Volt Switch
|
|-weather|none
|upkeep
|turn|12
|
|t:|1609881352
|switch|p2a: Corviknight|Corviknight, M|100\/100
|-ability|p2a: Corviknight|Pressure
|move|p1a: Excadrill|Swords Dance|p1a: Excadrill
|-boost|p1a: Excadrill|atk|2
|
|upkeep
|turn|13
|
|t:|1609881355
|move|p1a: Excadrill|Rock Slide|p2a: Corviknight
|-damage|p2a: Corviknight|63\/100
|move|p2a: Corviknight|U-turn|p1a: Excadrill
|-resisted|p1a: Excadrill
|-damage|p1a: Excadrill|91\/100
|
|t:|1609881358
|switch|p2a: Talonflame|Talonflame-Mega, F|51\/100|[from]move: U-turn
|-start|p2a: Talonflame|typechange|Fire\/Flying|[silent]
|
|-heal|p1a: Excadrill|97\/100|[from] item: Leftovers
|upkeep
|turn|14
|
|t:|1609881372
|switch|p1a: flygonmega|Flygon-Mega, M|100\/100
|-start|p1a: flygonmega|typechange|Ground\/Dragon|[silent]
|-ability|p1a: flygonmega|Desert Gales
|-weather|Desert Gales|[silent]
|-message|Desert gales kicked up!
|-message|Normal-type moves will become Ground-type.
|-message|Rock-, Ground- and Steel-type moves will also have their power increased.
|-message|Other weather-related moves and Abilities will behave as they do in sandstorm.
|move|p2a: Talonflame|U-turn|p1a: flygonmega
|-damage|p1a: flygonmega|85\/100
|c|☆aausma|oh my god
|c|☆aausma|are you
|c|☆aausma|serious
|
|t:|1609881390
|switch|p2a: Greninja|Greninja, M|100\/100|[from]move: U-turn
|
|-weather|Desert Gales|[upkeep]
|-message|The desert gales are raging!
|upkeep
|turn|15
|c|☆aausma|i
|c|☆aausma|am such a fucking clwon
|
|t:|1609881398
|move|p2a: Greninja|Hydro Pump|p1a: flygonmega|[miss]
|-miss|p2a: Greninja|p1a: flygonmega
|-message|Boomburst became Ground-type in the desert gales!
|move|p1a: flygonmega|Boomburst|p2a: Greninja
|-message|Boomburst was powered up by the desert gales!
|-damage|p2a: Greninja|0 fnt
|faint|p2a: Greninja
|
|-weather|Desert Gales|[upkeep]
|-message|The desert gales are raging!
|upkeep
|c|☆Mossy Sandwich|alright that sucked
|
|t:|1609881411
|switch|p2a: Rillaboom|Rillaboom, F|100\/100
|-fieldstart|move: Grassy Terrain|[from] ability: Grassy Surge|[of] p2a: Rillaboom
|turn|16
|c|☆aausma|yeah it did.
|
|t:|1609881421
|move|p2a: Rillaboom|Grassy Glide|p1a: flygonmega
|-damage|p1a: flygonmega|8\/100
|move|p1a: flygonmega|Fire Blast|p2a: Rillaboom
|-supereffective|p2a: Rillaboom
|-damage|p2a: Rillaboom|24\/100
|
|-heal|p1a: flygonmega|14\/100|[from] Grassy Terrain
|-heal|p2a: Rillaboom|30\/100|[from] Grassy Terrain
|-weather|Desert Gales|[upkeep]
|-message|The desert gales are raging!
|upkeep
|turn|17
|c|☆aausma|luckily for you
|c|☆aausma|i forgot investment!
|c|☆aausma|:D
|c|☆Mossy Sandwich|huh
|c|☆aausma|that wouldve killed
|c|☆aausma|if
|c|☆aausma|i actually invested
|c|☆aausma|but i didnt.
|c|☆aausma|i have 25 evs.
|c|☆aausma|in spatk.
|c|☆aausma|:)
|j| abismal
|
|t:|1609881474
|switch|p1a: Tyranitar|Tyranitar, M|100\/100
|-weather|Sandstorm|[from] ability: Sand Stream|[of] p1a: Tyranitar
|switch|p2a: Talonflame|Talonflame-Mega, F|51\/100
|-start|p2a: Talonflame|typechange|Fire\/Flying|[silent]
|
|-weather|Sandstorm|[upkeep]
|-damage|p2a: Talonflame|45\/100|[from] Sandstorm
|upkeep
|turn|18
|
|t:|1609881483
|move|p2a: Talonflame|Scorching Sands|p1a: Tyranitar
|-supereffective|p1a: Tyranitar
|-damage|p1a: Tyranitar|81\/100
|move|p1a: Tyranitar|Pursuit|p2a: Talonflame
|-damage|p2a: Talonflame|16\/100
|
|-weather|Sandstorm|[upkeep]
|-damage|p2a: Talonflame|10\/100|[from] Sandstorm
|-heal|p1a: Tyranitar|87\/100|[from] item: Leftovers
|-heal|p1a: Tyranitar|93\/100|[from] Grassy Terrain
|upkeep
|turn|19
|
|t:|1609881489
|move|p2a: Talonflame|Scorching Sands|p1a: Tyranitar
|-supereffective|p1a: Tyranitar
|-damage|p1a: Tyranitar|72\/100
|-status|p1a: Tyranitar|brn
|move|p1a: Tyranitar|Pursuit|p2a: Talonflame
|-damage|p2a: Talonflame|0 fnt
|faint|p2a: Talonflame
|
|-weather|Sandstorm|[upkeep]
|-heal|p1a: Tyranitar|78\/100 brn|[from] item: Leftovers
|-heal|p1a: Tyranitar|85\/100 brn|[from] Grassy Terrain
|-damage|p1a: Tyranitar|78\/100 brn|[from] brn
|upkeep
|
|t:|1609881494
|switch|p2a: Corviknight|Corviknight, M|63\/100
|-ability|p2a: Corviknight|Pressure
|turn|20
|
|t:|1609881497
|move|p2a: Corviknight|Roost|p2a: Corviknight
|-heal|p2a: Corviknight|100\/100
|-singleturn|p2a: Corviknight|move: Roost
|move|p1a: Tyranitar|Stealth Rock|p2a: Corviknight
|-sidestart|p2: Mossy Sandwich|move: Stealth Rock
|
|-weather|Sandstorm|[upkeep]
|-heal|p1a: Tyranitar|85\/100 brn|[from] item: Leftovers
|-heal|p1a: Tyranitar|91\/100 brn|[from] Grassy Terrain
|-fieldend|move: Grassy Terrain
|-damage|p1a: Tyranitar|85\/100 brn|[from] brn
|upkeep
|turn|21
|
|t:|1609881501
|move|p2a: Corviknight|Defog|p1a: Tyranitar
|-unboost|p1a: Tyranitar|evasion|1
|-sideend|p2: Mossy Sandwich|Stealth Rock|[from] move: Defog|[of] p2a: Corviknight
|move|p1a: Tyranitar|Thunder Wave|p2a: Corviknight
|-status|p2a: Corviknight|par
|
|-weather|none
|-heal|p1a: Tyranitar|91\/100 brn|[from] item: Leftovers
|-damage|p1a: Tyranitar|85\/100 brn|[from] brn
|upkeep
|turn|22
|
|t:|1609881508
|move|p1a: Tyranitar|Stealth Rock|p2a: Corviknight
|-sidestart|p2: Mossy Sandwich|move: Stealth Rock
|cant|p2a: Corviknight|par
|
|-heal|p1a: Tyranitar|91\/100 brn|[from] item: Leftovers
|-damage|p1a: Tyranitar|85\/100 brn|[from] brn
|upkeep
|turn|23
|
|t:|1609881512
|switch|p1a: Corviknight|Corviknight, F|53\/100
|-ability|p1a: Corviknight|Pressure
|move|p2a: Corviknight|Defog|p1a: Corviknight
|-unboost|p1a: Corviknight|evasion|1
|-sideend|p2: Mossy Sandwich|Stealth Rock|[from] move: Defog|[of] p2a: Corviknight
|
|upkeep
|turn|24
|
|t:|1609881515
|move|p1a: Corviknight|Roost|p1a: Corviknight
|-heal|p1a: Corviknight|100\/100
|-singleturn|p1a: Corviknight|move: Roost
|move|p2a: Corviknight|U-turn|p1a: Corviknight
|-resisted|p1a: Corviknight
|-damage|p1a: Corviknight|96\/100
|-damage|p2a: Corviknight|84\/100 par|[from] item: Rocky Helmet|[of] p1a: Corviknight
|
|t:|1609881517
|switch|p2a: Blissey|Blissey, F|81\/100|[from]move: U-turn
|
|upkeep
|turn|25
|l| abismal
|c|☆Mossy Sandwich|Yeah I lost that
|-message|Mossy Sandwich forfeited.
|
|win|aausma
|l|☆Mossy Sandwich</script>
</div>
<div class="battle-log battle-log-inline"><div class="inner"><div class="battle-options"><div style="padding-top: 3px; padding-right: 3px; text-align: right"><button class="icon button" name="openBattleOptions" title="Options">Battle Options</button></div></div><div class="inner message-log"><div class="chat"><small>☆aausma and ☆Mossy Sandwich joined</small></div><div class=""><small>Format:</small> <br><strong>[Gen 8] Megas for All</strong></div><div class=""><small><em>HP Percentage Mod:</em> HP is shown in percentages</small></div><div class=""><small><em>Endless Battle Clause:</em> Forcing endless battles is banned</small></div><div class=""><small><em>OHKO Clause:</em> OHKO moves are banned</small></div><div class=""><small><em>Evasion Moves Clause:</em> Evasion moves are banned</small></div><div class=""><small><em>Species Clause:</em> Limit one of each Pokémon</small></div><div class=""><small><em>Dynamax Clause:</em> You cannot dynamax</small></div><div class=""><small><em>Sleep Clause Mod:</em> Limit one foe put to sleep</small></div><div class=""><small><em>Freeze Clause Mod:</em> Limit one foe frozen</small></div><div class="chat battle-history"><strong>aausma's team:</strong> <em style="color:#445566;display:block;">Flygon / Toxtricity / Rillaboom / Corviknight / Excadrill / Tyranitar</em></div><div class="chat battle-history"><strong>Mossy Sandwich's team:</strong> <em style="color:#445566;display:block;">Talonflame / Rillaboom / Corviknight / Blissey / Greninja / Landorus-Therian</em></div><div class="chat chatmessage-mossysandwich"><strong style="color:#ba49a2"><small>☆</small><span class="username" data-name="Mossy Sandwich">Mossy Sandwich</span>:</strong> <em>gl hf!</em></div><div class="chat"><small> inkbug1 joined</small></div><div class="chat chatmessage-aausma"><strong style="color:#18a81f"><small>☆</small><span class="username" data-name="aausma">aausma</span>:</strong> <em>u2u2</em></div><div class="spacer battle-history"><br></div><div class="battle-history">Battle started between aausma and Mossy Sandwich!<br></div><div class="spacer battle-history"><br></div><div class="battle-history">Go! <strong>Tyranitar</strong>!<br></div><div class="spacer battle-history"><br></div><div class="battle-history">Mossy Sandwich sent out <strong>Talonflame</strong>!<br></div><div class="battle-history">[Tyranitar's Sand Stream]<br><small>A sandstorm kicked up!</small><br></div><div class="spacer battle-history"><br></div><h2 class="battle-history">Turn 1</h2><div class="spacer battle-history"><br></div><div class="battle-history"><small>The opposing Talonflame's Talonflite is reacting to the Key Stone!</small><br>The opposing Talonflame has Mega Evolved into Mega Talonflame!<br></div><div class="chat"><ul class="utilichart"><li class="result"><span class="col pokemonnamecol" style="white-space: nowrap">Talonflame-Mega</span> <span class="col typecol"><img src="https://play.pokemonshowdown.com/sprites/types/Fire.png" alt="Fire" height="14" width="32"><img src="https://play.pokemonshowdown.com/sprites/types/Flying.png" alt="Flying" height="14" width="32"></span> <span style="float: left ; min-height: 26px"><span class="col abilitycol">Bird of Prey</span><span class="col abilitycol"></span></span><span style="float: left ; min-height: 26px"><span class="col statcol"><em>HP</em><br>78</span> <span class="col statcol"><em>Atk</em><br>81</span> <span class="col statcol"><em>Def</em><br>71</span> <span class="col statcol"><em>SpA</em><br>134</span> <span class="col statcol"><em>SpD</em><br>69</span> <span class="col statcol"><em>Spe</em><br>166</span> </span></li><li style="clear: both"></li></ul></div><div class="spacer battle-history"><br></div><div class="battle-history">The opposing Talonflame used <strong>U-turn</strong>!<br></div><div class="battle-history"><small>It's super effective!</small><br></div><div class="battle-history"><small>(Tyranitar lost 17% of its health!)</small><br></div><div class="spacer battle-history"><br></div><div class="battle-history"><small>(The opposing Talonflame is being withdrawn...)</small><br></div><div class="spacer battle-history"><br></div><div class="battle-history">Tyranitar used <strong>Pursuit</strong>!<br></div><div class="battle-history"><small>(The opposing Talonflame lost 49% of its health!)</small><br></div><div class="spacer battle-history"><br></div><div class="battle-history">The opposing Talonflame went back to Mossy Sandwich!<br></div><div class="battle-history">Mossy Sandwich sent out <strong>Corviknight</strong>!<br></div><div class="battle-history">[The opposing Corviknight's Pressure]<br><small>The opposing Corviknight is exerting its pressure!</small><br></div><div class="spacer battle-history"><br></div><div class="battle-history"><small>(The sandstorm is raging.)</small><br></div><div class="battle-history"><small>Tyranitar restored a little HP using its Leftovers!</small><br></div><div class="spacer battle-history"><br></div><h2 class="battle-history">Turn 2</h2><div class="spacer battle-history"><br></div><div class="battle-history">The opposing Corviknight used <strong>U-turn</strong>!<br></div><div class="battle-history"><small>It's super effective!</small><br></div><div class="battle-history"><small>(Tyranitar lost 25% of its health!)</small><br></div><div class="spacer battle-history"><br></div><div class="battle-history">The opposing Corviknight went back to Mossy Sandwich!<br></div><div class="battle-history">Mossy Sandwich sent out Landorus (<strong>Landorus-Therian</strong>)!<br></div><div class="battle-history">[The opposing Landorus's Intimidate]<br></div><div class="battle-history"><small>Tyranitar's Attack fell!</small><br></div><div class="spacer battle-history"><br></div><div class="battle-history">Tyranitar used <strong>Stealth Rock</strong>!<br></div><div class="battle-history"><small>Pointed stones float in the air around the opposing team!</small><br></div><div class="spacer battle-history"><br></div><div class="battle-history"><small>(The sandstorm is raging.)</small><br></div><div class="battle-history"><small>Tyranitar restored a little HP using its Leftovers!</small><br></div><div class="spacer battle-history"><br></div><h2 class="battle-history">Turn 3</h2><div class="spacer battle-history"><br></div><div class="battle-history">Tyranitar, come back!<br></div><div class="battle-history">Go! <strong>Corviknight</strong>!<br></div><div class="battle-history">[Corviknight's Pressure]<br><small>Corviknight is exerting its pressure!</small><br></div><div class="spacer battle-history"><br></div><div class="battle-history">The opposing Landorus used <strong>Rock Polish</strong>!<br></div><div class="battle-history"><small>The opposing Landorus's Speed rose sharply!</small><br></div><div class="spacer battle-history"><br></div><div class="battle-history"><small>(The sandstorm is raging.)</small><br></div><div class="spacer battle-history"><br></div><h2 class="battle-history">Turn 4</h2><div class="spacer battle-history"><br></div><div class="battle-history">The opposing Landorus used <strong>Swords Dance</strong>!<br></div><div class="battle-history"><small>The opposing Landorus's Attack rose sharply!</small><br></div><div class="spacer battle-history"><br></div><div class="battle-history">Corviknight used <strong>U-turn</strong>!<br></div><div class="battle-history"><small>It's not very effective...</small><br></div><div class="battle-history"><small>(The opposing Landorus lost 8% of its health!)</small><br></div><div class="spacer battle-history"><br></div><div class="battle-history">Corviknight went back to aausma!<br></div><div class="battle-history">Go! <strong>Rillaboom</strong>!<br></div><div class="battle-history">[Rillaboom's Grassy Surge]<br><small>Grass grew to cover the battlefield!</small><br></div><div class="spacer battle-history"><br></div><div class="battle-history"><small>(The sandstorm is raging.)</small><br></div><div class="battle-history"><small>Rillaboom is buffeted by the sandstorm!</small><br></div><div class="battle-history"><small>Rillaboom's HP was restored.</small><br></div><div class="spacer battle-history"><br></div><h2 class="battle-history">Turn 5</h2><div class="spacer battle-history"><br></div><div class="battle-history">Rillaboom used <strong>Grassy Glide</strong>!<br></div><div class="battle-history"><small>(The opposing Landorus lost 87% of its health!)</small><br></div><div class="battle-history"><small>The opposing Landorus surrounded itself with its Z-Power!</small><br></div><div class="spacer battle-history"><br></div><div class="battle-history"><small>The opposing Landorus unleashes its full-force Z-Move!</small><br>The opposing Landorus used <strong>Continental Crush</strong>!<br></div><div class="battle-history"><small>(Rillaboom lost 100% of its health!)</small><br></div><div class="spacer battle-history"><br></div><div class="battle-history">Rillaboom fainted!<br></div><div class="spacer battle-history"><br></div><div class="battle-history"><small>The sandstorm subsided.</small><br></div><div class="spacer battle-history"><br></div><div class="battle-history">Go! <strong>Corviknight</strong>!<br></div><div class="battle-history">[Corviknight's Pressure]<br><small>Corviknight is exerting its pressure!</small><br></div><div class="spacer battle-history"><br></div><h2 class="battle-history">Turn 6</h2><div class="spacer battle-history"><br></div><div class="battle-history">The opposing Landorus used <strong>Stone Edge</strong>!<br></div><div class="battle-history"><small>(Corviknight lost 47% of its health!)</small><br></div><div class="spacer battle-history"><br></div><div class="battle-history">Corviknight used <strong>U-turn</strong>!<br></div><div class="battle-history"><small>It's not very effective...</small><br></div><div class="battle-history"><small>(The opposing Landorus lost 5% of its health!)</small><br></div><div class="spacer battle-history"><br></div><div class="battle-history">The opposing Landorus fainted!<br></div><div class="spacer battle-history"><br></div><div class="battle-history">Corviknight went back to aausma!<br></div><div class="battle-history">Go! flygonmega (<strong>Flygon</strong>)!<br></div><div class="spacer battle-history"><br></div><div class="battle-history">Mossy Sandwich sent out <strong>Blissey</strong>!<br></div><div class="spacer battle-history"><br></div><h2 class="battle-history">Turn 7</h2><div class="spacer battle-history"><br></div><div class="battle-history"><small>flygonmega's Flygonite is reacting to the Key Stone!</small><br>flygonmega has Mega Evolved into Mega Flygon!<br></div><div class="battle-history">[flygonmega's Desert Gales]<br></div><div class="battle-history"><small>Desert gales kicked up!</small><br></div><div class="battle-history"><small>Normal-type moves will become Ground-type.</small><br></div><div class="battle-history"><small>Rock-, Ground- and Steel-type moves will also have their power increased.</small><br></div><div class="battle-history"><small>Other weather-related moves and Abilities will behave as they do in sandstorm.</small><br></div><div class="chat"><ul class="utilichart"><li class="result"><span class="col pokemonnamecol" style="white-space: nowrap">Flygon-Mega</span> <span class="col typecol"><img src="https://play.pokemonshowdown.com/sprites/types/Ground.png" alt="Ground" height="14" width="32"><img src="https://play.pokemonshowdown.com/sprites/types/Dragon.png" alt="Dragon" height="14" width="32"></span> <span style="float: left ; min-height: 26px"><span class="col abilitycol">Desert Gales</span><span class="col abilitycol"></span></span><span style="float: left ; min-height: 26px"><span class="col statcol"><em>HP</em><br>80</span> <span class="col statcol"><em>Atk</em><br>130</span> <span class="col statcol"><em>Def</em><br>95</span> <span class="col statcol"><em>SpA</em><br>105</span> <span class="col statcol"><em>SpD</em><br>105</span> <span class="col statcol"><em>Spe</em><br>105</span> </span></li><li style="clear: both"></li></ul></div><div class="spacer battle-history"><br></div><div class="battle-history">flygonmega used <strong>U-turn</strong>!<br></div><div class="battle-history"><small>(The opposing Blissey lost 15% of its health!)</small><br></div><div class="spacer battle-history"><br></div><div class="battle-history">flygonmega went back to aausma!<br></div><div class="battle-history">Go! <strong>Tyranitar</strong>!<br></div><div class="battle-history">[Tyranitar's Sand Stream]<br><small>A sandstorm kicked up!</small><br></div><div class="spacer battle-history"><br></div><div class="battle-history">The opposing Blissey used <strong>Stealth Rock</strong>!<br></div><div class="battle-history"><small>Pointed stones float in the air around your team!</small><br></div><div class="spacer battle-history"><br></div><div class="battle-history"><small>(The sandstorm is raging.)</small><br></div><div class="battle-history"><small>The opposing Blissey is buffeted by the sandstorm!</small><br></div><div class="battle-history"><small>Tyranitar restored a little HP using its Leftovers!</small><br></div><div class="battle-history"><small>Tyranitar's HP was restored.</small><br></div><div class="battle-history"><small>The opposing Blissey's HP was restored.</small><br></div><div class="spacer battle-history"><br></div><h2 class="battle-history">Turn 8</h2><div class="spacer battle-history"><br></div><div class="battle-history">Tyranitar used <strong>Thunder Wave</strong>!<br></div><div class="battle-history"><small>The opposing Blissey is paralyzed! It may be unable to move!</small><br></div><div class="spacer battle-history"><br></div><div class="battle-history">The opposing Blissey used <strong>Soft-Boiled</strong>!<br></div><div class="battle-history"><small>The opposing Blissey had its HP restored.</small><br></div><div class="spacer battle-history"><br></div><div class="battle-history"><small>(The sandstorm is raging.)</small><br></div><div class="battle-history"><small>The opposing Blissey is buffeted by the sandstorm!</small><br></div><div class="battle-history"><small>Tyranitar restored a little HP using its Leftovers!</small><br></div><div class="battle-history"><small>Tyranitar's HP was restored.</small><br></div><div class="battle-history"><small>The opposing Blissey's HP was restored.</small><br></div><div class="battle-history"><small>The grass disappeared from the battlefield.</small><br></div><div class="spacer battle-history"><br></div><h2 class="battle-history">Turn 9</h2><div class="spacer battle-history"><br></div><div class="battle-history">Tyranitar used <strong>Stone Edge</strong>!<br></div><div class="battle-history"><small>The opposing Blissey avoided the attack!</small><br></div><div class="spacer battle-history"><br></div><div class="battle-history">The opposing Blissey used <strong>Teleport</strong>!<br></div><div class="chat chatmessage-mossysandwich"><strong style="color:#ba49a2"><small>☆</small><span class="username" data-name="Mossy Sandwich">Mossy Sandwich</span>:</strong> <em>sorry</em></div><div class="spacer battle-history"><br></div><div class="battle-history">Mossy Sandwich withdrew Blissey!<br></div><div class="battle-history">Mossy Sandwich sent out <strong>Corviknight</strong>!<br></div><div class="battle-history"><small>Pointed stones dug into the opposing Corviknight!</small><br></div><div class="battle-history">[The opposing Corviknight's Pressure]<br><small>The opposing Corviknight is exerting its pressure!</small><br></div><div class="spacer battle-history"><br></div><div class="battle-history"><small>(The sandstorm is raging.)</small><br></div><div class="battle-history"><small>The opposing Corviknight restored a little HP using its Leftovers!</small><br></div><div class="battle-history"><small>Tyranitar restored a little HP using its Leftovers!</small><br></div><div class="spacer battle-history"><br></div><h2 class="battle-history">Turn 10</h2><div class="spacer battle-history"><br></div><div class="battle-history">Tyranitar, come back!<br></div><div class="battle-history">Go! <strong>Toxtricity</strong>!<br></div><div class="battle-history"><small>Pointed stones dug into Toxtricity!</small><br></div><div class="spacer battle-history"><br></div><div class="battle-history">The opposing Corviknight used <strong>Defog</strong>!<br></div><div class="battle-history"><small>Toxtricity's evasiveness fell!</small><br></div><div class="battle-history"><small>The pointed stones disappeared from around your team!</small><br></div><div class="battle-history"><small>The pointed stones disappeared from around the opposing team!</small><br></div><div class="spacer battle-history"><br></div><div class="battle-history"><small>(The sandstorm is raging.)</small><br></div><div class="battle-history"><small>Toxtricity is buffeted by the sandstorm!</small><br></div><div class="battle-history"><small>The opposing Corviknight restored a little HP using its Leftovers!</small><br></div><div class="spacer battle-history"><br></div><h2 class="battle-history">Turn 11</h2><div class="spacer battle-history"><br></div><div class="battle-history">Mossy Sandwich withdrew Corviknight!<br></div><div class="battle-history">Mossy Sandwich sent out <strong>Blissey</strong>!<br></div><div class="spacer battle-history"><br></div><div class="battle-history">Toxtricity used <strong>Volt Switch</strong>!<br></div><div class="battle-history"><small>(The opposing Blissey lost 19% of its health!)</small><br></div><div class="spacer battle-history"><br></div><div class="battle-history">Toxtricity went back to aausma!<br></div><div class="battle-history">Go! <strong>Excadrill</strong>!<br></div><div class="spacer battle-history"><br></div><div class="battle-history"><small>The sandstorm subsided.</small><br></div><div class="spacer battle-history"><br></div><h2 class="battle-history">Turn 12</h2><div class="spacer battle-history"><br></div><div class="battle-history">Mossy Sandwich withdrew Blissey!<br></div><div class="battle-history">Mossy Sandwich sent out <strong>Corviknight</strong>!<br></div><div class="battle-history">[The opposing Corviknight's Pressure]<br><small>The opposing Corviknight is exerting its pressure!</small><br></div><div class="spacer battle-history"><br></div><div class="battle-history">Excadrill used <strong>Swords Dance</strong>!<br></div><div class="battle-history"><small>Excadrill's Attack rose sharply!</small><br></div><div class="spacer battle-history"><br></div><h2 class="battle-history">Turn 13</h2><div class="spacer battle-history"><br></div><div class="battle-history">Excadrill used <strong>Rock Slide</strong>!<br></div><div class="battle-history"><small>(The opposing Corviknight lost 37% of its health!)</small><br></div><div class="spacer battle-history"><br></div><div class="battle-history">The opposing Corviknight used <strong>U-turn</strong>!<br></div><div class="battle-history"><small>It's not very effective...</small><br></div><div class="battle-history"><small>(Excadrill lost 9% of its health!)</small><br></div><div class="spacer battle-history"><br></div><div class="battle-history">The opposing Corviknight went back to Mossy Sandwich!<br></div><div class="battle-history">Mossy Sandwich sent out Talonflame (<strong>Talonflame-Mega</strong>)!<br></div><div class="spacer battle-history"><br></div><div class="battle-history"><small>Excadrill restored a little HP using its Leftovers!</small><br></div><div class="spacer battle-history"><br></div><h2 class="battle-history">Turn 14</h2><div class="spacer battle-history"><br></div><div class="battle-history">Excadrill, come back!<br></div><div class="battle-history">Go! flygonmega (<strong>Flygon-Mega</strong>)!<br></div><div class="battle-history">[flygonmega's Desert Gales]<br></div><div class="battle-history"><small>Desert gales kicked up!</small><br></div><div class="battle-history"><small>Normal-type moves will become Ground-type.</small><br></div><div class="battle-history"><small>Rock-, Ground- and Steel-type moves will also have their power increased.</small><br></div><div class="battle-history"><small>Other weather-related moves and Abilities will behave as they do in sandstorm.</small><br></div><div class="spacer battle-history"><br></div><div class="battle-history">The opposing Talonflame used <strong>U-turn</strong>!<br></div><div class="battle-history"><small>(flygonmega lost 15% of its health!)</small><br></div><div class="chat chatmessage-aausma"><strong style="color:#18a81f"><small>☆</small><span class="username" data-name="aausma">aausma</span>:</strong> <em>oh my god</em></div><div class="chat chatmessage-aausma"><strong style="color:#18a81f"><small>☆</small><span class="username" data-name="aausma">aausma</span>:</strong> <em>are you</em></div><div class="chat chatmessage-aausma"><strong style="color:#18a81f"><small>☆</small><span class="username" data-name="aausma">aausma</span>:</strong> <em>serious</em></div><div class="spacer battle-history"><br></div><div class="battle-history">The opposing Talonflame went back to Mossy Sandwich!<br></div><div class="battle-history">Mossy Sandwich sent out <strong>Greninja</strong>!<br></div><div class="spacer battle-history"><br></div><div class="battle-history"><small>The desert gales are raging!</small><br></div><div class="spacer battle-history"><br></div><h2 class="battle-history">Turn 15</h2><div class="chat chatmessage-aausma"><strong style="color:#18a81f"><small>☆</small><span class="username" data-name="aausma">aausma</span>:</strong> <em>i</em></div><div class="chat chatmessage-aausma"><strong style="color:#18a81f"><small>☆</small><span class="username" data-name="aausma">aausma</span>:</strong> <em>am such a fucking clwon</em></div><div class="spacer battle-history"><br></div><div class="battle-history">The opposing Greninja used <strong>Hydro Pump</strong>!<br></div><div class="battle-history"><small>flygonmega avoided the attack!</small><br></div><div class="battle-history"><small>Boomburst became Ground-type in the desert gales!</small><br></div><div class="spacer battle-history"><br></div><div class="battle-history">flygonmega used <strong>Boomburst</strong>!<br></div><div class="battle-history"><small>Boomburst was powered up by the desert gales!</small><br></div><div class="battle-history"><small>(The opposing Greninja lost 100% of its health!)</small><br></div><div class="spacer battle-history"><br></div><div class="battle-history">The opposing Greninja fainted!<br></div><div class="spacer battle-history"><br></div><div class="battle-history"><small>The desert gales are raging!</small><br></div><div class="chat chatmessage-mossysandwich"><strong style="color:#ba49a2"><small>☆</small><span class="username" data-name="Mossy Sandwich">Mossy Sandwich</span>:</strong> <em>alright that sucked</em></div><div class="spacer battle-history"><br></div><div class="battle-history">Mossy Sandwich sent out <strong>Rillaboom</strong>!<br></div><div class="battle-history">[The opposing Rillaboom's Grassy Surge]<br><small>Grass grew to cover the battlefield!</small><br></div><div class="spacer battle-history"><br></div><h2 class="battle-history">Turn 16</h2><div class="chat chatmessage-aausma"><strong style="color:#18a81f"><small>☆</small><span class="username" data-name="aausma">aausma</span>:</strong> <em>yeah it did.</em></div><div class="spacer battle-history"><br></div><div class="battle-history">The opposing Rillaboom used <strong>Grassy Glide</strong>!<br></div><div class="battle-history"><small>(flygonmega lost 77% of its health!)</small><br></div><div class="spacer battle-history"><br></div><div class="battle-history">flygonmega used <strong>Fire Blast</strong>!<br></div><div class="battle-history"><small>It's super effective!</small><br></div><div class="battle-history"><small>(The opposing Rillaboom lost 76% of its health!)</small><br></div><div class="spacer battle-history"><br></div><div class="battle-history"><small>flygonmega's HP was restored.</small><br></div><div class="battle-history"><small>The opposing Rillaboom's HP was restored.</small><br></div><div class="battle-history"><small>The desert gales are raging!</small><br></div><div class="spacer battle-history"><br></div><h2 class="battle-history">Turn 17</h2><div class="chat chatmessage-aausma"><strong style="color:#18a81f"><small>☆</small><span class="username" data-name="aausma">aausma</span>:</strong> <em>luckily for you</em></div><div class="chat chatmessage-aausma"><strong style="color:#18a81f"><small>☆</small><span class="username" data-name="aausma">aausma</span>:</strong> <em>i forgot investment!</em></div><div class="chat chatmessage-aausma"><strong style="color:#18a81f"><small>☆</small><span class="username" data-name="aausma">aausma</span>:</strong> <em>:D</em></div><div class="chat chatmessage-mossysandwich"><strong style="color:#ba49a2"><small>☆</small><span class="username" data-name="Mossy Sandwich">Mossy Sandwich</span>:</strong> <em>huh</em></div><div class="chat chatmessage-aausma"><strong style="color:#18a81f"><small>☆</small><span class="username" data-name="aausma">aausma</span>:</strong> <em>that wouldve killed</em></div><div class="chat chatmessage-aausma"><strong style="color:#18a81f"><small>☆</small><span class="username" data-name="aausma">aausma</span>:</strong> <em>if</em></div><div class="chat chatmessage-aausma"><strong style="color:#18a81f"><small>☆</small><span class="username" data-name="aausma">aausma</span>:</strong> <em>i actually invested</em></div><div class="chat chatmessage-aausma"><strong style="color:#18a81f"><small>☆</small><span class="username" data-name="aausma">aausma</span>:</strong> <em>but i didnt.</em></div><div class="chat chatmessage-aausma"><strong style="color:#18a81f"><small>☆</small><span class="username" data-name="aausma">aausma</span>:</strong> <em>i have 25 evs.</em></div><div class="chat chatmessage-aausma"><strong style="color:#18a81f"><small>☆</small><span class="username" data-name="aausma">aausma</span>:</strong> <em>in spatk.</em></div><div class="chat chatmessage-aausma"><strong style="color:#18a81f"><small>☆</small><span class="username" data-name="aausma">aausma</span>:</strong> <em>:)</em></div><div class="chat"><small> abismal joined</small></div><div class="spacer battle-history"><br></div><div class="battle-history">flygonmega, come back!<br></div><div class="battle-history">Go! <strong>Tyranitar</strong>!<br></div><div class="battle-history">[Tyranitar's Sand Stream]<br><small>A sandstorm kicked up!</small><br></div><div class="spacer battle-history"><br></div><div class="battle-history">Mossy Sandwich withdrew Rillaboom!<br></div><div class="battle-history">Mossy Sandwich sent out Talonflame (<strong>Talonflame-Mega</strong>)!<br></div><div class="spacer battle-history"><br></div><div class="battle-history"><small>(The sandstorm is raging.)</small><br></div><div class="battle-history"><small>The opposing Talonflame is buffeted by the sandstorm!</small><br></div><div class="spacer battle-history"><br></div><h2 class="battle-history">Turn 18</h2><div class="spacer battle-history"><br></div><div class="battle-history">The opposing Talonflame used <strong>Scorching Sands</strong>!<br></div><div class="battle-history"><small>It's super effective!</small><br></div><div class="battle-history"><small>(Tyranitar lost 19% of its health!)</small><br></div><div class="spacer battle-history"><br></div><div class="battle-history">Tyranitar used <strong>Pursuit</strong>!<br></div><div class="battle-history"><small>(The opposing Talonflame lost 29% of its health!)</small><br></div><div class="spacer battle-history"><br></div><div class="battle-history"><small>(The sandstorm is raging.)</small><br></div><div class="battle-history"><small>The opposing Talonflame is buffeted by the sandstorm!</small><br></div><div class="battle-history"><small>Tyranitar restored a little HP using its Leftovers!</small><br></div><div class="battle-history"><small>Tyranitar's HP was restored.</small><br></div><div class="spacer battle-history"><br></div><h2 class="battle-history">Turn 19</h2><div class="spacer battle-history"><br></div><div class="battle-history">The opposing Talonflame used <strong>Scorching Sands</strong>!<br></div><div class="battle-history"><small>It's super effective!</small><br></div><div class="battle-history"><small>(Tyranitar lost 21% of its health!)</small><br></div><div class="battle-history"><small>Tyranitar was burned!</small><br></div><div class="spacer battle-history"><br></div><div class="battle-history">Tyranitar used <strong>Pursuit</strong>!<br></div><div class="battle-history"><small>(The opposing Talonflame lost 10% of its health!)</small><br></div><div class="spacer battle-history"><br></div><div class="battle-history">The opposing Talonflame fainted!<br></div><div class="spacer battle-history"><br></div><div class="battle-history"><small>(The sandstorm is raging.)</small><br></div><div class="battle-history"><small>Tyranitar restored a little HP using its Leftovers!</small><br></div><div class="battle-history"><small>Tyranitar's HP was restored.</small><br></div><div class="battle-history"><small>Tyranitar was hurt by its burn!</small><br></div><div class="spacer battle-history"><br></div><div class="battle-history">Mossy Sandwich sent out <strong>Corviknight</strong>!<br></div><div class="battle-history">[The opposing Corviknight's Pressure]<br><small>The opposing Corviknight is exerting its pressure!</small><br></div><div class="spacer battle-history"><br></div><h2 class="battle-history">Turn 20</h2><div class="spacer battle-history"><br></div><div class="battle-history">The opposing Corviknight used <strong>Roost</strong>!<br></div><div class="battle-history"><small>The opposing Corviknight had its HP restored.</small><br></div><div class="battle-history"><small>(The opposing Corviknight loses Flying type this turn.)</small><br></div><div class="spacer battle-history"><br></div><div class="battle-history">Tyranitar used <strong>Stealth Rock</strong>!<br></div><div class="battle-history"><small>Pointed stones float in the air around the opposing team!</small><br></div><div class="spacer battle-history"><br></div><div class="battle-history"><small>(The sandstorm is raging.)</small><br></div><div class="battle-history"><small>Tyranitar restored a little HP using its Leftovers!</small><br></div><div class="battle-history"><small>Tyranitar's HP was restored.</small><br></div><div class="battle-history"><small>The grass disappeared from the battlefield.</small><br></div><div class="battle-history"><small>Tyranitar was hurt by its burn!</small><br></div><div class="spacer battle-history"><br></div><h2 class="battle-history">Turn 21</h2><div class="spacer battle-history"><br></div><div class="battle-history">The opposing Corviknight used <strong>Defog</strong>!<br></div><div class="battle-history"><small>Tyranitar's evasiveness fell!</small><br></div><div class="battle-history"><small>The pointed stones disappeared from around the opposing team!</small><br></div><div class="spacer battle-history"><br></div><div class="battle-history">Tyranitar used <strong>Thunder Wave</strong>!<br></div><div class="battle-history"><small>The opposing Corviknight is paralyzed! It may be unable to move!</small><br></div><div class="spacer battle-history"><br></div><div class="battle-history"><small>The sandstorm subsided.</small><br></div><div class="battle-history"><small>Tyranitar restored a little HP using its Leftovers!</small><br></div><div class="battle-history"><small>Tyranitar was hurt by its burn!</small><br></div><div class="spacer battle-history"><br></div><h2 class="battle-history">Turn 22</h2><div class="spacer battle-history"><br></div><div class="battle-history">Tyranitar used <strong>Stealth Rock</strong>!<br></div><div class="battle-history"><small>Pointed stones float in the air around the opposing team!</small><br></div><div class="spacer battle-history"><br></div><div class="battle-history">The opposing Corviknight is paralyzed! It can't move!<br></div><div class="spacer battle-history"><br></div><div class="battle-history"><small>Tyranitar restored a little HP using its Leftovers!</small><br></div><div class="battle-history"><small>Tyranitar was hurt by its burn!</small><br></div><div class="spacer battle-history"><br></div><h2 class="battle-history">Turn 23</h2><div class="spacer battle-history"><br></div><div class="battle-history">Tyranitar, come back!<br></div><div class="battle-history">Go! <strong>Corviknight</strong>!<br></div><div class="battle-history">[Corviknight's Pressure]<br><small>Corviknight is exerting its pressure!</small><br></div><div class="spacer battle-history"><br></div><div class="battle-history">The opposing Corviknight used <strong>Defog</strong>!<br></div><div class="battle-history"><small>Corviknight's evasiveness fell!</small><br></div><div class="battle-history"><small>The pointed stones disappeared from around the opposing team!</small><br></div><div class="spacer battle-history"><br></div><h2 class="battle-history">Turn 24</h2><div class="spacer battle-history"><br></div><div class="battle-history">Corviknight used <strong>Roost</strong>!<br></div><div class="battle-history"><small>Corviknight had its HP restored.</small><br></div><div class="battle-history"><small>(Corviknight loses Flying type this turn.)</small><br></div><div class="spacer battle-history"><br></div><div class="battle-history">The opposing Corviknight used <strong>U-turn</strong>!<br></div><div class="battle-history"><small>It's not very effective...</small><br></div><div class="battle-history"><small>(Corviknight lost 4% of its health!)</small><br></div><div class="battle-history"><small>The opposing Corviknight was hurt by the Rocky Helmet!</small><br></div><div class="spacer battle-history"><br></div><div class="battle-history">The opposing Corviknight went back to Mossy Sandwich!<br></div><div class="battle-history">Mossy Sandwich sent out <strong>Blissey</strong>!<br></div><div class="spacer battle-history"><br></div><h2 class="battle-history">Turn 25</h2><div class="chat"><small> abismal left</small></div><div class="chat chatmessage-mossysandwich"><strong style="color:#ba49a2"><small>☆</small><span class="username" data-name="Mossy Sandwich">Mossy Sandwich</span>:</strong> <em>Yeah I lost that</em></div><div class="spacer battle-history"><br></div><div class="battle-history"><small>Mossy Sandwich forfeited.</small><br></div><div class="spacer battle-history"><br></div><div class="battle-history"><strong>aausma</strong> won the battle!<br></div><div class="chat"><small>☆Mossy Sandwich left</small></div></div><div class="inner-preempt message-log"></div></div></div>
</div>
<script>
let daily = Math.floor(Date.now()/1000/60/60/24);document.write('<script src="https://dragonheaven.herokuapp.com/js/replay-embed.js?version'+daily+'"></'+'script>');
</script>
