<!DOCTYPE html>
<meta charset="utf-8" />
<!-- version 1 -->
<title>[Gen 8] Megas for All replay: IsoCon vs. Mossy Sandwich</title>
<style>
html,body {font-family:Verdana, sans-serif;font-size:10pt;margin:0;padding:0;}body{padding:12px 0;} .battle-log {font-family:Verdana, sans-serif;font-size:10pt;} .battle-log-inline {border:1px solid #AAAAAA;background:#EEF2F5;color:black;max-width:640px;margin:0 auto 80px;padding-bottom:5px;} .battle-log .inner {padding:4px 8px 0px 8px;} .battle-log .inner-preempt {padding:0 8px 4px 8px;} .battle-log .inner-after {margin-top:0.5em;} .battle-log h2 {margin:0.5em -8px;padding:4px 8px;border:1px solid #AAAAAA;background:#E0E7EA;border-left:0;border-right:0;font-family:Verdana, sans-serif;font-size:13pt;} .battle-log .chat {vertical-align:middle;padding:3px 0 3px 0;font-size:8pt;} .battle-log .chat strong {color:#40576A;} .battle-log .chat em {padding:1px 4px 1px 3px;color:#000000;font-style:normal;} .chat.mine {background:rgba(0,0,0,0.05);margin-left:-8px;margin-right:-8px;padding-left:8px;padding-right:8px;} .spoiler {color:#BBBBBB;background:#BBBBBB;padding:0px 3px;} .spoiler:hover, .spoiler:active, .spoiler-shown {color:#000000;background:#E2E2E2;padding:0px 3px;} .spoiler a {color:#BBBBBB;} .spoiler:hover a, .spoiler:active a, .spoiler-shown a {color:#2288CC;} .chat code, .chat .spoiler:hover code, .chat .spoiler:active code, .chat .spoiler-shown code {border:1px solid #C0C0C0;background:#EEEEEE;color:black;padding:0 2px;} .chat .spoiler code {border:1px solid #CCCCCC;background:#CCCCCC;color:#CCCCCC;} .battle-log .rated {padding:3px 4px;} .battle-log .rated strong {color:white;background:#89A;padding:1px 4px;border-radius:4px;} .spacer {margin-top:0.5em;} .message-announce {background:#6688AA;color:white;padding:1px 4px 2px;} .message-announce a, .broadcast-green a, .broadcast-blue a, .broadcast-red a {color:#DDEEFF;} .broadcast-green {background-color:#559955;color:white;padding:2px 4px;} .broadcast-blue {background-color:#6688AA;color:white;padding:2px 4px;} .infobox {border:1px solid #6688AA;padding:2px 4px;} .infobox-limited {max-height:200px;overflow:auto;overflow-x:hidden;} .broadcast-red {background-color:#AA5544;color:white;padding:2px 4px;} .message-learn-canlearn {font-weight:bold;color:#228822;text-decoration:underline;} .message-learn-cannotlearn {font-weight:bold;color:#CC2222;text-decoration:underline;} .message-effect-weak {font-weight:bold;color:#CC2222;} .message-effect-resist {font-weight:bold;color:#6688AA;} .message-effect-immune {font-weight:bold;color:#666666;} .message-learn-list {margin-top:0;margin-bottom:0;} .message-throttle-notice, .message-error {color:#992222;} .message-overflow, .chat small.message-overflow {font-size:0pt;} .message-overflow::before {font-size:9pt;content:'...';} .subtle {color:#3A4A66;}
</style>
<div class="wrapper replay-wrapper" style="max-width:1180px;margin:0 auto">
<input type="hidden" name="replayid" value="dragonheaven-gen8megasforall-859" />
<div class="battle"></div><div class="battle-log"></div><div class="replay-controls"></div><div class="replay-controls-2"></div>
<h1 style="font-weight:normal;text-align:center"><strong>[Gen 8] Megas for All</strong><br /><a href="http://pokemonshowdown.com/users/isocon" class="subtle" target="_blank">IsoCon</a> vs. <a href="http://pokemonshowdown.com/users/mossysandwich" class="subtle" target="_blank">Mossy Sandwich</a></h1>
<script type="text/plain" class="battle-log-data">|j|☆IsoCon
|j|☆Mossy Sandwich
|t:|1610835619
|player|p1|IsoCon|acetrainersnowf|
|player|p2|Mossy Sandwich|2|
|teamsize|p1|6
|teamsize|p2|6
|gametype|singles
|gen|8
|tier|[Gen 8] Megas for All
|clearpoke
|poke|p1|Dragonite, M|
|poke|p1|Reuniclus, M|
|poke|p1|Gliscor, M|
|poke|p1|Magearna|
|poke|p1|Blissey, F|
|poke|p1|Serperior, M|
|poke|p2|Gothitelle, M|
|poke|p2|Tyranitar, F|
|poke|p2|Zapdos|
|poke|p2|Urshifu-*, F|
|poke|p2|Tapu Koko|
|poke|p2|Kartana|
|rule|HP Percentage Mod: HP is shown in percentages
|rule|Endless Battle Clause: Forcing endless battles is banned
|rule|OHKO Clause: OHKO moves are banned
|rule|Evasion Moves Clause: Evasion moves are banned
|rule|Species Clause: Limit one of each Pokémon
|rule|Dynamax Clause: You cannot dynamax
|rule|Sleep Clause Mod: Limit one foe put to sleep
|rule|Freeze Clause Mod: Limit one foe frozen
|raw|<img src="https:\/\/www.smogon.com\/forums\/attachments\/banner_2-png.302358\/" height="65" width="381">
|-message|Welcome to Megas for All!
|-message|This is a National Dex-based format where we aim to give a new Mega Evolution to every Pokémon.
|-message|Just like any official format, you can still only Mega Evolve one Pokémon per team!
|-message|You can find our thread and metagame resources here:
|-message|https:\/\/www.smogon.com\/forums\/threads\/3671140\/
|teampreview
|c|☆Mossy Sandwich|gl hf
|j|+inkbug1

|j| BlaueBrause
|c|☆IsoCon|u2
|
|t:|1610835630
|start
|switch|p1a: Serperior|Serperior, M|100\/100
|switch|p2a: Tapu Koko|Tapu Koko|100\/100
|-fieldstart|move: Electric Terrain|[from] ability: Electric Surge|[of] p2a: Tapu Koko
|turn|1
|j| crably
|
|t:|1610835639
|move|p2a: Tapu Koko|Volt Switch|p1a: Serperior
|-resisted|p1a: Serperior
|-damage|p1a: Serperior|70\/100
|l| crably
|
|t:|1610835648
|switch|p2a: Gothitelle|Gothitelle, M|100\/100|[from]move: Volt Switch
|move|p1a: Serperior|Leaf Storm|p2a: Gothitelle
|-damage|p2a: Gothitelle|69\/100
|-boost|p1a: Serperior|spa|2
|
|-heal|p1a: Serperior|76\/100|[from] item: Leftovers
|upkeep
|turn|2
|
|t:|1610835661
|detailschange|p2a: Gothitelle|Gothitelle-Mega, M
|-mega|p2a: Gothitelle|Gothitelle|Gothitite
|-start|p2a: Gothitelle|typechange|Psychic\/Steel|[silent]
|raw|<ul class="utilichart"><li class="result"><span class="col pokemonnamecol" style="white-space: nowrap">Gothitelle-Mega<\/span> <span class="col typecol"><img src="https:\/\/play.pokemonshowdown.com\/sprites\/types\/Psychic.png" alt="Psychic" height="14" width="32"><img src="https:\/\/play.pokemonshowdown.com\/sprites\/types\/Steel.png" alt="Steel" height="14" width="32"><\/span> <span style="float: left ; min-height: 26px"><span class="col abilitycol">Magic Guard<\/span><span class="col abilitycol"><\/span><\/span><span style="float: left ; min-height: 26px"><span class="col statcol"><em>HP<\/em><br>70<\/span> <span class="col statcol"><em>Atk<\/em><br>55<\/span> <span class="col statcol"><em>Def<\/em><br>120<\/span> <span class="col statcol"><em>SpA<\/em><br>130<\/span> <span class="col statcol"><em>SpD<\/em><br>150<\/span> <span class="col statcol"><em>Spe<\/em><br>65<\/span> <\/span><\/li><li style="clear: both"><\/li><\/ul>
|move|p1a: Serperior|Substitute|p1a: Serperior
|-start|p1a: Serperior|Substitute
|-damage|p1a: Serperior|51\/100
|move|p2a: Gothitelle|Teleport|p2a: Gothitelle
|
|t:|1610835671
|switch|p2a: Tapu Koko|Tapu Koko|100\/100|[from]move: Teleport
|
|-heal|p1a: Serperior|58\/100|[from] item: Leftovers
|upkeep
|turn|3
|
|t:|1610835676
|move|p2a: Tapu Koko|Volt Switch|p1a: Serperior
|-resisted|p1a: Serperior
|-end|p1a: Serperior|Substitute
|
|t:|1610835679
|switch|p2a: Kartana|Kartana|100\/100|[from]move: Volt Switch
|move|p1a: Serperior|Leaf Storm|p2a: Kartana
|-resisted|p2a: Kartana
|-damage|p2a: Kartana|46\/100
|-boost|p1a: Serperior|spa|2
|
|-heal|p1a: Serperior|64\/100|[from] item: Leftovers
|upkeep
|turn|4
|
|t:|1610835686
|move|p1a: Serperior|Hidden Power|p2a: Kartana
|-supereffective|p2a: Kartana
|-damage|p2a: Kartana|0 fnt
|faint|p2a: Kartana
|
|-heal|p1a: Serperior|70\/100|[from] item: Leftovers
|upkeep
|
|t:|1610835689
|switch|p2a: Tapu Koko|Tapu Koko|100\/100
|turn|5
|
|t:|1610835693
|move|p2a: Tapu Koko|Dazzling Gleam|p1a: Serperior
|-damage|p1a: Serperior|10\/100
|move|p1a: Serperior|Leaf Storm|p2a: Tapu Koko
|-damage|p2a: Tapu Koko|0 fnt
|-boost|p1a: Serperior|spa|2
|faint|p2a: Tapu Koko
|
|-heal|p1a: Serperior|16\/100|[from] item: Leftovers
|-fieldend|move: Electric Terrain
|upkeep
|
|t:|1610835696
|switch|p2a: Urshifu|Urshifu-Rapid-Strike, F|100\/100
|turn|6
|
|t:|1610835702
|move|p2a: Urshifu|Aqua Jet|p1a: Serperior
|-resisted|p1a: Serperior
|-damage|p1a: Serperior|0 fnt
|faint|p1a: Serperior
|
|upkeep
|
|t:|1610835715
|switch|p1a: Dragonite|Dragonite, M|100\/100
|turn|7
|
|t:|1610835718
|switch|p2a: Zapdos|Zapdos|100\/100
|move|p1a: Dragonite|Dragon Dance|p1a: Dragonite
|-boost|p1a: Dragonite|atk|1
|-boost|p1a: Dragonite|spe|1
|
|upkeep
|turn|8
|
|t:|1610835724
|move|p1a: Dragonite|Dragon Dance|p1a: Dragonite
|-boost|p1a: Dragonite|atk|1
|-boost|p1a: Dragonite|spe|1
|move|p2a: Zapdos|Discharge|p1a: Dragonite
|-damage|p1a: Dragonite|82\/100
|-status|p1a: Dragonite|par
|
|upkeep
|turn|9
|
|t:|1610835731
|move|p1a: Dragonite|Dragon Dance|p1a: Dragonite
|-boost|p1a: Dragonite|atk|1
|-boost|p1a: Dragonite|spe|1
|move|p2a: Zapdos|Hidden Power|p1a: Dragonite
|-supereffective|p1a: Dragonite
|-damage|p1a: Dragonite|8\/100 par
|
|upkeep
|turn|10
|
|t:|1610835738
|detailschange|p1a: Dragonite|Dragonite-Mega, M
|-mega|p1a: Dragonite|Dragonite|Draconite
|-start|p1a: Dragonite|typechange|Dragon\/Flying|[silent]
|raw|<ul class="utilichart"><li class="result"><span class="col pokemonnamecol" style="white-space: nowrap">Dragonite-Mega<\/span> <span class="col typecol"><img src="https:\/\/play.pokemonshowdown.com\/sprites\/types\/Dragon.png" alt="Dragon" height="14" width="32"><img src="https:\/\/play.pokemonshowdown.com\/sprites\/types\/Flying.png" alt="Flying" height="14" width="32"><\/span> <span style="float: left ; min-height: 26px"><span class="col abilitycol">Tough Claws<\/span><span class="col abilitycol"><\/span><\/span><span style="float: left ; min-height: 26px"><span class="col statcol"><em>HP<\/em><br>91<\/span> <span class="col statcol"><em>Atk<\/em><br>164<\/span> <span class="col statcol"><em>Def<\/em><br>110<\/span> <span class="col statcol"><em>SpA<\/em><br>122<\/span> <span class="col statcol"><em>SpD<\/em><br>122<\/span> <span class="col statcol"><em>Spe<\/em><br>91<\/span> <\/span><\/li><li style="clear: both"><\/li><\/ul>
|move|p1a: Dragonite|Dual Wingbeat|p2a: Zapdos
|-resisted|p2a: Zapdos
|-damage|p2a: Zapdos|69\/100
|-resisted|p2a: Zapdos
|-damage|p2a: Zapdos|42\/100
|-hitcount|p2a: Zapdos|2
|move|p2a: Zapdos|Hidden Power|p1a: Dragonite
|-supereffective|p1a: Dragonite
|-damage|p1a: Dragonite|0 fnt
|faint|p1a: Dragonite
|
|upkeep
|
|t:|1610835746
|switch|p1a: Magearna|Magearna|100\/100
|turn|11
|
|t:|1610835750
|move|p2a: Zapdos|Roost|p2a: Zapdos
|-heal|p2a: Zapdos|92\/100
|-singleturn|p2a: Zapdos|move: Roost
|move|p1a: Magearna|Ice Beam|p2a: Zapdos
|-damage|p2a: Zapdos|58\/100
|
|upkeep
|turn|12
|
|t:|1610835752
|move|p2a: Zapdos|Roost|p2a: Zapdos
|-heal|p2a: Zapdos|100\/100
|-singleturn|p2a: Zapdos|move: Roost
|move|p1a: Magearna|Fleur Cannon|p2a: Zapdos|[miss]
|-miss|p1a: Magearna|p2a: Zapdos
|
|upkeep
|turn|13
|c|☆Mossy Sandwich|sorry
|
|t:|1610835759
|switch|p2a: Gothitelle|Gothitelle-Mega, M|69\/100
|-start|p2a: Gothitelle|typechange|Psychic\/Steel|[silent]
|move|p1a: Magearna|Eerie Impulse|p2a: Gothitelle
|-unboost|p2a: Gothitelle|spa|2
|
|upkeep
|turn|14
|
|t:|1610835764
|move|p2a: Gothitelle|Wish|p2a: Gothitelle
|move|p1a: Magearna|Volt Switch|p2a: Gothitelle
|-damage|p2a: Gothitelle|55\/100
|
|t:|1610835766
|switch|p1a: Reuniclus|Reuniclus, M|100\/100|[from]move: Volt Switch
|
|upkeep
|turn|15
|
|t:|1610835772
|move|p2a: Gothitelle|Doom Desire|p1a: Reuniclus
|-start|p2a: Gothitelle|Doom Desire
|move|p1a: Reuniclus|Future Sight|p2a: Gothitelle
|-start|p1a: Reuniclus|move: Future Sight
|
|-heal|p2a: Gothitelle|100\/100|[from] move: Wish|[wisher] Gothitelle
|upkeep
|turn|16
|
|t:|1610835784
|switch|p1a: Magearna|Magearna|100\/100
|move|p2a: Gothitelle|Teleport|p2a: Gothitelle
|
|t:|1610835789
|switch|p2a: Tyranitar|Tyranitar, F|100\/100|[from]move: Teleport
|-weather|Sandstorm|[from] ability: Sand Stream|[of] p2a: Tyranitar
|
|-weather|Sandstorm|[upkeep]
|upkeep
|turn|17
|
|t:|1610835798
|switch|p2a: Gothitelle|Gothitelle-Mega, M|100\/100
|-start|p2a: Gothitelle|typechange|Psychic\/Steel|[silent]
|move|p1a: Magearna|Fleur Cannon|p2a: Gothitelle
|-resisted|p2a: Gothitelle
|-damage|p2a: Gothitelle|79\/100
|-unboost|p1a: Magearna|spa|2
|
|-weather|Sandstorm|[upkeep]
|-end|p2a: Gothitelle|move: Future Sight
|-resisted|p2a: Gothitelle
|-damage|p2a: Gothitelle|72\/100
|-end|p1a: Magearna|move: Doom Desire
|-damage|p1a: Magearna|52\/100
|-heal|p1a: Magearna|58\/100|[from] item: Leftovers
|upkeep
|turn|18
|
|t:|1610835806
|switch|p1a: Reuniclus|Reuniclus, M|100\/100
|move|p2a: Gothitelle|Wish|p2a: Gothitelle
|
|-weather|Sandstorm|[upkeep]
|-damage|p1a: Reuniclus|94\/100|[from] Sandstorm
|upkeep
|turn|19
|
|t:|1610835810
|switch|p1a: Gliscor|Gliscor, M|100\/100
|move|p2a: Gothitelle|Doom Desire|p1a: Gliscor
|-start|p2a: Gothitelle|Doom Desire
|
|-weather|Sandstorm|[upkeep]
|-heal|p2a: Gothitelle|100\/100|[from] move: Wish|[wisher] Gothitelle
|-status|p1a: Gliscor|tox|[from] item: Toxic Orb
|upkeep
|turn|20
|
|t:|1610835816
|switch|p2a: Urshifu|Urshifu-Rapid-Strike, F|100\/100
|move|p1a: Gliscor|Earthquake|p2a: Urshifu
|-damage|p2a: Urshifu|69\/100
|
|-weather|none
|upkeep
|turn|21
|
|t:|1610835825
|switch|p1a: Blissey|Blissey, F|100\/100
|move|p2a: Urshifu|Surging Strikes|p1a: Blissey
|-crit|p1a: Blissey
|-damage|p1a: Blissey|74\/100
|-crit|p1a: Blissey
|-damage|p1a: Blissey|47\/100
|-crit|p1a: Blissey
|-damage|p1a: Blissey|20\/100
|-hitcount|p1a: Blissey|3
|
|-end|p1a: Blissey|move: Doom Desire
|-damage|p1a: Blissey|0 fnt
|upkeep
|faint|p1a: Blissey
|
|t:|1610835828
|switch|p1a: Reuniclus|Reuniclus, M|100\/100
|turn|22
|
|t:|1610835837
|switch|p2a: Gothitelle|Gothitelle-Mega, M|100\/100
|-start|p2a: Gothitelle|typechange|Psychic\/Steel|[silent]
|move|p1a: Reuniclus|Future Sight|p2a: Gothitelle
|-start|p1a: Reuniclus|move: Future Sight
|
|upkeep
|turn|23
|
|t:|1610835840
|switch|p1a: Magearna|Magearna|58\/100
|move|p2a: Gothitelle|Wish|p2a: Gothitelle
|
|-heal|p1a: Magearna|64\/100|[from] item: Leftovers
|upkeep
|turn|24
|
|t:|1610835847
|move|p2a: Gothitelle|Doom Desire|p1a: Magearna
|-start|p2a: Gothitelle|Doom Desire
|move|p1a: Magearna|Eerie Impulse|p2a: Gothitelle
|-unboost|p2a: Gothitelle|spa|2
|
|-end|p2a: Gothitelle|move: Future Sight
|-resisted|p2a: Gothitelle
|-damage|p2a: Gothitelle|94\/100
|-heal|p2a: Gothitelle|100\/100|[from] move: Wish|[wisher] Gothitelle
|-heal|p1a: Magearna|70\/100|[from] item: Leftovers
|upkeep
|turn|25
|
|t:|1610835858
|move|p1a: Magearna|Eerie Impulse|p2a: Gothitelle
|-unboost|p2a: Gothitelle|spa|2
|move|p2a: Gothitelle|Teleport|p2a: Gothitelle
|
|t:|1610835861
|switch|p2a: Zapdos|Zapdos|100\/100|[from]move: Teleport
|
|-heal|p1a: Magearna|76\/100|[from] item: Leftovers
|upkeep
|turn|26
|
|t:|1610835865
|switch|p2a: Gothitelle|Gothitelle-Mega, M|100\/100
|-start|p2a: Gothitelle|typechange|Psychic\/Steel|[silent]
|move|p1a: Magearna|Eerie Impulse|p2a: Gothitelle
|-unboost|p2a: Gothitelle|spa|2
|
|-end|p1a: Magearna|move: Doom Desire
|-damage|p1a: Magearna|51\/100
|-heal|p1a: Magearna|57\/100|[from] item: Leftovers
|upkeep
|turn|27
|
|t:|1610835872
|move|p1a: Magearna|Eerie Impulse|p2a: Gothitelle
|-unboost|p2a: Gothitelle|spa|2
|move|p2a: Gothitelle|Teleport|p2a: Gothitelle
|
|t:|1610835876
|switch|p2a: Zapdos|Zapdos|100\/100|[from]move: Teleport
|
|-heal|p1a: Magearna|63\/100|[from] item: Leftovers
|upkeep
|turn|28
|
|t:|1610835880
|move|p2a: Zapdos|Discharge|p1a: Magearna
|-damage|p1a: Magearna|36\/100
|-status|p1a: Magearna|par
|move|p1a: Magearna|Eerie Impulse|p2a: Zapdos
|-unboost|p2a: Zapdos|spa|2
|
|-heal|p1a: Magearna|42\/100 par|[from] item: Leftovers
|upkeep
|turn|29
|
|t:|1610835890
|switch|p2a: Gothitelle|Gothitelle-Mega, M|100\/100
|-start|p2a: Gothitelle|typechange|Psychic\/Steel|[silent]
|switch|p1a: Gliscor|Gliscor, M|100\/100 tox
|
|upkeep
|turn|30
|
|t:|1610835897
|switch|p2a: Zapdos|Zapdos|100\/100
|move|p1a: Gliscor|U-turn|p2a: Zapdos
|-resisted|p2a: Zapdos
|-damage|p2a: Zapdos|95\/100
|
|t:|1610835898
|switch|p1a: Reuniclus|Reuniclus, M|100\/100|[from]move: U-turn
|
|upkeep
|turn|31
|
|t:|1610835902
|switch|p2a: Gothitelle|Gothitelle-Mega, M|100\/100
|-start|p2a: Gothitelle|typechange|Psychic\/Steel|[silent]
|move|p1a: Reuniclus|Future Sight|p2a: Gothitelle
|-start|p1a: Reuniclus|move: Future Sight
|
|upkeep
|turn|32
|
|t:|1610835905
|switch|p1a: Gliscor|Gliscor, M|100\/100 tox
|move|p2a: Gothitelle|Wish|p2a: Gothitelle
|
|upkeep
|turn|33
|
|t:|1610835927
|move|p1a: Gliscor|U-turn|p2a: Gothitelle
|-damage|p2a: Gothitelle|87\/100
|
|t:|1610835929
|switch|p1a: Reuniclus|Reuniclus, M|100\/100|[from]move: U-turn
|move|p2a: Gothitelle|Doom Desire|p1a: Reuniclus
|-start|p2a: Gothitelle|Doom Desire
|
|-end|p2a: Gothitelle|move: Future Sight
|-resisted|p2a: Gothitelle
|-damage|p2a: Gothitelle|80\/100
|-heal|p2a: Gothitelle|100\/100|[from] move: Wish|[wisher] Gothitelle
|upkeep
|turn|34
|
|t:|1610835934
|move|p1a: Reuniclus|Future Sight|p2a: Gothitelle
|-start|p1a: Reuniclus|move: Future Sight
|move|p2a: Gothitelle|Teleport|p2a: Gothitelle
|
|t:|1610835938
|switch|p2a: Urshifu|Urshifu-Rapid-Strike, F|69\/100|[from]move: Teleport
|
|upkeep
|turn|35
|
|t:|1610835943
|move|p2a: Urshifu|U-turn|p1a: Reuniclus
|-supereffective|p1a: Reuniclus
|-damage|p1a: Reuniclus|26\/100
|
|t:|1610835946
|switch|p2a: Gothitelle|Gothitelle-Mega, M|100\/100|[from]move: U-turn
|-start|p2a: Gothitelle|typechange|Psychic\/Steel|[silent]
|move|p1a: Reuniclus|Psycho Boost|p2a: Gothitelle
|-resisted|p2a: Gothitelle
|-damage|p2a: Gothitelle|92\/100
|-unboost|p1a: Reuniclus|spa|2
|
|-end|p1a: Reuniclus|move: Doom Desire
|-damage|p1a: Reuniclus|0 fnt
|faint|p1a: Reuniclus
|upkeep
|-message|IsoCon forfeited.
|
|win|Mossy Sandwich
|c|☆Mossy Sandwich|gg
|c|☆IsoCon|gg</script>
</div>
<div class="battle-log battle-log-inline"><div class="inner"><div class="battle-options"><div style="padding-top: 3px; padding-right: 3px; text-align: right"><button class="icon button" name="openBattleOptions" title="Options">Battle Options</button></div></div><div class="inner message-log"><div class="chat"><small>☆IsoCon and ☆Mossy Sandwich joined</small></div><div class=""><small>Format:</small> <br><strong>[Gen 8] Megas for All</strong></div><div class=""><small><em>HP Percentage Mod:</em> HP is shown in percentages</small></div><div class=""><small><em>Endless Battle Clause:</em> Forcing endless battles is banned</small></div><div class=""><small><em>OHKO Clause:</em> OHKO moves are banned</small></div><div class=""><small><em>Evasion Moves Clause:</em> Evasion moves are banned</small></div><div class=""><small><em>Species Clause:</em> Limit one of each Pokémon</small></div><div class=""><small><em>Dynamax Clause:</em> You cannot dynamax</small></div><div class=""><small><em>Sleep Clause Mod:</em> Limit one foe put to sleep</small></div><div class=""><small><em>Freeze Clause Mod:</em> Limit one foe frozen</small></div><div class="chat"><img src="https://www.smogon.com/forums/attachments/banner_2-png.302358/" height="65" width="381"></div><div class="spacer battle-history"><br></div><div class="battle-history"><small>Welcome to Megas for All!</small><br></div><div class="battle-history"><small>This is a National Dex-based format where we aim to give a new Mega Evolution to every Pokémon.</small><br></div><div class="battle-history"><small>Just like any official format, you can still only Mega Evolve one Pokémon per team!</small><br></div><div class="battle-history"><small>You can find our thread and metagame resources here:</small><br></div><div class="battle-history"><small>https://www.smogon.com/forums/threads/3671140/</small><br></div><div class="chat battle-history"><strong>IsoCon's team:</strong> <em style="color:#445566;display:block;">Dragonite / Reuniclus / Gliscor / Magearna / Blissey / Serperior</em></div><div class="chat battle-history"><strong>Mossy Sandwich's team:</strong> <em style="color:#445566;display:block;">Gothitelle / Tyranitar / Zapdos / Urshifu-* / Tapu Koko / Kartana</em></div><div class="chat chatmessage-mossysandwich"><strong style="color:#ba49a2"><small>☆</small><span class="username" data-name="Mossy Sandwich">Mossy Sandwich</span>:</strong> <em>gl hf</em></div><div class="chat"><small>+inkbug1 and  BlaueBrause joined</small></div><div class="chat chatmessage-isocon"><strong style="color:#616adf"><small>☆</small><span class="username" data-name="IsoCon">IsoCon</span>:</strong> <em>u2</em></div><div class="spacer battle-history"><br></div><div class="battle-history">Battle started between IsoCon and Mossy Sandwich!<br></div><div class="spacer battle-history"><br></div><div class="battle-history">Go! <strong>Serperior</strong>!<br></div><div class="spacer battle-history"><br></div><div class="battle-history">Mossy Sandwich sent out <strong>Tapu Koko</strong>!<br></div><div class="battle-history">[The opposing Tapu Koko's Electric Surge]<br><small>An electric current ran across the battlefield!</small><br></div><div class="spacer battle-history"><br></div><h2 class="battle-history">Turn 1</h2><div class="chat"><small> crably joined</small></div><div class="spacer battle-history"><br></div><div class="battle-history">The opposing Tapu Koko used <strong>Volt Switch</strong>!<br></div><div class="battle-history"><small>It's not very effective...</small><br></div><div class="battle-history"><small>(Serperior lost 30% of its health!)</small><br></div><div class="chat"><small> crably left</small></div><div class="spacer battle-history"><br></div><div class="battle-history">The opposing Tapu Koko went back to Mossy Sandwich!<br></div><div class="battle-history">Mossy Sandwich sent out <strong>Gothitelle</strong>!<br></div><div class="spacer battle-history"><br></div><div class="battle-history">Serperior used <strong>Leaf Storm</strong>!<br></div><div class="battle-history"><small>(The opposing Gothitelle lost 31% of its health!)</small><br></div><div class="battle-history"><small>Serperior's Sp. Atk rose sharply!</small><br></div><div class="spacer battle-history"><br></div><div class="battle-history"><small>Serperior restored a little HP using its Leftovers!</small><br></div><div class="spacer battle-history"><br></div><h2 class="battle-history">Turn 2</h2><div class="spacer battle-history"><br></div><div class="battle-history"><small>The opposing Gothitelle's Gothitite is reacting to the Key Stone!</small><br>The opposing Gothitelle has Mega Evolved into Mega Gothitelle!<br></div><div class="chat"><ul class="utilichart"><li class="result"><span class="col pokemonnamecol" style="white-space: nowrap">Gothitelle-Mega</span> <span class="col typecol"><img src="https://play.pokemonshowdown.com/sprites/types/Psychic.png" alt="Psychic" height="14" width="32"><img src="https://play.pokemonshowdown.com/sprites/types/Steel.png" alt="Steel" height="14" width="32"></span> <span style="float: left ; min-height: 26px"><span class="col abilitycol">Magic Guard</span><span class="col abilitycol"></span></span><span style="float: left ; min-height: 26px"><span class="col statcol"><em>HP</em><br>70</span> <span class="col statcol"><em>Atk</em><br>55</span> <span class="col statcol"><em>Def</em><br>120</span> <span class="col statcol"><em>SpA</em><br>130</span> <span class="col statcol"><em>SpD</em><br>150</span> <span class="col statcol"><em>Spe</em><br>65</span> </span></li><li style="clear: both"></li></ul></div><div class="spacer battle-history"><br></div><div class="battle-history">Serperior used <strong>Substitute</strong>!<br></div><div class="battle-history"><small>Serperior put in a substitute!</small><br></div><div class="battle-history"><small>(Serperior lost 25% of its health!)</small><br></div><div class="spacer battle-history"><br></div><div class="battle-history">The opposing Gothitelle used <strong>Teleport</strong>!<br></div><div class="spacer battle-history"><br></div><div class="battle-history">Mossy Sandwich withdrew Gothitelle!<br></div><div class="battle-history">Mossy Sandwich sent out <strong>Tapu Koko</strong>!<br></div><div class="spacer battle-history"><br></div><div class="battle-history"><small>Serperior restored a little HP using its Leftovers!</small><br></div><div class="spacer battle-history"><br></div><h2 class="battle-history">Turn 3</h2><div class="spacer battle-history"><br></div><div class="battle-history">The opposing Tapu Koko used <strong>Volt Switch</strong>!<br></div><div class="battle-history"><small>It's not very effective...</small><br></div><div class="battle-history"><small>Serperior's substitute faded!</small><br></div><div class="spacer battle-history"><br></div><div class="battle-history">The opposing Tapu Koko went back to Mossy Sandwich!<br></div><div class="battle-history">Mossy Sandwich sent out <strong>Kartana</strong>!<br></div><div class="spacer battle-history"><br></div><div class="battle-history">Serperior used <strong>Leaf Storm</strong>!<br></div><div class="battle-history"><small>It's not very effective...</small><br></div><div class="battle-history"><small>(The opposing Kartana lost 54% of its health!)</small><br></div><div class="battle-history"><small>Serperior's Sp. Atk rose sharply!</small><br></div><div class="spacer battle-history"><br></div><div class="battle-history"><small>Serperior restored a little HP using its Leftovers!</small><br></div><div class="spacer battle-history"><br></div><h2 class="battle-history">Turn 4</h2><div class="spacer battle-history"><br></div><div class="battle-history">Serperior used <strong>Hidden Power</strong>!<br></div><div class="battle-history"><small>It's super effective!</small><br></div><div class="battle-history"><small>(The opposing Kartana lost 46% of its health!)</small><br></div><div class="spacer battle-history"><br></div><div class="battle-history">The opposing Kartana fainted!<br></div><div class="spacer battle-history"><br></div><div class="battle-history"><small>Serperior restored a little HP using its Leftovers!</small><br></div><div class="spacer battle-history"><br></div><div class="battle-history">Mossy Sandwich sent out <strong>Tapu Koko</strong>!<br></div><div class="spacer battle-history"><br></div><h2 class="battle-history">Turn 5</h2><div class="spacer battle-history"><br></div><div class="battle-history">The opposing Tapu Koko used <strong>Dazzling Gleam</strong>!<br></div><div class="battle-history"><small>(Serperior lost 60% of its health!)</small><br></div><div class="spacer battle-history"><br></div><div class="battle-history">Serperior used <strong>Leaf Storm</strong>!<br></div><div class="battle-history"><small>(The opposing Tapu Koko lost 100% of its health!)</small><br></div><div class="battle-history"><small>Serperior's Sp. Atk rose sharply!</small><br></div><div class="spacer battle-history"><br></div><div class="battle-history">The opposing Tapu Koko fainted!<br></div><div class="spacer battle-history"><br></div><div class="battle-history"><small>Serperior restored a little HP using its Leftovers!</small><br></div><div class="battle-history"><small>The electricity disappeared from the battlefield.</small><br></div><div class="spacer battle-history"><br></div><div class="battle-history">Mossy Sandwich sent out Urshifu (<strong>Urshifu-Rapid-Strike</strong>)!<br></div><div class="spacer battle-history"><br></div><h2 class="battle-history">Turn 6</h2><div class="spacer battle-history"><br></div><div class="battle-history">The opposing Urshifu used <strong>Aqua Jet</strong>!<br></div><div class="battle-history"><small>It's not very effective...</small><br></div><div class="battle-history"><small>(Serperior lost 16% of its health!)</small><br></div><div class="spacer battle-history"><br></div><div class="battle-history">Serperior fainted!<br></div><div class="spacer battle-history"><br></div><div class="battle-history">Go! <strong>Dragonite</strong>!<br></div><div class="spacer battle-history"><br></div><h2 class="battle-history">Turn 7</h2><div class="spacer battle-history"><br></div><div class="battle-history">Mossy Sandwich withdrew Urshifu!<br></div><div class="battle-history">Mossy Sandwich sent out <strong>Zapdos</strong>!<br></div><div class="spacer battle-history"><br></div><div class="battle-history">Dragonite used <strong>Dragon Dance</strong>!<br></div><div class="battle-history"><small>Dragonite's Attack rose!</small><br></div><div class="battle-history"><small>Dragonite's Speed rose!</small><br></div><div class="spacer battle-history"><br></div><h2 class="battle-history">Turn 8</h2><div class="spacer battle-history"><br></div><div class="battle-history">Dragonite used <strong>Dragon Dance</strong>!<br></div><div class="battle-history"><small>Dragonite's Attack rose!</small><br></div><div class="battle-history"><small>Dragonite's Speed rose!</small><br></div><div class="spacer battle-history"><br></div><div class="battle-history">The opposing Zapdos used <strong>Discharge</strong>!<br></div><div class="battle-history"><small>(Dragonite lost 18% of its health!)</small><br></div><div class="battle-history"><small>Dragonite is paralyzed! It may be unable to move!</small><br></div><div class="spacer battle-history"><br></div><h2 class="battle-history">Turn 9</h2><div class="spacer battle-history"><br></div><div class="battle-history">Dragonite used <strong>Dragon Dance</strong>!<br></div><div class="battle-history"><small>Dragonite's Attack rose!</small><br></div><div class="battle-history"><small>Dragonite's Speed rose!</small><br></div><div class="spacer battle-history"><br></div><div class="battle-history">The opposing Zapdos used <strong>Hidden Power</strong>!<br></div><div class="battle-history"><small>It's super effective!</small><br></div><div class="battle-history"><small>(Dragonite lost 74% of its health!)</small><br></div><div class="spacer battle-history"><br></div><h2 class="battle-history">Turn 10</h2><div class="spacer battle-history"><br></div><div class="battle-history"><small>Dragonite's Draconite is reacting to the Key Stone!</small><br>Dragonite has Mega Evolved into Mega Dragonite!<br></div><div class="chat"><ul class="utilichart"><li class="result"><span class="col pokemonnamecol" style="white-space: nowrap">Dragonite-Mega</span> <span class="col typecol"><img src="https://play.pokemonshowdown.com/sprites/types/Dragon.png" alt="Dragon" height="14" width="32"><img src="https://play.pokemonshowdown.com/sprites/types/Flying.png" alt="Flying" height="14" width="32"></span> <span style="float: left ; min-height: 26px"><span class="col abilitycol">Tough Claws</span><span class="col abilitycol"></span></span><span style="float: left ; min-height: 26px"><span class="col statcol"><em>HP</em><br>91</span> <span class="col statcol"><em>Atk</em><br>164</span> <span class="col statcol"><em>Def</em><br>110</span> <span class="col statcol"><em>SpA</em><br>122</span> <span class="col statcol"><em>SpD</em><br>122</span> <span class="col statcol"><em>Spe</em><br>91</span> </span></li><li style="clear: both"></li></ul></div><div class="spacer battle-history"><br></div><div class="battle-history">Dragonite used <strong>Dual Wingbeat</strong>!<br></div><div class="battle-history"><small>It's not very effective...</small><br></div><div class="battle-history"><small>(The opposing Zapdos lost 31% of its health!)</small><br></div><div class="battle-history"><small>It's not very effective...</small><br></div><div class="battle-history"><small>(The opposing Zapdos lost 27% of its health!)</small><br></div><div class="battle-history"><small>The Pokémon was hit 2 times!</small><br></div><div class="spacer battle-history"><br></div><div class="battle-history">The opposing Zapdos used <strong>Hidden Power</strong>!<br></div><div class="battle-history"><small>It's super effective!</small><br></div><div class="battle-history"><small>(Dragonite lost 8% of its health!)</small><br></div><div class="spacer battle-history"><br></div><div class="battle-history">Dragonite fainted!<br></div><div class="spacer battle-history"><br></div><div class="battle-history">Go! <strong>Magearna</strong>!<br></div><div class="spacer battle-history"><br></div><h2 class="battle-history">Turn 11</h2><div class="spacer battle-history"><br></div><div class="battle-history">The opposing Zapdos used <strong>Roost</strong>!<br></div><div class="battle-history"><small>The opposing Zapdos had its HP restored.</small><br></div><div class="battle-history"><small>(The opposing Zapdos loses Flying type this turn.)</small><br></div><div class="spacer battle-history"><br></div><div class="battle-history">Magearna used <strong>Ice Beam</strong>!<br></div><div class="battle-history"><small>(The opposing Zapdos lost 34% of its health!)</small><br></div><div class="spacer battle-history"><br></div><h2 class="battle-history">Turn 12</h2><div class="spacer battle-history"><br></div><div class="battle-history">The opposing Zapdos used <strong>Roost</strong>!<br></div><div class="battle-history"><small>The opposing Zapdos had its HP restored.</small><br></div><div class="battle-history"><small>(The opposing Zapdos loses Flying type this turn.)</small><br></div><div class="spacer battle-history"><br></div><div class="battle-history">Magearna used <strong>Fleur Cannon</strong>!<br></div><div class="battle-history"><small>The opposing Zapdos avoided the attack!</small><br></div><div class="spacer battle-history"><br></div><h2 class="battle-history">Turn 13</h2><div class="chat chatmessage-mossysandwich"><strong style="color:#ba49a2"><small>☆</small><span class="username" data-name="Mossy Sandwich">Mossy Sandwich</span>:</strong> <em>sorry</em></div><div class="spacer battle-history"><br></div><div class="battle-history">Mossy Sandwich withdrew Zapdos!<br></div><div class="battle-history">Mossy Sandwich sent out Gothitelle (<strong>Gothitelle-Mega</strong>)!<br></div><div class="spacer battle-history"><br></div><div class="battle-history">Magearna used <strong>Eerie Impulse</strong>!<br></div><div class="battle-history"><small>The opposing Gothitelle's Sp. Atk fell harshly!</small><br></div><div class="spacer battle-history"><br></div><h2 class="battle-history">Turn 14</h2><div class="spacer battle-history"><br></div><div class="battle-history">The opposing Gothitelle used <strong>Wish</strong>!<br></div><div class="spacer battle-history"><br></div><div class="battle-history">Magearna used <strong>Volt Switch</strong>!<br></div><div class="battle-history"><small>(The opposing Gothitelle lost 14% of its health!)</small><br></div><div class="spacer battle-history"><br></div><div class="battle-history">Magearna went back to IsoCon!<br></div><div class="battle-history">Go! <strong>Reuniclus</strong>!<br></div><div class="spacer battle-history"><br></div><h2 class="battle-history">Turn 15</h2><div class="spacer battle-history"><br></div><div class="battle-history">The opposing Gothitelle used <strong>Doom Desire</strong>!<br></div><div class="battle-history"><small>The opposing Gothitelle chose Doom Desire as its destiny!</small><br></div><div class="spacer battle-history"><br></div><div class="battle-history">Reuniclus used <strong>Future Sight</strong>!<br></div><div class="battle-history"><small>Reuniclus foresaw an attack!</small><br></div><div class="spacer battle-history"><br></div><div class="battle-history"><small>Gothitelle's wish came true!</small><br></div><div class="spacer battle-history"><br></div><h2 class="battle-history">Turn 16</h2><div class="spacer battle-history"><br></div><div class="battle-history">Reuniclus, come back!<br></div><div class="battle-history">Go! <strong>Magearna</strong>!<br></div><div class="spacer battle-history"><br></div><div class="battle-history">The opposing Gothitelle used <strong>Teleport</strong>!<br></div><div class="spacer battle-history"><br></div><div class="battle-history">Mossy Sandwich withdrew Gothitelle!<br></div><div class="battle-history">Mossy Sandwich sent out <strong>Tyranitar</strong>!<br></div><div class="battle-history">[The opposing Tyranitar's Sand Stream]<br><small>A sandstorm kicked up!</small><br></div><div class="spacer battle-history"><br></div><div class="battle-history"><small>(The sandstorm is raging.)</small><br></div><div class="spacer battle-history"><br></div><h2 class="battle-history">Turn 17</h2><div class="spacer battle-history"><br></div><div class="battle-history">Mossy Sandwich withdrew Tyranitar!<br></div><div class="battle-history">Mossy Sandwich sent out Gothitelle (<strong>Gothitelle-Mega</strong>)!<br></div><div class="spacer battle-history"><br></div><div class="battle-history">Magearna used <strong>Fleur Cannon</strong>!<br></div><div class="battle-history"><small>It's not very effective...</small><br></div><div class="battle-history"><small>(The opposing Gothitelle lost 21% of its health!)</small><br></div><div class="battle-history"><small>Magearna's Sp. Atk fell harshly!</small><br></div><div class="spacer battle-history"><br></div><div class="battle-history"><small>(The sandstorm is raging.)</small><br></div><div class="battle-history"><small>The opposing Gothitelle took the Future Sight attack!</small><br></div><div class="battle-history"><small>It's not very effective...</small><br></div><div class="battle-history"><small>(The opposing Gothitelle lost 7% of its health!)</small><br></div><div class="battle-history"><small>Magearna took the Doom Desire attack!</small><br></div><div class="battle-history"><small>(Magearna lost 48% of its health!)</small><br></div><div class="battle-history"><small>Magearna restored a little HP using its Leftovers!</small><br></div><div class="spacer battle-history"><br></div><h2 class="battle-history">Turn 18</h2><div class="spacer battle-history"><br></div><div class="battle-history">Magearna, come back!<br></div><div class="battle-history">Go! <strong>Reuniclus</strong>!<br></div><div class="spacer battle-history"><br></div><div class="battle-history">The opposing Gothitelle used <strong>Wish</strong>!<br></div><div class="spacer battle-history"><br></div><div class="battle-history"><small>(The sandstorm is raging.)</small><br></div><div class="battle-history"><small>Reuniclus is buffeted by the sandstorm!</small><br></div><div class="spacer battle-history"><br></div><h2 class="battle-history">Turn 19</h2><div class="spacer battle-history"><br></div><div class="battle-history">Reuniclus, come back!<br></div><div class="battle-history">Go! <strong>Gliscor</strong>!<br></div><div class="spacer battle-history"><br></div><div class="battle-history">The opposing Gothitelle used <strong>Doom Desire</strong>!<br></div><div class="battle-history"><small>The opposing Gothitelle chose Doom Desire as its destiny!</small><br></div><div class="spacer battle-history"><br></div><div class="battle-history"><small>(The sandstorm is raging.)</small><br></div><div class="battle-history"><small>Gothitelle's wish came true!</small><br></div><div class="battle-history"><small>Gliscor was badly poisoned!</small><br></div><div class="spacer battle-history"><br></div><h2 class="battle-history">Turn 20</h2><div class="spacer battle-history"><br></div><div class="battle-history">Mossy Sandwich withdrew Gothitelle!<br></div><div class="battle-history">Mossy Sandwich sent out Urshifu (<strong>Urshifu-Rapid-Strike</strong>)!<br></div><div class="spacer battle-history"><br></div><div class="battle-history">Gliscor used <strong>Earthquake</strong>!<br></div><div class="battle-history"><small>(The opposing Urshifu lost 31% of its health!)</small><br></div><div class="spacer battle-history"><br></div><div class="battle-history"><small>The sandstorm subsided.</small><br></div><div class="spacer battle-history"><br></div><h2 class="battle-history">Turn 21</h2><div class="spacer battle-history"><br></div><div class="battle-history">Gliscor, come back!<br></div><div class="battle-history">Go! <strong>Blissey</strong>!<br></div><div class="spacer battle-history"><br></div><div class="battle-history">The opposing Urshifu used <strong>Surging Strikes</strong>!<br></div><div class="battle-history"><small>A critical hit!</small><br></div><div class="battle-history"><small>(Blissey lost 26% of its health!)</small><br></div><div class="battle-history"><small>A critical hit!</small><br></div><div class="battle-history"><small>(Blissey lost 27% of its health!)</small><br></div><div class="battle-history"><small>A critical hit!</small><br></div><div class="battle-history"><small>(Blissey lost 27% of its health!)</small><br></div><div class="battle-history"><small>The Pokémon was hit 3 times!</small><br></div><div class="spacer battle-history"><br></div><div class="battle-history"><small>Blissey took the Doom Desire attack!</small><br></div><div class="battle-history"><small>(Blissey lost 20% of its health!)</small><br></div><div class="spacer battle-history"><br></div><div class="battle-history">Blissey fainted!<br></div><div class="spacer battle-history"><br></div><div class="battle-history">Go! <strong>Reuniclus</strong>!<br></div><div class="spacer battle-history"><br></div><h2 class="battle-history">Turn 22</h2><div class="spacer battle-history"><br></div><div class="battle-history">Mossy Sandwich withdrew Urshifu!<br></div><div class="battle-history">Mossy Sandwich sent out Gothitelle (<strong>Gothitelle-Mega</strong>)!<br></div><div class="spacer battle-history"><br></div><div class="battle-history">Reuniclus used <strong>Future Sight</strong>!<br></div><div class="battle-history"><small>Reuniclus foresaw an attack!</small><br></div><div class="spacer battle-history"><br></div><h2 class="battle-history">Turn 23</h2><div class="spacer battle-history"><br></div><div class="battle-history">Reuniclus, come back!<br></div><div class="battle-history">Go! <strong>Magearna</strong>!<br></div><div class="spacer battle-history"><br></div><div class="battle-history">The opposing Gothitelle used <strong>Wish</strong>!<br></div><div class="spacer battle-history"><br></div><div class="battle-history"><small>Magearna restored a little HP using its Leftovers!</small><br></div><div class="spacer battle-history"><br></div><h2 class="battle-history">Turn 24</h2><div class="spacer battle-history"><br></div><div class="battle-history">The opposing Gothitelle used <strong>Doom Desire</strong>!<br></div><div class="battle-history"><small>The opposing Gothitelle chose Doom Desire as its destiny!</small><br></div><div class="spacer battle-history"><br></div><div class="battle-history">Magearna used <strong>Eerie Impulse</strong>!<br></div><div class="battle-history"><small>The opposing Gothitelle's Sp. Atk fell harshly!</small><br></div><div class="spacer battle-history"><br></div><div class="battle-history"><small>The opposing Gothitelle took the Future Sight attack!</small><br></div><div class="battle-history"><small>It's not very effective...</small><br></div><div class="battle-history"><small>(The opposing Gothitelle lost 6% of its health!)</small><br></div><div class="battle-history"><small>Gothitelle's wish came true!</small><br></div><div class="battle-history"><small>Magearna restored a little HP using its Leftovers!</small><br></div><div class="spacer battle-history"><br></div><h2 class="battle-history">Turn 25</h2><div class="spacer battle-history"><br></div><div class="battle-history">Magearna used <strong>Eerie Impulse</strong>!<br></div><div class="battle-history"><small>The opposing Gothitelle's Sp. Atk fell harshly!</small><br></div><div class="spacer battle-history"><br></div><div class="battle-history">The opposing Gothitelle used <strong>Teleport</strong>!<br></div><div class="spacer battle-history"><br></div><div class="battle-history">Mossy Sandwich withdrew Gothitelle!<br></div><div class="battle-history">Mossy Sandwich sent out <strong>Zapdos</strong>!<br></div><div class="spacer battle-history"><br></div><div class="battle-history"><small>Magearna restored a little HP using its Leftovers!</small><br></div><div class="spacer battle-history"><br></div><h2 class="battle-history">Turn 26</h2><div class="spacer battle-history"><br></div><div class="battle-history">Mossy Sandwich withdrew Zapdos!<br></div><div class="battle-history">Mossy Sandwich sent out Gothitelle (<strong>Gothitelle-Mega</strong>)!<br></div><div class="spacer battle-history"><br></div><div class="battle-history">Magearna used <strong>Eerie Impulse</strong>!<br></div><div class="battle-history"><small>The opposing Gothitelle's Sp. Atk fell harshly!</small><br></div><div class="spacer battle-history"><br></div><div class="battle-history"><small>Magearna took the Doom Desire attack!</small><br></div><div class="battle-history"><small>(Magearna lost 25% of its health!)</small><br></div><div class="battle-history"><small>Magearna restored a little HP using its Leftovers!</small><br></div><div class="spacer battle-history"><br></div><h2 class="battle-history">Turn 27</h2><div class="spacer battle-history"><br></div><div class="battle-history">Magearna used <strong>Eerie Impulse</strong>!<br></div><div class="battle-history"><small>The opposing Gothitelle's Sp. Atk fell harshly!</small><br></div><div class="spacer battle-history"><br></div><div class="battle-history">The opposing Gothitelle used <strong>Teleport</strong>!<br></div><div class="spacer battle-history"><br></div><div class="battle-history">Mossy Sandwich withdrew Gothitelle!<br></div><div class="battle-history">Mossy Sandwich sent out <strong>Zapdos</strong>!<br></div><div class="spacer battle-history"><br></div><div class="battle-history"><small>Magearna restored a little HP using its Leftovers!</small><br></div><div class="spacer battle-history"><br></div><h2 class="battle-history">Turn 28</h2><div class="spacer battle-history"><br></div><div class="battle-history">The opposing Zapdos used <strong>Discharge</strong>!<br></div><div class="battle-history"><small>(Magearna lost 27% of its health!)</small><br></div><div class="battle-history"><small>Magearna is paralyzed! It may be unable to move!</small><br></div><div class="spacer battle-history"><br></div><div class="battle-history">Magearna used <strong>Eerie Impulse</strong>!<br></div><div class="battle-history"><small>The opposing Zapdos's Sp. Atk fell harshly!</small><br></div><div class="spacer battle-history"><br></div><div class="battle-history"><small>Magearna restored a little HP using its Leftovers!</small><br></div><div class="spacer battle-history"><br></div><h2 class="battle-history">Turn 29</h2><div class="spacer battle-history"><br></div><div class="battle-history">Mossy Sandwich withdrew Zapdos!<br></div><div class="battle-history">Mossy Sandwich sent out Gothitelle (<strong>Gothitelle-Mega</strong>)!<br></div><div class="spacer battle-history"><br></div><div class="battle-history">Magearna, come back!<br></div><div class="battle-history">Go! <strong>Gliscor</strong>!<br></div><div class="spacer battle-history"><br></div><h2 class="battle-history">Turn 30</h2><div class="spacer battle-history"><br></div><div class="battle-history">Mossy Sandwich withdrew Gothitelle!<br></div><div class="battle-history">Mossy Sandwich sent out <strong>Zapdos</strong>!<br></div><div class="spacer battle-history"><br></div><div class="battle-history">Gliscor used <strong>U-turn</strong>!<br></div><div class="battle-history"><small>It's not very effective...</small><br></div><div class="battle-history"><small>(The opposing Zapdos lost 5% of its health!)</small><br></div><div class="spacer battle-history"><br></div><div class="battle-history">Gliscor went back to IsoCon!<br></div><div class="battle-history">Go! <strong>Reuniclus</strong>!<br></div><div class="spacer battle-history"><br></div><h2 class="battle-history">Turn 31</h2><div class="spacer battle-history"><br></div><div class="battle-history">Mossy Sandwich withdrew Zapdos!<br></div><div class="battle-history">Mossy Sandwich sent out Gothitelle (<strong>Gothitelle-Mega</strong>)!<br></div><div class="spacer battle-history"><br></div><div class="battle-history">Reuniclus used <strong>Future Sight</strong>!<br></div><div class="battle-history"><small>Reuniclus foresaw an attack!</small><br></div><div class="spacer battle-history"><br></div><h2 class="battle-history">Turn 32</h2><div class="spacer battle-history"><br></div><div class="battle-history">Reuniclus, come back!<br></div><div class="battle-history">Go! <strong>Gliscor</strong>!<br></div><div class="spacer battle-history"><br></div><div class="battle-history">The opposing Gothitelle used <strong>Wish</strong>!<br></div><div class="spacer battle-history"><br></div><h2 class="battle-history">Turn 33</h2><div class="spacer battle-history"><br></div><div class="battle-history">Gliscor used <strong>U-turn</strong>!<br></div><div class="battle-history"><small>(The opposing Gothitelle lost 13% of its health!)</small><br></div><div class="spacer battle-history"><br></div><div class="battle-history">Gliscor went back to IsoCon!<br></div><div class="battle-history">Go! <strong>Reuniclus</strong>!<br></div><div class="spacer battle-history"><br></div><div class="battle-history">The opposing Gothitelle used <strong>Doom Desire</strong>!<br></div><div class="battle-history"><small>The opposing Gothitelle chose Doom Desire as its destiny!</small><br></div><div class="spacer battle-history"><br></div><div class="battle-history"><small>The opposing Gothitelle took the Future Sight attack!</small><br></div><div class="battle-history"><small>It's not very effective...</small><br></div><div class="battle-history"><small>(The opposing Gothitelle lost 7% of its health!)</small><br></div><div class="battle-history"><small>Gothitelle's wish came true!</small><br></div><div class="spacer battle-history"><br></div><h2 class="battle-history">Turn 34</h2><div class="spacer battle-history"><br></div><div class="battle-history">Reuniclus used <strong>Future Sight</strong>!<br></div><div class="battle-history"><small>Reuniclus foresaw an attack!</small><br></div><div class="spacer battle-history"><br></div><div class="battle-history">The opposing Gothitelle used <strong>Teleport</strong>!<br></div><div class="spacer battle-history"><br></div><div class="battle-history">Mossy Sandwich withdrew Gothitelle!<br></div><div class="battle-history">Mossy Sandwich sent out Urshifu (<strong>Urshifu-Rapid-Strike</strong>)!<br></div><div class="spacer battle-history"><br></div><h2 class="battle-history">Turn 35</h2><div class="spacer battle-history"><br></div><div class="battle-history">The opposing Urshifu used <strong>U-turn</strong>!<br></div><div class="battle-history"><small>It's super effective!</small><br></div><div class="battle-history"><small>(Reuniclus lost 74% of its health!)</small><br></div><div class="spacer battle-history"><br></div><div class="battle-history">The opposing Urshifu went back to Mossy Sandwich!<br></div><div class="battle-history">Mossy Sandwich sent out Gothitelle (<strong>Gothitelle-Mega</strong>)!<br></div><div class="spacer battle-history"><br></div><div class="battle-history">Reuniclus used <strong>Psycho Boost</strong>!<br></div><div class="battle-history"><small>It's not very effective...</small><br></div><div class="battle-history"><small>(The opposing Gothitelle lost 8% of its health!)</small><br></div><div class="battle-history"><small>Reuniclus's Sp. Atk fell harshly!</small><br></div><div class="spacer battle-history"><br></div><div class="battle-history"><small>Reuniclus took the Doom Desire attack!</small><br></div><div class="battle-history"><small>(Reuniclus lost 26% of its health!)</small><br></div><div class="spacer battle-history"><br></div><div class="battle-history">Reuniclus fainted!<br></div><div class="battle-history"><small>IsoCon forfeited.</small><br></div><div class="spacer battle-history"><br></div><div class="battle-history"><strong>Mossy Sandwich</strong> won the battle!<br></div><div class="chat chatmessage-mossysandwich"><strong style="color:#ba49a2"><small>☆</small><span class="username" data-name="Mossy Sandwich">Mossy Sandwich</span>:</strong> <em>gg</em></div><div class="chat chatmessage-isocon"><strong style="color:#616adf"><small>☆</small><span class="username" data-name="IsoCon">IsoCon</span>:</strong> <em>gg</em></div></div><div class="inner-preempt message-log"></div></div></div>
</div>
<script>
let daily = Math.floor(Date.now()/1000/60/60/24);document.write('<script src="https://dragonheaven.herokuapp.com/js/replay-embed.js?version'+daily+'"></'+'script>');
</script>
