<!DOCTYPE html>
<meta charset="utf-8" />
<!-- version 1 -->
<title>[Gen 8] Megas for All replay: isocon vs. Paul(Paulluxx)</title>
<style>
html,body {font-family:Verdana, sans-serif;font-size:10pt;margin:0;padding:0;}body{padding:12px 0;} .battle-log {font-family:Verdana, sans-serif;font-size:10pt;} .battle-log-inline {border:1px solid #AAAAAA;background:#EEF2F5;color:black;max-width:640px;margin:0 auto 80px;padding-bottom:5px;} .battle-log .inner {padding:4px 8px 0px 8px;} .battle-log .inner-preempt {padding:0 8px 4px 8px;} .battle-log .inner-after {margin-top:0.5em;} .battle-log h2 {margin:0.5em -8px;padding:4px 8px;border:1px solid #AAAAAA;background:#E0E7EA;border-left:0;border-right:0;font-family:Verdana, sans-serif;font-size:13pt;} .battle-log .chat {vertical-align:middle;padding:3px 0 3px 0;font-size:8pt;} .battle-log .chat strong {color:#40576A;} .battle-log .chat em {padding:1px 4px 1px 3px;color:#000000;font-style:normal;} .chat.mine {background:rgba(0,0,0,0.05);margin-left:-8px;margin-right:-8px;padding-left:8px;padding-right:8px;} .spoiler {color:#BBBBBB;background:#BBBBBB;padding:0px 3px;} .spoiler:hover, .spoiler:active, .spoiler-shown {color:#000000;background:#E2E2E2;padding:0px 3px;} .spoiler a {color:#BBBBBB;} .spoiler:hover a, .spoiler:active a, .spoiler-shown a {color:#2288CC;} .chat code, .chat .spoiler:hover code, .chat .spoiler:active code, .chat .spoiler-shown code {border:1px solid #C0C0C0;background:#EEEEEE;color:black;padding:0 2px;} .chat .spoiler code {border:1px solid #CCCCCC;background:#CCCCCC;color:#CCCCCC;} .battle-log .rated {padding:3px 4px;} .battle-log .rated strong {color:white;background:#89A;padding:1px 4px;border-radius:4px;} .spacer {margin-top:0.5em;} .message-announce {background:#6688AA;color:white;padding:1px 4px 2px;} .message-announce a, .broadcast-green a, .broadcast-blue a, .broadcast-red a {color:#DDEEFF;} .broadcast-green {background-color:#559955;color:white;padding:2px 4px;} .broadcast-blue {background-color:#6688AA;color:white;padding:2px 4px;} .infobox {border:1px solid #6688AA;padding:2px 4px;} .infobox-limited {max-height:200px;overflow:auto;overflow-x:hidden;} .broadcast-red {background-color:#AA5544;color:white;padding:2px 4px;} .message-learn-canlearn {font-weight:bold;color:#228822;text-decoration:underline;} .message-learn-cannotlearn {font-weight:bold;color:#CC2222;text-decoration:underline;} .message-effect-weak {font-weight:bold;color:#CC2222;} .message-effect-resist {font-weight:bold;color:#6688AA;} .message-effect-immune {font-weight:bold;color:#666666;} .message-learn-list {margin-top:0;margin-bottom:0;} .message-throttle-notice, .message-error {color:#992222;} .message-overflow, .chat small.message-overflow {font-size:0pt;} .message-overflow::before {font-size:9pt;content:'...';} .subtle {color:#3A4A66;}
</style>
<div class="wrapper replay-wrapper" style="max-width:1180px;margin:0 auto">
<input type="hidden" name="replayid" value="dragonheaven-gen8megasforall-345" />
<div class="battle"></div><div class="battle-log"></div><div class="replay-controls"></div><div class="replay-controls-2"></div>
<h1 style="font-weight:normal;text-align:center"><strong>[Gen 8] Megas for All</strong><br /><a href="http://pokemonshowdown.com/users/isocon" class="subtle" target="_blank">isocon</a> vs. <a href="http://pokemonshowdown.com/users/paulpaulluxx" class="subtle" target="_blank">Paul(Paulluxx)</a></h1>
<script type="text/plain" class="battle-log-data">|j|☆isocon
|j|☆Paul(Paulluxx)
|t:|1640372066
|player|p1|isocon|acetrainersnowf|
|player|p2|Paul(Paulluxx)|mallow|
|teamsize|p1|6
|teamsize|p2|6
|gametype|singles
|gen|8
|tier|[Gen 8] Megas for All
|rated|Tournament battle
|clearpoke
|poke|p1|Lunala|
|poke|p1|Corviknight, M|
|poke|p1|Toxapex, M|
|poke|p1|Blissey, F|
|poke|p1|Clefable, M|
|poke|p1|Weavile, F|
|poke|p2|Weavile, M|
|poke|p2|Suicune|
|poke|p2|Toxtricity-Low-Key, F|
|poke|p2|Ferrothorn, F|
|poke|p2|Gliscor, M|
|poke|p2|Cinderace, F|
|rule|HP Percentage Mod: HP is shown in percentages
|rule|Endless Battle Clause: Forcing endless battles is banned
|rule|OHKO Clause: OHKO moves are banned
|rule|Evasion Moves Clause: Evasion moves are banned
|rule|Species Clause: Limit one of each Pokémon
|rule|Dynamax Clause: You cannot dynamax
|rule|Sleep Clause Mod: Limit one foe put to sleep
|rule|Freeze Clause Mod: Limit one foe frozen
|raw|<img src="https:\/\/raw.githubusercontent.com\/scoopapa\/DH\/master\/data\/mods\/m4av6\/sprites\/m4a_banner.png" height="65" width="381">
|-message|Welcome to Megas for All!
|-message|This is a National Dex-based format where we aim to give a new Mega Evolution to every Pokémon.
|-message|Just like any official format, you can still only Mega Evolve one Pokémon per team!
|-message|You can find our thread and metagame resources here:
|-message|https:\/\/www.smogon.com\/forums\/threads\/3671140\/
|teampreview
|j| Hematemesis
|j| FierceHawk192
|c|☆isocon|lets not permaswitch this time
|c|☆isocon|glhf
|
|t:|1640372086
|start
|switch|p1a: Weavile|Weavile, F|100\/100
|switch|p2a: Toxtricity|Toxtricity-Low-Key, F|100\/100
|-ability|p1a: Weavile|Pressure
|turn|1
|c|☆Paul(Paulluxx)|glhf
|
|t:|1640372097
|switch|p1a: Blissey|Blissey, F|100\/100
|detailschange|p2a: Toxtricity|Toxtricity-Low-Key-Mega, F
|-mega|p2a: Toxtricity|Toxtricity|Toxtricitite
|-status|p1a: Blissey|psn|[from] ability: Acid Rock|[of] p2a: Toxtricity
|-hint|Poison inflicted through Acid Rock is only half as damaging as normal poison.
|-start|p2a: Toxtricity|typechange|Electric\/Poison|[silent]
|raw|<ul class="utilichart"><li class="result"><span class="col pokemonnamecol" style="white-space: nowrap">Toxtricity-Low-Key-Mega<\/span> <span class="col typecol"><img src="https:\/\/play.pokemonshowdown.com\/sprites\/types\/Electric.png" alt="Electric" height="14" width="32"><img src="https:\/\/play.pokemonshowdown.com\/sprites\/types\/Poison.png" alt="Poison" height="14" width="32"><\/span> <span style="float: left ; min-height: 26px"><span class="col abilitycol">Acid Rock<\/span><span class="col abilitycol"><\/span><\/span><span style="float: left ; min-height: 26px"><span class="col statcol"><em>HP<\/em><br>75<\/span> <span class="col statcol"><em>Atk<\/em><br>98<\/span> <span class="col statcol"><em>Def<\/em><br>100<\/span> <span class="col statcol"><em>SpA<\/em><br>114<\/span> <span class="col statcol"><em>SpD<\/em><br>140<\/span> <span class="col statcol"><em>Spe<\/em><br>75<\/span> <\/span><\/li><li style="clear: both"><\/li><\/ul>
|-hint|Toxtricity-Low-Key-Mega was submitted by DrPumpkinz!
|move|p2a: Toxtricity|Protect||[still]
|-fail|p2a: Toxtricity
|
|-damage|p1a: Blissey|94\/100 psn|[from] psn
|upkeep
|turn|2
|j| kha243
|c|☆isocon|why does this team just lose to lk
|
|t:|1640372117
|move|p2a: Toxtricity|Volt Switch|p1a: Blissey
|-damage|p1a: Blissey|85\/100 psn
|
|t:|1640372120
|switch|p2a: Gliscor|Gliscor, M|100\/100|[from]move: Volt Switch
|move|p1a: Blissey|Seismic Toss|p2a: Gliscor
|-damage|p2a: Gliscor|72\/100
|
|-damage|p1a: Blissey|79\/100 psn|[from] psn
|-status|p2a: Gliscor|tox|[from] item: Toxic Orb
|upkeep
|turn|3
|c| kha243|now i got to build a team that beats lunala stall
|
|t:|1640372129
|switch|p1a: Weavile|Weavile, F|100\/100
|-ability|p1a: Weavile|Pressure
|move|p2a: Gliscor|Taunt|p1a: Weavile
|-start|p1a: Weavile|move: Taunt
|
|-heal|p2a: Gliscor|85\/100 tox|[from] ability: Poison Heal
|upkeep
|turn|4
|
|t:|1640372142
|-activate|p2a: Gliscor|move: Pursuit
|move|p1a: Weavile|Pursuit|p2a: Gliscor|[from]Pursuit
|-damage|p2a: Gliscor|36\/100 tox
|switch|p2a: Toxtricity|Toxtricity-Low-Key-Mega, F|100\/100
|-start|p2a: Toxtricity|typechange|Electric\/Poison|[silent]
|-status|p1a: Weavile|psn|[from] ability: Acid Rock|[of] p2a: Toxtricity
|-hint|Poison inflicted through Acid Rock is only half as damaging as normal poison.
|
|-damage|p1a: Weavile|94\/100 psn|[from] psn
|upkeep
|turn|5
|j|#inkbug1

|
|t:|1640372147
|switch|p1a: Blissey|Blissey, F|79\/100
|move|p2a: Toxtricity|Volt Switch|p1a: Blissey
|-damage|p1a: Blissey|69\/100
|
|t:|1640372170
|switch|p2a: Cinderace|Cinderace, F|100\/100|[from]move: Volt Switch
|
|upkeep
|turn|6
|
|t:|1640372180
|switch|p1a: Toxapex|Toxapex, M|100\/100
|move|p2a: Cinderace|High Jump Kick|p1a: Toxapex
|-start|p2a: Cinderace|typechange|Fighting|[from] ability: Libero
|-resisted|p1a: Toxapex
|-damage|p1a: Toxapex|80\/100
|-damage|p2a: Cinderace|84\/100|[from] item: Rocky Helmet|[of] p1a: Toxapex
|
|upkeep
|turn|7
|j| Gekokeso
|
|t:|1640372185
|switch|p2a: Toxtricity|Toxtricity-Low-Key-Mega, F|100\/100
|-start|p2a: Toxtricity|typechange|Electric\/Poison|[silent]
|-ability|p2a: Toxtricity|Acid Rock
|-immune|p1a: Toxapex
|move|p1a: Toxapex|Toxic Spikes|p2a: Toxtricity
|-sidestart|p2: Paul(Paulluxx)|move: Toxic Spikes
|
|upkeep
|turn|8
|
|t:|1640372203
|switch|p1a: Clefable|Clefable, M|100\/100
|move|p2a: Toxtricity|Volt Switch|p1a: Clefable
|-damage|p1a: Clefable|81\/100
|l| FierceHawk192
|
|t:|1640372208
|switch|p2a: Cinderace|Cinderace, F|84\/100|[from]move: Volt Switch
|
|-heal|p1a: Clefable|87\/100|[from] item: Leftovers
|upkeep
|turn|9
|
|t:|1640372223
|switch|p2a: Toxtricity|Toxtricity-Low-Key-Mega, F|100\/100
|-sideend|p2: Paul(Paulluxx)|move: Toxic Spikes|[of] p2a: Toxtricity
|-start|p2a: Toxtricity|typechange|Electric\/Poison|[silent]
|-status|p1a: Clefable|psn|[from] ability: Acid Rock|[of] p2a: Toxtricity
|-hint|Poison inflicted through Acid Rock is only half as damaging as normal poison.
|switch|p1a: Toxapex|Toxapex, M|100\/100
|
|upkeep
|turn|10
|
|t:|1640372230
|switch|p1a: Blissey|Blissey, F|69\/100
|move|p2a: Toxtricity|Volt Switch|p1a: Blissey
|-damage|p1a: Blissey|60\/100
|
|t:|1640372236
|switch|p2a: Weavile|Weavile, M|100\/100|[from]move: Volt Switch
|-ability|p2a: Weavile|Pressure
|
|upkeep
|turn|11
|
|t:|1640372240
|switch|p1a: Toxapex|Toxapex, M|100\/100
|move|p2a: Weavile|Knock Off|p1a: Toxapex
|-damage|p1a: Toxapex|57\/100
|-damage|p2a: Weavile|84\/100|[from] item: Rocky Helmet|[of] p1a: Toxapex
|-enditem|p1a: Toxapex|Rocky Helmet|[from] move: Knock Off|[of] p2a: Weavile
|
|upkeep
|turn|12
|
|t:|1640372243
|switch|p2a: Toxtricity|Toxtricity-Low-Key-Mega, F|100\/100
|-start|p2a: Toxtricity|typechange|Electric\/Poison|[silent]
|-ability|p2a: Toxtricity|Acid Rock
|-immune|p1a: Toxapex
|move|p1a: Toxapex|Recover|p1a: Toxapex
|-heal|p1a: Toxapex|100\/100
|
|upkeep
|turn|13
|j| FierceHawk192
|c|☆isocon|i hate lunala
|c|☆isocon|i needed an answer to opposing ones
|c|☆isocon|that wasnt just toxicing it
|c|☆isocon|so i dropped quag
|c|☆isocon|and now i have no electric immune
|
|t:|1640372274
|switch|p1a: Blissey|Blissey, F|60\/100
|move|p2a: Toxtricity|Volt Switch|p1a: Blissey
|-damage|p1a: Blissey|49\/100
|
|t:|1640372277
|switch|p2a: Weavile|Weavile, M|84\/100|[from]move: Volt Switch
|-ability|p2a: Weavile|Pressure
|
|upkeep
|turn|14
|
|t:|1640372281
|switch|p1a: Toxapex|Toxapex, M|100\/100
|move|p2a: Weavile|Knock Off|p1a: Toxapex
|-damage|p1a: Toxapex|70\/100
|
|upkeep
|turn|15
|
|t:|1640372285
|switch|p2a: Toxtricity|Toxtricity-Low-Key-Mega, F|100\/100
|-start|p2a: Toxtricity|typechange|Electric\/Poison|[silent]
|-ability|p2a: Toxtricity|Acid Rock
|-immune|p1a: Toxapex
|switch|p1a: Blissey|Blissey, F|49\/100
|
|upkeep
|turn|16
|
|t:|1640372288
|move|p2a: Toxtricity|Volt Switch|p1a: Blissey
|-damage|p1a: Blissey|39\/100
|
|t:|1640372290
|switch|p2a: Weavile|Weavile, M|84\/100|[from]move: Volt Switch
|-ability|p2a: Weavile|Pressure
|move|p1a: Blissey|Soft-Boiled|p1a: Blissey
|-heal|p1a: Blissey|89\/100
|
|upkeep
|turn|17
|
|t:|1640372300
|switch|p2a: Toxtricity|Toxtricity-Low-Key-Mega, F|100\/100
|-start|p2a: Toxtricity|typechange|Electric\/Poison|[silent]
|-status|p1a: Blissey|psn|[from] ability: Acid Rock|[of] p2a: Toxtricity
|-hint|Poison inflicted through Acid Rock is only half as damaging as normal poison.
|move|p1a: Blissey|Toxic|p2a: Toxtricity
|-immune|p2a: Toxtricity
|
|-damage|p1a: Blissey|83\/100 psn|[from] psn
|upkeep
|turn|18
|
|t:|1640372310
|move|p2a: Toxtricity|Protect|p2a: Toxtricity
|-singleturn|p2a: Toxtricity|Protect
|move|p1a: Blissey|Heal Bell|p1a: Blissey
|-activate|p1a: Blissey|move: Heal Bell
|-curestatus|p1a: Blissey|psn|[msg]
|-curestatus|p1: Weavile|psn|[msg]
|-curestatus|p1: Clefable|psn|[msg]
|
|upkeep
|turn|19
|
|t:|1640372316
|move|p2a: Toxtricity|Volt Switch|p1a: Blissey
|-damage|p1a: Blissey|73\/100
|
|t:|1640372318
|switch|p2a: Gliscor|Gliscor, M|36\/100 tox|[from]move: Volt Switch
|move|p1a: Blissey|Seismic Toss|p2a: Gliscor
|-damage|p2a: Gliscor|8\/100 tox
|
|-heal|p2a: Gliscor|20\/100 tox|[from] ability: Poison Heal
|upkeep
|turn|20
|
|t:|1640372323
|switch|p1a: Lunala|Lunala|100\/100
|move|p2a: Gliscor|Roost|p2a: Gliscor
|-heal|p2a: Gliscor|70\/100 tox
|-singleturn|p2a: Gliscor|move: Roost
|
|-heal|p2a: Gliscor|83\/100 tox|[from] ability: Poison Heal
|upkeep
|turn|21
|
|t:|1640372337
|switch|p1a: Blissey|Blissey, F|73\/100
|move|p2a: Gliscor|Taunt|p1a: Blissey
|-start|p1a: Blissey|move: Taunt
|
|-heal|p2a: Gliscor|95\/100 tox|[from] ability: Poison Heal
|upkeep
|turn|22
|
|t:|1640372353
|switch|p2a: Suicune|Suicune|100\/100
|-ability|p2a: Suicune|Pressure
|switch|p1a: Corviknight|Corviknight, M|100\/100
|-ability|p1a: Corviknight|Pressure
|
|upkeep
|turn|23
|
|t:|1640372362
|move|p2a: Suicune|Substitute|p2a: Suicune
|-start|p2a: Suicune|Substitute
|-damage|p2a: Suicune|75\/100
|move|p1a: Corviknight|Iron Defense|p1a: Corviknight
|-boost|p1a: Corviknight|def|2
|
|-heal|p2a: Suicune|82\/100|[from] item: Leftovers
|upkeep
|turn|24
|
|t:|1640372364
|move|p2a: Suicune|Calm Mind|p2a: Suicune
|-boost|p2a: Suicune|spa|1
|-boost|p2a: Suicune|spd|1
|move|p1a: Corviknight|Body Press|p2a: Suicune
|-end|p2a: Suicune|Substitute
|
|-heal|p2a: Suicune|88\/100|[from] item: Leftovers
|upkeep
|turn|25
|
|t:|1640372369
|switch|p1a: Weavile|Weavile, F|94\/100
|-ability|p1a: Weavile|Pressure
|move|p2a: Suicune|Scald|p1a: Weavile
|-damage|p1a: Weavile|44\/100
|
|-heal|p2a: Suicune|94\/100|[from] item: Leftovers
|upkeep
|turn|26
|
|t:|1640372372
|move|p2a: Suicune|Protect|p2a: Suicune
|-singleturn|p2a: Suicune|Protect
|move|p1a: Weavile|Toxic|p2a: Suicune
|-activate|p2a: Suicune|move: Protect
|
|-heal|p2a: Suicune|99\/100|[from] item: Leftovers
|upkeep
|turn|27
|
|t:|1640372379
|switch|p2a: Toxtricity|Toxtricity-Low-Key-Mega, F|100\/100
|-start|p2a: Toxtricity|typechange|Electric\/Poison|[silent]
|-status|p1a: Weavile|psn|[from] ability: Acid Rock|[of] p2a: Toxtricity
|-hint|Poison inflicted through Acid Rock is only half as damaging as normal poison.
|move|p1a: Weavile|Toxic|p2a: Toxtricity
|-immune|p2a: Toxtricity
|
|-damage|p1a: Weavile|38\/100 psn|[from] psn
|upkeep
|turn|28
|c|☆isocon|i have food to be eating
|c|☆isocon|rather than
|c|☆isocon|a game to be losing on matchup
|c|☆isocon|gg
|-message|isocon forfeited.
|
|win|Paul(Paulluxx)
|c|☆Paul(Paulluxx)|lol
|c|☆Paul(Paulluxx)|gg
|l| Hematemesis
|c|☆Paul(Paulluxx)|hematemesis
|c| Gekokeso|Iso does your team even have a mega?
|c|☆isocon|no
|c|☆Paul(Paulluxx)|it doesn't
|c|☆isocon|i replaced the latias
|c|☆isocon|with lunala</script>
</div>
<div class="battle-log battle-log-inline"><div class="inner"><div class="battle-options"><div style="padding-top: 3px; padding-right: 3px; text-align: right"><button class="icon button" name="openBattleOptions" title="Options">Battle Options</button></div></div><div class="inner message-log"><div class="chat"><small>☆isocon and ☆Paul(Paulluxx) joined</small></div><div class=""><small>Format:</small> <br><strong>[Gen 8] Megas for All</strong></div><div class="rated"><strong>Tournament battle</strong></div><div class=""><small><em>HP Percentage Mod:</em> HP is shown in percentages</small></div><div class=""><small><em>Endless Battle Clause:</em> Forcing endless battles is banned</small></div><div class=""><small><em>OHKO Clause:</em> OHKO moves are banned</small></div><div class=""><small><em>Evasion Moves Clause:</em> Evasion moves are banned</small></div><div class=""><small><em>Species Clause:</em> Limit one of each Pokémon</small></div><div class=""><small><em>Dynamax Clause:</em> You cannot dynamax</small></div><div class=""><small><em>Sleep Clause Mod:</em> Limit one foe put to sleep</small></div><div class=""><small><em>Freeze Clause Mod:</em> Limit one foe frozen</small></div><div class="chat"><img src="https://raw.githubusercontent.com/scoopapa/DH/master/data/mods/m4av6/sprites/m4a_banner.png" height="65" width="381"></div><div class="spacer battle-history"><br></div><div class="battle-history"><small>Welcome to Megas for All!</small><br></div><div class="battle-history"><small>This is a National Dex-based format where we aim to give a new Mega Evolution to every Pokémon.</small><br></div><div class="battle-history"><small>Just like any official format, you can still only Mega Evolve one Pokémon per team!</small><br></div><div class="battle-history"><small>You can find our thread and metagame resources here:</small><br></div><div class="battle-history"><small>https://www.smogon.com/forums/threads/3671140/</small><br></div><div class="chat battle-history"><strong>isocon's team:</strong> <em style="color:#445566;display:block;">Lunala / Corviknight / Toxapex / Blissey / Clefable / Weavile</em></div><div class="chat battle-history"><strong>Paul(Paulluxx)'s team:</strong> <em style="color:#445566;display:block;">Weavile / Suicune / Toxtricity-Low-Key / Ferrothorn / Gliscor / Cinderace</em></div><div class="chat"><small> Hematemesis and  FierceHawk192 joined</small></div><div class="chat chatmessage-isocon"><strong style="color:#616adf"><small>☆</small><span class="username" data-name="isocon">isocon</span>:</strong> <em>lets not permaswitch this time</em></div><div class="chat chatmessage-isocon"><strong style="color:#616adf"><small>☆</small><span class="username" data-name="isocon">isocon</span>:</strong> <em>glhf</em></div><div class="spacer battle-history"><br></div><div class="battle-history">Battle started between isocon and Paul(Paulluxx)!<br></div><div class="spacer battle-history"><br></div><div class="battle-history">Go! <strong>Weavile</strong>!<br></div><div class="spacer battle-history"><br></div><div class="battle-history">Paul(Paulluxx) sent out Toxtricity (<strong>Toxtricity-Low-Key</strong>)!<br></div><div class="battle-history">[Weavile's Pressure]<br><small>Weavile is exerting its pressure!</small><br></div><div class="spacer battle-history"><br></div><h2 class="battle-history">Turn 1</h2><div class="chat chatmessage-paulpaulluxx"><strong style="color:#17849a"><small>☆</small><span class="username" data-name="Paul(Paulluxx)">Paul(Paulluxx)</span>:</strong> <em>glhf</em></div><div class="spacer battle-history"><br></div><div class="battle-history">Weavile, come back!<br></div><div class="battle-history">Go! <strong>Blissey</strong>!<br></div><div class="spacer battle-history"><br></div><div class="battle-history"><small>The opposing Toxtricity's Toxtricitite is reacting to the Key Stone!</small><br>The opposing Toxtricity has Mega Evolved into Mega Toxtricity!<br></div><div class="battle-history">[The opposing Toxtricity's Acid Rock]<br><small>Blissey was poisoned!</small><br></div><div class="battle-history"><small>(Poison inflicted through Acid Rock is only half as damaging as normal poison.)</small><br></div><div class="chat"><ul class="utilichart"><li class="result"><span class="col pokemonnamecol" style="white-space: nowrap">Toxtricity-Low-Key-Mega</span> <span class="col typecol"><img src="https://play.pokemonshowdown.com/sprites/types/Electric.png" alt="Electric" height="14" width="32"><img src="https://play.pokemonshowdown.com/sprites/types/Poison.png" alt="Poison" height="14" width="32"></span> <span style="float: left ; min-height: 26px"><span class="col abilitycol">Acid Rock</span><span class="col abilitycol"></span></span><span style="float: left ; min-height: 26px"><span class="col statcol"><em>HP</em><br>75</span> <span class="col statcol"><em>Atk</em><br>98</span> <span class="col statcol"><em>Def</em><br>100</span> <span class="col statcol"><em>SpA</em><br>114</span> <span class="col statcol"><em>SpD</em><br>140</span> <span class="col statcol"><em>Spe</em><br>75</span> </span></li><li style="clear: both"></li></ul></div><div class="battle-history"><small>(Toxtricity-Low-Key-Mega was submitted by DrPumpkinz!)</small><br></div><div class="spacer battle-history"><br></div><div class="battle-history">The opposing Toxtricity used <strong>Protect</strong>!<br></div><div class="battle-history"><small>But it failed!</small><br></div><div class="spacer battle-history"><br></div><div class="battle-history"><small>Blissey was hurt by poison!</small><br></div><div class="spacer battle-history"><br></div><h2 class="battle-history">Turn 2</h2><div class="chat"><small> kha243 joined</small></div><div class="chat chatmessage-isocon"><strong style="color:#616adf"><small>☆</small><span class="username" data-name="isocon">isocon</span>:</strong> <em>why does this team just lose to lk</em></div><div class="spacer battle-history"><br></div><div class="battle-history">The opposing Toxtricity used <strong>Volt Switch</strong>!<br></div><div class="battle-history"><small>(Blissey lost 9% of its health!)</small><br></div><div class="spacer battle-history"><br></div><div class="battle-history">The opposing Toxtricity went back to Paul(Paulluxx)!<br></div><div class="battle-history">Paul(Paulluxx) sent out <strong>Gliscor</strong>!<br></div><div class="spacer battle-history"><br></div><div class="battle-history">Blissey used <strong>Seismic Toss</strong>!<br></div><div class="battle-history"><small>(The opposing Gliscor lost 28% of its health!)</small><br></div><div class="spacer battle-history"><br></div><div class="battle-history"><small>Blissey was hurt by poison!</small><br></div><div class="battle-history"><small>The opposing Gliscor was badly poisoned!</small><br></div><div class="spacer battle-history"><br></div><h2 class="battle-history">Turn 3</h2><div class="chat chatmessage-kha243"><strong style="color:#419e8f"><small> </small><span class="username" data-name="kha243">kha243</span>:</strong> <em>now i got to build a team that beats lunala stall</em></div><div class="spacer battle-history"><br></div><div class="battle-history">Blissey, come back!<br></div><div class="battle-history">Go! <strong>Weavile</strong>!<br></div><div class="battle-history">[Weavile's Pressure]<br><small>Weavile is exerting its pressure!</small><br></div><div class="spacer battle-history"><br></div><div class="battle-history">The opposing Gliscor used <strong>Taunt</strong>!<br></div><div class="battle-history"><small>Weavile fell for the taunt!</small><br></div><div class="spacer battle-history"><br></div><div class="battle-history">[The opposing Gliscor's Poison Heal]<br><small>The opposing Gliscor had its HP restored.</small><br></div><div class="spacer battle-history"><br></div><h2 class="battle-history">Turn 4</h2><div class="spacer battle-history"><br></div><div class="battle-history"><small>(The opposing Gliscor is being withdrawn...)</small><br></div><div class="spacer battle-history"><br></div><div class="battle-history">Weavile used <strong>Pursuit</strong>!<br></div><div class="battle-history"><small>(The opposing Gliscor lost 49% of its health!)</small><br></div><div class="spacer battle-history"><br></div><div class="battle-history">Paul(Paulluxx) withdrew Gliscor!<br></div><div class="battle-history">Paul(Paulluxx) sent out Toxtricity (<strong>Toxtricity-Low-Key-Mega</strong>)!<br></div><div class="battle-history">[The opposing Toxtricity's Acid Rock]<br><small>Weavile was poisoned!</small><br></div><div class="battle-history"><small>(Poison inflicted through Acid Rock is only half as damaging as normal poison.)</small><br></div><div class="spacer battle-history"><br></div><div class="battle-history"><small>Weavile was hurt by poison!</small><br></div><div class="spacer battle-history"><br></div><h2 class="battle-history">Turn 5</h2><div class="chat"><small>#inkbug1 joined</small></div><div class="spacer battle-history"><br></div><div class="battle-history">Weavile, come back!<br></div><div class="battle-history">Go! <strong>Blissey</strong>!<br></div><div class="spacer battle-history"><br></div><div class="battle-history">The opposing Toxtricity used <strong>Volt Switch</strong>!<br></div><div class="battle-history"><small>(Blissey lost 10% of its health!)</small><br></div><div class="spacer battle-history"><br></div><div class="battle-history">The opposing Toxtricity went back to Paul(Paulluxx)!<br></div><div class="battle-history">Paul(Paulluxx) sent out <strong>Cinderace</strong>!<br></div><div class="spacer battle-history"><br></div><h2 class="battle-history">Turn 6</h2><div class="spacer battle-history"><br></div><div class="battle-history">Blissey, come back!<br></div><div class="battle-history">Go! <strong>Toxapex</strong>!<br></div><div class="spacer battle-history"><br></div><div class="battle-history">The opposing Cinderace used <strong>High Jump Kick</strong>!<br></div><div class="battle-history">[The opposing Cinderace's Libero]<br><small>The opposing Cinderace's type changed to Fighting!</small><br></div><div class="battle-history"><small>It's not very effective...</small><br></div><div class="battle-history"><small>(Toxapex lost 20% of its health!)</small><br></div><div class="battle-history"><small>The opposing Cinderace was hurt by the Rocky Helmet!</small><br></div><div class="spacer battle-history"><br></div><h2 class="battle-history">Turn 7</h2><div class="chat"><small> Gekokeso joined</small></div><div class="spacer battle-history"><br></div><div class="battle-history">Paul(Paulluxx) withdrew Cinderace!<br></div><div class="battle-history">Paul(Paulluxx) sent out Toxtricity (<strong>Toxtricity-Low-Key-Mega</strong>)!<br></div><div class="battle-history">[The opposing Toxtricity's Acid Rock]<br></div><div class="battle-history"><small>It doesn't affect Toxapex...</small><br></div><div class="spacer battle-history"><br></div><div class="battle-history">Toxapex used <strong>Toxic Spikes</strong>!<br></div><div class="battle-history"><small>Poison spikes were scattered on the ground all around the opposing team!</small><br></div><div class="spacer battle-history"><br></div><h2 class="battle-history">Turn 8</h2><div class="spacer battle-history"><br></div><div class="battle-history">Toxapex, come back!<br></div><div class="battle-history">Go! <strong>Clefable</strong>!<br></div><div class="spacer battle-history"><br></div><div class="battle-history">The opposing Toxtricity used <strong>Volt Switch</strong>!<br></div><div class="battle-history"><small>(Clefable lost 19% of its health!)</small><br></div><div class="chat"><small> FierceHawk192 left</small></div><div class="spacer battle-history"><br></div><div class="battle-history">The opposing Toxtricity went back to Paul(Paulluxx)!<br></div><div class="battle-history">Paul(Paulluxx) sent out <strong>Cinderace</strong>!<br></div><div class="spacer battle-history"><br></div><div class="battle-history"><small>Clefable restored a little HP using its Leftovers!</small><br></div><div class="spacer battle-history"><br></div><h2 class="battle-history">Turn 9</h2><div class="spacer battle-history"><br></div><div class="battle-history">Paul(Paulluxx) withdrew Cinderace!<br></div><div class="battle-history">Paul(Paulluxx) sent out Toxtricity (<strong>Toxtricity-Low-Key-Mega</strong>)!<br></div><div class="battle-history"><small>The poison spikes disappeared from the ground around the opposing team!</small><br></div><div class="battle-history">[The opposing Toxtricity's Acid Rock]<br><small>Clefable was poisoned!</small><br></div><div class="battle-history"><small>(Poison inflicted through Acid Rock is only half as damaging as normal poison.)</small><br></div><div class="spacer battle-history"><br></div><div class="battle-history">Clefable, come back!<br></div><div class="battle-history">Go! <strong>Toxapex</strong>!<br></div><div class="spacer battle-history"><br></div><h2 class="battle-history">Turn 10</h2><div class="spacer battle-history"><br></div><div class="battle-history">Toxapex, come back!<br></div><div class="battle-history">Go! <strong>Blissey</strong>!<br></div><div class="spacer battle-history"><br></div><div class="battle-history">The opposing Toxtricity used <strong>Volt Switch</strong>!<br></div><div class="battle-history"><small>(Blissey lost 9% of its health!)</small><br></div><div class="spacer battle-history"><br></div><div class="battle-history">The opposing Toxtricity went back to Paul(Paulluxx)!<br></div><div class="battle-history">Paul(Paulluxx) sent out <strong>Weavile</strong>!<br></div><div class="battle-history">[The opposing Weavile's Pressure]<br><small>The opposing Weavile is exerting its pressure!</small><br></div><div class="spacer battle-history"><br></div><h2 class="battle-history">Turn 11</h2><div class="spacer battle-history"><br></div><div class="battle-history">Blissey, come back!<br></div><div class="battle-history">Go! <strong>Toxapex</strong>!<br></div><div class="spacer battle-history"><br></div><div class="battle-history">The opposing Weavile used <strong>Knock Off</strong>!<br></div><div class="battle-history"><small>(Toxapex lost 43% of its health!)</small><br></div><div class="battle-history"><small>The opposing Weavile was hurt by the Rocky Helmet!</small><br></div><div class="battle-history"><small>The opposing Weavile knocked off Toxapex's Rocky Helmet!</small><br></div><div class="spacer battle-history"><br></div><h2 class="battle-history">Turn 12</h2><div class="spacer battle-history"><br></div><div class="battle-history">Paul(Paulluxx) withdrew Weavile!<br></div><div class="battle-history">Paul(Paulluxx) sent out Toxtricity (<strong>Toxtricity-Low-Key-Mega</strong>)!<br></div><div class="battle-history">[The opposing Toxtricity's Acid Rock]<br></div><div class="battle-history"><small>It doesn't affect Toxapex...</small><br></div><div class="spacer battle-history"><br></div><div class="battle-history">Toxapex used <strong>Recover</strong>!<br></div><div class="battle-history"><small>Toxapex had its HP restored.</small><br></div><div class="spacer battle-history"><br></div><h2 class="battle-history">Turn 13</h2><div class="chat"><small> FierceHawk192 joined</small></div><div class="chat chatmessage-isocon"><strong style="color:#616adf"><small>☆</small><span class="username" data-name="isocon">isocon</span>:</strong> <em>i hate lunala</em></div><div class="chat chatmessage-isocon"><strong style="color:#616adf"><small>☆</small><span class="username" data-name="isocon">isocon</span>:</strong> <em>i needed an answer to opposing ones</em></div><div class="chat chatmessage-isocon"><strong style="color:#616adf"><small>☆</small><span class="username" data-name="isocon">isocon</span>:</strong> <em>that wasnt just toxicing it</em></div><div class="chat chatmessage-isocon"><strong style="color:#616adf"><small>☆</small><span class="username" data-name="isocon">isocon</span>:</strong> <em>so i dropped quag</em></div><div class="chat chatmessage-isocon"><strong style="color:#616adf"><small>☆</small><span class="username" data-name="isocon">isocon</span>:</strong> <em>and now i have no electric immune</em></div><div class="spacer battle-history"><br></div><div class="battle-history">Toxapex, come back!<br></div><div class="battle-history">Go! <strong>Blissey</strong>!<br></div><div class="spacer battle-history"><br></div><div class="battle-history">The opposing Toxtricity used <strong>Volt Switch</strong>!<br></div><div class="battle-history"><small>(Blissey lost 11% of its health!)</small><br></div><div class="spacer battle-history"><br></div><div class="battle-history">The opposing Toxtricity went back to Paul(Paulluxx)!<br></div><div class="battle-history">Paul(Paulluxx) sent out <strong>Weavile</strong>!<br></div><div class="battle-history">[The opposing Weavile's Pressure]<br><small>The opposing Weavile is exerting its pressure!</small><br></div><div class="spacer battle-history"><br></div><h2 class="battle-history">Turn 14</h2><div class="spacer battle-history"><br></div><div class="battle-history">Blissey, come back!<br></div><div class="battle-history">Go! <strong>Toxapex</strong>!<br></div><div class="spacer battle-history"><br></div><div class="battle-history">The opposing Weavile used <strong>Knock Off</strong>!<br></div><div class="battle-history"><small>(Toxapex lost 30% of its health!)</small><br></div><div class="spacer battle-history"><br></div><h2 class="battle-history">Turn 15</h2><div class="spacer battle-history"><br></div><div class="battle-history">Paul(Paulluxx) withdrew Weavile!<br></div><div class="battle-history">Paul(Paulluxx) sent out Toxtricity (<strong>Toxtricity-Low-Key-Mega</strong>)!<br></div><div class="battle-history">[The opposing Toxtricity's Acid Rock]<br></div><div class="battle-history"><small>It doesn't affect Toxapex...</small><br></div><div class="spacer battle-history"><br></div><div class="battle-history">Toxapex, come back!<br></div><div class="battle-history">Go! <strong>Blissey</strong>!<br></div><div class="spacer battle-history"><br></div><h2 class="battle-history">Turn 16</h2><div class="spacer battle-history"><br></div><div class="battle-history">The opposing Toxtricity used <strong>Volt Switch</strong>!<br></div><div class="battle-history"><small>(Blissey lost 10% of its health!)</small><br></div><div class="spacer battle-history"><br></div><div class="battle-history">The opposing Toxtricity went back to Paul(Paulluxx)!<br></div><div class="battle-history">Paul(Paulluxx) sent out <strong>Weavile</strong>!<br></div><div class="battle-history">[The opposing Weavile's Pressure]<br><small>The opposing Weavile is exerting its pressure!</small><br></div><div class="spacer battle-history"><br></div><div class="battle-history">Blissey used <strong>Soft-Boiled</strong>!<br></div><div class="battle-history"><small>Blissey had its HP restored.</small><br></div><div class="spacer battle-history"><br></div><h2 class="battle-history">Turn 17</h2><div class="spacer battle-history"><br></div><div class="battle-history">Paul(Paulluxx) withdrew Weavile!<br></div><div class="battle-history">Paul(Paulluxx) sent out Toxtricity (<strong>Toxtricity-Low-Key-Mega</strong>)!<br></div><div class="battle-history">[The opposing Toxtricity's Acid Rock]<br><small>Blissey was poisoned!</small><br></div><div class="battle-history"><small>(Poison inflicted through Acid Rock is only half as damaging as normal poison.)</small><br></div><div class="spacer battle-history"><br></div><div class="battle-history">Blissey used <strong>Toxic</strong>!<br></div><div class="battle-history"><small>It doesn't affect the opposing Toxtricity...</small><br></div><div class="spacer battle-history"><br></div><div class="battle-history"><small>Blissey was hurt by poison!</small><br></div><div class="spacer battle-history"><br></div><h2 class="battle-history">Turn 18</h2><div class="spacer battle-history"><br></div><div class="battle-history">The opposing Toxtricity used <strong>Protect</strong>!<br></div><div class="battle-history"><small>The opposing Toxtricity protected itself!</small><br></div><div class="spacer battle-history"><br></div><div class="battle-history">Blissey used <strong>Heal Bell</strong>!<br></div><div class="battle-history"><small>A bell chimed!</small><br></div><div class="battle-history"><small>Blissey was cured of its poisoning!</small><br></div><div class="battle-history"><small>Weavile was cured of its poisoning!</small><br></div><div class="battle-history"><small>Clefable was cured of its poisoning!</small><br></div><div class="spacer battle-history"><br></div><h2 class="battle-history">Turn 19</h2><div class="spacer battle-history"><br></div><div class="battle-history">The opposing Toxtricity used <strong>Volt Switch</strong>!<br></div><div class="battle-history"><small>(Blissey lost 10% of its health!)</small><br></div><div class="spacer battle-history"><br></div><div class="battle-history">The opposing Toxtricity went back to Paul(Paulluxx)!<br></div><div class="battle-history">Paul(Paulluxx) sent out <strong>Gliscor</strong>!<br></div><div class="spacer battle-history"><br></div><div class="battle-history">Blissey used <strong>Seismic Toss</strong>!<br></div><div class="battle-history"><small>(The opposing Gliscor lost 28% of its health!)</small><br></div><div class="spacer battle-history"><br></div><div class="battle-history">[The opposing Gliscor's Poison Heal]<br><small>The opposing Gliscor had its HP restored.</small><br></div><div class="spacer battle-history"><br></div><h2 class="battle-history">Turn 20</h2><div class="spacer battle-history"><br></div><div class="battle-history">Blissey, come back!<br></div><div class="battle-history">Go! <strong>Lunala</strong>!<br></div><div class="spacer battle-history"><br></div><div class="battle-history">The opposing Gliscor used <strong>Roost</strong>!<br></div><div class="battle-history"><small>The opposing Gliscor had its HP restored.</small><br></div><div class="battle-history"><small>(The opposing Gliscor loses Flying type this turn.)</small><br></div><div class="spacer battle-history"><br></div><div class="battle-history">[The opposing Gliscor's Poison Heal]<br><small>The opposing Gliscor had its HP restored.</small><br></div><div class="spacer battle-history"><br></div><h2 class="battle-history">Turn 21</h2><div class="spacer battle-history"><br></div><div class="battle-history">Lunala, come back!<br></div><div class="battle-history">Go! <strong>Blissey</strong>!<br></div><div class="spacer battle-history"><br></div><div class="battle-history">The opposing Gliscor used <strong>Taunt</strong>!<br></div><div class="battle-history"><small>Blissey fell for the taunt!</small><br></div><div class="spacer battle-history"><br></div><div class="battle-history">[The opposing Gliscor's Poison Heal]<br><small>The opposing Gliscor had its HP restored.</small><br></div><div class="spacer battle-history"><br></div><h2 class="battle-history">Turn 22</h2><div class="spacer battle-history"><br></div><div class="battle-history">Paul(Paulluxx) withdrew Gliscor!<br></div><div class="battle-history">Paul(Paulluxx) sent out <strong>Suicune</strong>!<br></div><div class="battle-history">[The opposing Suicune's Pressure]<br><small>The opposing Suicune is exerting its pressure!</small><br></div><div class="spacer battle-history"><br></div><div class="battle-history">Blissey, come back!<br></div><div class="battle-history">Go! <strong>Corviknight</strong>!<br></div><div class="battle-history">[Corviknight's Pressure]<br><small>Corviknight is exerting its pressure!</small><br></div><div class="spacer battle-history"><br></div><h2 class="battle-history">Turn 23</h2><div class="spacer battle-history"><br></div><div class="battle-history">The opposing Suicune used <strong>Substitute</strong>!<br></div><div class="battle-history"><small>The opposing Suicune put in a substitute!</small><br></div><div class="battle-history"><small>(The opposing Suicune lost 25% of its health!)</small><br></div><div class="spacer battle-history"><br></div><div class="battle-history">Corviknight used <strong>Iron Defense</strong>!<br></div><div class="battle-history"><small>Corviknight's Defense rose sharply!</small><br></div><div class="spacer battle-history"><br></div><div class="battle-history"><small>The opposing Suicune restored a little HP using its Leftovers!</small><br></div><div class="spacer battle-history"><br></div><h2 class="battle-history">Turn 24</h2><div class="spacer battle-history"><br></div><div class="battle-history">The opposing Suicune used <strong>Calm Mind</strong>!<br></div><div class="battle-history"><small>The opposing Suicune's Sp. Atk rose!</small><br></div><div class="battle-history"><small>The opposing Suicune's Sp. Def rose!</small><br></div><div class="spacer battle-history"><br></div><div class="battle-history">Corviknight used <strong>Body Press</strong>!<br></div><div class="battle-history"><small>The opposing Suicune's substitute faded!</small><br></div><div class="spacer battle-history"><br></div><div class="battle-history"><small>The opposing Suicune restored a little HP using its Leftovers!</small><br></div><div class="spacer battle-history"><br></div><h2 class="battle-history">Turn 25</h2><div class="spacer battle-history"><br></div><div class="battle-history">Corviknight, come back!<br></div><div class="battle-history">Go! <strong>Weavile</strong>!<br></div><div class="battle-history">[Weavile's Pressure]<br><small>Weavile is exerting its pressure!</small><br></div><div class="spacer battle-history"><br></div><div class="battle-history">The opposing Suicune used <strong>Scald</strong>!<br></div><div class="battle-history"><small>(Weavile lost 50% of its health!)</small><br></div><div class="spacer battle-history"><br></div><div class="battle-history"><small>The opposing Suicune restored a little HP using its Leftovers!</small><br></div><div class="spacer battle-history"><br></div><h2 class="battle-history">Turn 26</h2><div class="spacer battle-history"><br></div><div class="battle-history">The opposing Suicune used <strong>Protect</strong>!<br></div><div class="battle-history"><small>The opposing Suicune protected itself!</small><br></div><div class="spacer battle-history"><br></div><div class="battle-history">Weavile used <strong>Toxic</strong>!<br></div><div class="battle-history"><small>The opposing Suicune protected itself!</small><br></div><div class="spacer battle-history"><br></div><div class="battle-history"><small>The opposing Suicune restored a little HP using its Leftovers!</small><br></div><div class="spacer battle-history"><br></div><h2 class="battle-history">Turn 27</h2><div class="spacer battle-history"><br></div><div class="battle-history">Paul(Paulluxx) withdrew Suicune!<br></div><div class="battle-history">Paul(Paulluxx) sent out Toxtricity (<strong>Toxtricity-Low-Key-Mega</strong>)!<br></div><div class="battle-history">[The opposing Toxtricity's Acid Rock]<br><small>Weavile was poisoned!</small><br></div><div class="battle-history"><small>(Poison inflicted through Acid Rock is only half as damaging as normal poison.)</small><br></div><div class="spacer battle-history"><br></div><div class="battle-history">Weavile used <strong>Toxic</strong>!<br></div><div class="battle-history"><small>It doesn't affect the opposing Toxtricity...</small><br></div><div class="spacer battle-history"><br></div><div class="battle-history"><small>Weavile was hurt by poison!</small><br></div><div class="spacer battle-history"><br></div><h2 class="battle-history">Turn 28</h2><div class="chat chatmessage-isocon"><strong style="color:#616adf"><small>☆</small><span class="username" data-name="isocon">isocon</span>:</strong> <em>i have food to be eating</em></div><div class="chat chatmessage-isocon"><strong style="color:#616adf"><small>☆</small><span class="username" data-name="isocon">isocon</span>:</strong> <em>rather than</em></div><div class="chat chatmessage-isocon"><strong style="color:#616adf"><small>☆</small><span class="username" data-name="isocon">isocon</span>:</strong> <em>a game to be losing on matchup</em></div><div class="chat chatmessage-isocon"><strong style="color:#616adf"><small>☆</small><span class="username" data-name="isocon">isocon</span>:</strong> <em>gg</em></div><div class="spacer battle-history"><br></div><div class="battle-history"><small>isocon forfeited.</small><br></div><div class="spacer battle-history"><br></div><div class="battle-history"><strong>Paul(Paulluxx)</strong> won the battle!<br></div><div class="chat chatmessage-paulpaulluxx"><strong style="color:#17849a"><small>☆</small><span class="username" data-name="Paul(Paulluxx)">Paul(Paulluxx)</span>:</strong> <em>lol</em></div><div class="chat chatmessage-paulpaulluxx"><strong style="color:#17849a"><small>☆</small><span class="username" data-name="Paul(Paulluxx)">Paul(Paulluxx)</span>:</strong> <em>gg</em></div><div class="chat"><small> Hematemesis left</small></div><div class="chat chatmessage-paulpaulluxx"><strong style="color:#17849a"><small>☆</small><span class="username" data-name="Paul(Paulluxx)">Paul(Paulluxx)</span>:</strong> <em>hematemesis</em></div><div class="chat chatmessage-gekokeso"><strong style="color:#9b940e"><small> </small><span class="username" data-name="Gekokeso">Gekokeso</span>:</strong> <em>Iso does your team even have a mega?</em></div><div class="chat chatmessage-isocon"><strong style="color:#616adf"><small>☆</small><span class="username" data-name="isocon">isocon</span>:</strong> <em>no</em></div><div class="chat chatmessage-paulpaulluxx"><strong style="color:#17849a"><small>☆</small><span class="username" data-name="Paul(Paulluxx)">Paul(Paulluxx)</span>:</strong> <em>it doesn't</em></div><div class="chat chatmessage-isocon"><strong style="color:#616adf"><small>☆</small><span class="username" data-name="isocon">isocon</span>:</strong> <em>i replaced the latias</em></div><div class="chat chatmessage-isocon"><strong style="color:#616adf"><small>☆</small><span class="username" data-name="isocon">isocon</span>:</strong> <em>with lunala</em></div></div><div class="inner-preempt message-log"></div></div></div>
</div>
<script>
let daily = Math.floor(Date.now()/1000/60/60/24);document.write('<script src="https://dragonheaven.herokuapp.com/js/replay-embed.js?version'+daily+'"></'+'script>');
</script>
