<!DOCTYPE html>
<meta charset="utf-8" />
<!-- version 1 -->
<title>[Gen 8] M4A VGC replay: ry42 vs. BlazingHero657</title>
<style>
html,body {font-family:Verdana, sans-serif;font-size:10pt;margin:0;padding:0;}body{padding:12px 0;} .battle-log {font-family:Verdana, sans-serif;font-size:10pt;} .battle-log-inline {border:1px solid #AAAAAA;background:#EEF2F5;color:black;max-width:640px;margin:0 auto 80px;padding-bottom:5px;} .battle-log .inner {padding:4px 8px 0px 8px;} .battle-log .inner-preempt {padding:0 8px 4px 8px;} .battle-log .inner-after {margin-top:0.5em;} .battle-log h2 {margin:0.5em -8px;padding:4px 8px;border:1px solid #AAAAAA;background:#E0E7EA;border-left:0;border-right:0;font-family:Verdana, sans-serif;font-size:13pt;} .battle-log .chat {vertical-align:middle;padding:3px 0 3px 0;font-size:8pt;} .battle-log .chat strong {color:#40576A;} .battle-log .chat em {padding:1px 4px 1px 3px;color:#000000;font-style:normal;} .chat.mine {background:rgba(0,0,0,0.05);margin-left:-8px;margin-right:-8px;padding-left:8px;padding-right:8px;} .spoiler {color:#BBBBBB;background:#BBBBBB;padding:0px 3px;} .spoiler:hover, .spoiler:active, .spoiler-shown {color:#000000;background:#E2E2E2;padding:0px 3px;} .spoiler a {color:#BBBBBB;} .spoiler:hover a, .spoiler:active a, .spoiler-shown a {color:#2288CC;} .chat code, .chat .spoiler:hover code, .chat .spoiler:active code, .chat .spoiler-shown code {border:1px solid #C0C0C0;background:#EEEEEE;color:black;padding:0 2px;} .chat .spoiler code {border:1px solid #CCCCCC;background:#CCCCCC;color:#CCCCCC;} .battle-log .rated {padding:3px 4px;} .battle-log .rated strong {color:white;background:#89A;padding:1px 4px;border-radius:4px;} .spacer {margin-top:0.5em;} .message-announce {background:#6688AA;color:white;padding:1px 4px 2px;} .message-announce a, .broadcast-green a, .broadcast-blue a, .broadcast-red a {color:#DDEEFF;} .broadcast-green {background-color:#559955;color:white;padding:2px 4px;} .broadcast-blue {background-color:#6688AA;color:white;padding:2px 4px;} .infobox {border:1px solid #6688AA;padding:2px 4px;} .infobox-limited {max-height:200px;overflow:auto;overflow-x:hidden;} .broadcast-red {background-color:#AA5544;color:white;padding:2px 4px;} .message-learn-canlearn {font-weight:bold;color:#228822;text-decoration:underline;} .message-learn-cannotlearn {font-weight:bold;color:#CC2222;text-decoration:underline;} .message-effect-weak {font-weight:bold;color:#CC2222;} .message-effect-resist {font-weight:bold;color:#6688AA;} .message-effect-immune {font-weight:bold;color:#666666;} .message-learn-list {margin-top:0;margin-bottom:0;} .message-throttle-notice, .message-error {color:#992222;} .message-overflow, .chat small.message-overflow {font-size:0pt;} .message-overflow::before {font-size:9pt;content:'...';} .subtle {color:#3A4A66;}
</style>
<div class="wrapper replay-wrapper" style="max-width:1180px;margin:0 auto">
<input type="hidden" name="replayid" value="dragonheaven-gen8m4avgc-322" />
<div class="battle"></div><div class="battle-log"></div><div class="replay-controls"></div><div class="replay-controls-2"></div>
<h1 style="font-weight:normal;text-align:center"><strong>[Gen 8] M4A VGC</strong><br /><a href="http://pokemonshowdown.com/users/ry42" class="subtle" target="_blank">ry42</a> vs. <a href="http://pokemonshowdown.com/users/blazinghero657" class="subtle" target="_blank">BlazingHero657</a></h1>
<script type="text/plain" class="battle-log-data">|j|☆ry42
|j|☆BlazingHero657

|t:|1630170322
|player|p1|ry42|266|
|player|p2|BlazingHero657|veteran|
|teamsize|p1|6
|teamsize|p2|6
|gametype|doubles
|gen|8
|tier|[Gen 8] M4A VGC
|clearpoke
|poke|p1|Stakataka, L50|
|poke|p1|Indeedee-F, L50, F|
|poke|p1|Aurorus, L50, F|
|poke|p1|Arctozolt, L50|
|poke|p1|Terrakion, L50|
|poke|p1|Zapdos, L50|
|poke|p2|Scizor, L50, M|
|poke|p2|Kingdra, L50, F|
|poke|p2|Clefairy, L50, F|
|poke|p2|Gothitelle, L50, F|
|poke|p2|Walrein, L50, M|
|poke|p2|Jellicent, L50, F|
|rule|Species Clause: Limit one of each Pokémon
|rule|Item Clause: Limit one of each item
|rule|Dynamax Clause: You cannot dynamax
|raw|<img src="https:\/\/www.smogon.com\/forums\/attachments\/banner_2-png.302358\/" height="65" width="381">
|-message|Welcome to Megas for All!
|-message|This is a National Dex-based format where we aim to give a new Mega Evolution to every Pokémon.
|-message|Just like any official format, you can still only Mega Evolve one Pokémon per team!
|-message|You can find our thread and metagame resources here:
|-message|https:\/\/www.smogon.com\/forums\/threads\/3671140\/
|teampreview|4
|inactive|Battle timer is ON: inactive players will automatically lose when time's up. (requested by ry42)
|inactive|Time left: 90 sec this turn | 420 sec total | 90 sec grace
|j| BlueRayVGC
|j| ASnomPlaysShowdown
|j| NinjacidVGC
|
|t:|1630170341
|start
|switch|p1a: Aurorus|Aurorus, L50, F|48\/48
|switch|p1b: Arctozolt|Arctozolt, L50|48\/48
|switch|p2a: Tusk|Walrein, L50, M|217\/217
|switch|p2b: Seafarer|Kingdra, L50, F, shiny|150\/150
|-weather|Hail|[from] ability: Snow Warning|[of] p1a: Aurorus
|turn|1
|inactive|Time left: 55 sec this turn | 420 sec total
|j| analysis geek
|inactive|ry42 has 30 seconds left.
|j| pitterpatter5786
|
|t:|1630170374
|detailschange|p1a: Aurorus|Aurorus-Mega, L50, F
|-mega|p1a: Aurorus|Aurorus|Aurorite
|-ability|p1a: Aurorus|Diamond Dust
|-weather|Diamond Dust|[silent]
|-message|A cloud of diamond dust blew in!
|-message|All Rock-type damage, including Stealth Rock, will be nullified.
|-message|Other weather-related moves and Abilities will behave as they do in hail.
|-start|p1a: Aurorus|typechange|Electric\/Ice|[silent]
|raw|<ul class="utilichart"><li class="result"><span class="col pokemonnamecol" style="white-space: nowrap">Aurorus-Mega<\/span> <span class="col typecol"><img src="https:\/\/play.pokemonshowdown.com\/sprites\/types\/Electric.png" alt="Electric" height="14" width="32"><img src="https:\/\/play.pokemonshowdown.com\/sprites\/types\/Ice.png" alt="Ice" height="14" width="32"><\/span> <span style="float: left ; min-height: 26px"><span class="col abilitycol">Diamond Dust<\/span><span class="col abilitycol"><\/span><\/span><span style="float: left ; min-height: 26px"><span class="col statcol"><em>HP<\/em><br>123<\/span> <span class="col statcol"><em>Atk<\/em><br>77<\/span> <span class="col statcol"><em>Def<\/em><br>102<\/span> <span class="col statcol"><em>SpA<\/em><br>131<\/span> <span class="col statcol"><em>SpD<\/em><br>122<\/span> <span class="col statcol"><em>Spe<\/em><br>66<\/span> <\/span><\/li><li style="clear: both"><\/li><\/ul>
|move|p2b: Seafarer|Protect|p2b: Seafarer
|-singleturn|p2b: Seafarer|Protect
|move|p2a: Tusk|Protect|p2a: Tusk
|-singleturn|p2a: Tusk|Protect
|move|p1b: Arctozolt|Bolt Beak|p2a: Tusk
|-activate|p2a: Tusk|move: Protect
|move|p1a: Aurorus|Volt Switch|p2a: Tusk
|-activate|p2a: Tusk|move: Protect
|
|-weather|Diamond Dust|[upkeep]
|-message|The air is sparkling with diamond dust!
|upkeep
|turn|2
|inactive|Time left: 55 sec this turn | 415 sec total
|
|t:|1630170393
|detailschange|p2a: Tusk|Walrein-Mega, L50, M
|-mega|p2a: Tusk|Walrein|Walreinite
|-weather|RainDance|[from] ability: Drizzle|[of] p2a: Tusk
|-start|p2a: Tusk|typechange|Ice\/Water|[silent]
|raw|<ul class="utilichart"><li class="result"><span class="col pokemonnamecol" style="white-space: nowrap">Walrein-Mega<\/span> <span class="col typecol"><img src="https:\/\/play.pokemonshowdown.com\/sprites\/types\/Ice.png" alt="Ice" height="14" width="32"><img src="https:\/\/play.pokemonshowdown.com\/sprites\/types\/Water.png" alt="Water" height="14" width="32"><\/span> <span style="float: left ; min-height: 26px"><span class="col abilitycol">Drizzle<\/span><span class="col abilitycol"><\/span><\/span><span style="float: left ; min-height: 26px"><span class="col statcol"><em>HP<\/em><br>110<\/span> <span class="col statcol"><em>Atk<\/em><br>110<\/span> <span class="col statcol"><em>Def<\/em><br>90<\/span> <span class="col statcol"><em>SpA<\/em><br>145<\/span> <span class="col statcol"><em>SpD<\/em><br>90<\/span> <span class="col statcol"><em>Spe<\/em><br>85<\/span> <\/span><\/li><li style="clear: both"><\/li><\/ul>
|-zpower|p2b: Seafarer
|move|p2b: Seafarer|Hydro Vortex|p1b: Arctozolt|[zeffect]
|-damage|p1b: Arctozolt|0 fnt
|faint|p1b: Arctozolt
|move|p2a: Tusk|Hydro Pump|p1a: Aurorus|[miss]
|-miss|p2a: Tusk|p1a: Aurorus
|move|p1a: Aurorus|Volt Switch|p2b: Seafarer
|-damage|p2b: Seafarer|81\/150
|inactive|Time left: 55 sec this turn | 400 sec total
|
|t:|1630170403
|switch|p1a: Indeedee|Indeedee-F, L50, F|48\/48|[from]move: Volt Switch
|-fieldstart|move: Psychic Terrain|[from] ability: Psychic Surge|[of] p1a: Indeedee
|
|-weather|RainDance|[upkeep]
|upkeep
|inactive|Time left: 55 sec this turn | 400 sec total
|
|t:|1630170408
|switch|p1b: Aurorus|Aurorus-Mega, L50, F|48\/48
|-start|p1b: Aurorus|typechange|Electric\/Ice|[silent]
|-ability|p1b: Aurorus|Diamond Dust
|-weather|Diamond Dust|[silent]
|-message|A cloud of diamond dust blew in!
|-message|All Rock-type damage, including Stealth Rock, will be nullified.
|-message|Other weather-related moves and Abilities will behave as they do in hail.
|turn|3
|inactive|Time left: 55 sec this turn | 400 sec total
|
|t:|1630170425
|switch|p2a: Stardust|Clefairy, L50, F|177\/177
|move|p2b: Seafarer|Protect|p2b: Seafarer
|-singleturn|p2b: Seafarer|Protect
|move|p1a: Indeedee|Expanding Force|p2b: Seafarer|[spread] p2a
|-activate|p2b: Seafarer|move: Protect
|-damage|p2a: Stardust|132\/177
|move|p1b: Aurorus|Thunderbolt|p2a: Stardust
|-damage|p2a: Stardust|78\/177
|
|-weather|Diamond Dust|[upkeep]
|-message|The air is sparkling with diamond dust!
|upkeep
|turn|4
|inactive|Time left: 55 sec this turn | 400 sec total
|inactive|BlazingHero657 has 30 seconds left.
|
|t:|1630170457
|move|p2b: Seafarer|Muddy Water|p1a: Indeedee|[spread] p1a
|-miss|p2b: Seafarer|p1b: Aurorus
|-damage|p1a: Indeedee|37\/48
|-unboost|p1a: Indeedee|accuracy|1
|move|p1a: Indeedee|Expanding Force|p2b: Seafarer|[spread] p2a,p2b
|-damage|p2a: Stardust|36\/177
|-damage|p2b: Seafarer|23\/150
|move|p1b: Aurorus|Thunderbolt|p2a: Stardust
|-damage|p2a: Stardust|0 fnt
|faint|p2a: Stardust
|
|-weather|Diamond Dust|[upkeep]
|-message|The air is sparkling with diamond dust!
|upkeep
|inactive|Time left: 55 sec this turn | 370 sec total
|
|t:|1630170466
|switch|p2a: Tusk|Walrein-Mega, L50, M|217\/217
|-start|p2a: Tusk|typechange|Ice\/Water|[silent]
|-weather|RainDance|[from] ability: Drizzle|[of] p2a: Tusk
|turn|5
|inactive|Time left: 55 sec this turn | 365 sec total
|
|t:|1630170477
|move|p2b: Seafarer|Muddy Water|p1b: Aurorus|[spread] p1a,p1b
|-damage|p1a: Indeedee|21\/48
|-damage|p1b: Aurorus|32\/48
|-unboost|p1b: Aurorus|accuracy|1
|move|p2a: Tusk|Hydro Pump|p1a: Indeedee
|-damage|p1a: Indeedee|0 fnt
|faint|p1a: Indeedee
|move|p1b: Aurorus|Thunderbolt|p2a: Tusk
|-supereffective|p2a: Tusk
|-damage|p2a: Tusk|13\/217
|
|-weather|RainDance|[upkeep]
|upkeep
|inactive|Time left: 55 sec this turn | 365 sec total
|
|t:|1630170487
|switch|p1a: Stakataka|Stakataka, L50|48\/48
|turn|6
|inactive|Time left: 55 sec this turn | 365 sec total
|
|t:|1630170497
|move|p2b: Seafarer|Muddy Water|p1a: Stakataka|[spread] p1a,p1b
|-supereffective|p1a: Stakataka
|-damage|p1a: Stakataka|0 fnt
|-damage|p1b: Aurorus|18\/48
|-unboost|p1b: Aurorus|accuracy|1
|faint|p1a: Stakataka
|move|p2a: Tusk|Hydro Pump|p1b: Aurorus
|-damage|p1b: Aurorus|0 fnt
|faint|p1b: Aurorus
|
|win|BlazingHero657
|inactive|Time left: 55 sec this turn | 365 sec total
|c|☆BlazingHero657|gg.
|c|☆ry42|gg</script>
</div>
<div class="battle-log battle-log-inline"><div class="inner"><div class="battle-options"><div style="padding-top: 3px; padding-right: 3px; text-align: right"><button class="icon button" name="openBattleOptions" title="Options">Battle Options</button></div></div><div class="inner message-log"><div class="chat"><small>☆ry42 and ☆BlazingHero657 joined</small></div><div class=""><small>Format:</small> <br><strong>[Gen 8] M4A VGC</strong></div><div class=""><small><em>Species Clause:</em> Limit one of each Pokémon</small></div><div class=""><small><em>Item Clause:</em> Limit one of each item</small></div><div class=""><small><em>Dynamax Clause:</em> You cannot dynamax</small></div><div class="chat"><img src="https://www.smogon.com/forums/attachments/banner_2-png.302358/" height="65" width="381"></div><div class="spacer battle-history"><br></div><div class="battle-history"><small>Welcome to Megas for All!</small><br></div><div class="battle-history"><small>This is a National Dex-based format where we aim to give a new Mega Evolution to every Pokémon.</small><br></div><div class="battle-history"><small>Just like any official format, you can still only Mega Evolve one Pokémon per team!</small><br></div><div class="battle-history"><small>You can find our thread and metagame resources here:</small><br></div><div class="battle-history"><small>https://www.smogon.com/forums/threads/3671140/</small><br></div><div class="chat battle-history"><strong>ry42's team:</strong> <em style="color:#445566;display:block;">Stakataka / Indeedee-F / Aurorus / Arctozolt / Terrakion / Zapdos</em></div><div class="chat battle-history"><strong>BlazingHero657's team:</strong> <em style="color:#445566;display:block;">Scizor / Kingdra / Clefairy / Gothitelle / Walrein / Jellicent</em></div><div class="chat message-error">Battle timer is ON: inactive players will automatically lose when time's up. (requested by ry42)</div><div class="chat"><small> BlueRayVGC,  ASnomPlaysShowdown, and  NinjacidVGC joined</small></div><div class="spacer battle-history"><br></div><div class="battle-history">Battle started between ry42 and BlazingHero657!<br></div><div class="spacer battle-history"><br></div><div class="battle-history">ry42 sent out <strong>Aurorus</strong>!<br></div><div class="spacer battle-history"><br></div><div class="battle-history">ry42 sent out <strong>Arctozolt</strong>!<br></div><div class="spacer battle-history"><br></div><div class="battle-history">Go! Tusk (<strong>Walrein</strong>)!<br></div><div class="spacer battle-history"><br></div><div class="battle-history">Go! Seafarer (<strong>Kingdra</strong>)!<br></div><div class="battle-history">[The opposing Aurorus's Snow Warning]<br><small>It started to hail!</small><br></div><div class="spacer battle-history"><br></div><h2 class="battle-history">Turn 1</h2><div class="chat"><small> analysis geek joined</small></div><div class="chat message-error">ry42 has 30 seconds left.</div><div class="chat"><small> pitterpatter5786 joined</small></div><div class="spacer battle-history"><br></div><div class="battle-history"><small>The opposing Aurorus's Aurorite is reacting to the Key Stone!</small><br>The opposing Aurorus has Mega Evolved into Mega Aurorus!<br></div><div class="battle-history">[The opposing Aurorus's Diamond Dust]<br></div><div class="battle-history"><small>A cloud of diamond dust blew in!</small><br></div><div class="battle-history"><small>All Rock-type damage, including Stealth Rock, will be nullified.</small><br></div><div class="battle-history"><small>Other weather-related moves and Abilities will behave as they do in hail.</small><br></div><div class="chat"><ul class="utilichart"><li class="result"><span class="col pokemonnamecol" style="white-space: nowrap">Aurorus-Mega</span> <span class="col typecol"><img src="https://play.pokemonshowdown.com/sprites/types/Electric.png" alt="Electric" height="14" width="32"><img src="https://play.pokemonshowdown.com/sprites/types/Ice.png" alt="Ice" height="14" width="32"></span> <span style="float: left ; min-height: 26px"><span class="col abilitycol">Diamond Dust</span><span class="col abilitycol"></span></span><span style="float: left ; min-height: 26px"><span class="col statcol"><em>HP</em><br>123</span> <span class="col statcol"><em>Atk</em><br>77</span> <span class="col statcol"><em>Def</em><br>102</span> <span class="col statcol"><em>SpA</em><br>131</span> <span class="col statcol"><em>SpD</em><br>122</span> <span class="col statcol"><em>Spe</em><br>66</span> </span></li><li style="clear: both"></li></ul></div><div class="spacer battle-history"><br></div><div class="battle-history">Seafarer used <strong>Protect</strong>!<br></div><div class="battle-history"><small>Seafarer protected itself!</small><br></div><div class="spacer battle-history"><br></div><div class="battle-history">Tusk used <strong>Protect</strong>!<br></div><div class="battle-history"><small>Tusk protected itself!</small><br></div><div class="spacer battle-history"><br></div><div class="battle-history">The opposing Arctozolt used <strong>Bolt Beak</strong>!<br></div><div class="battle-history"><small>Tusk protected itself!</small><br></div><div class="spacer battle-history"><br></div><div class="battle-history">The opposing Aurorus used <strong>Volt Switch</strong>!<br></div><div class="battle-history"><small>Tusk protected itself!</small><br></div><div class="spacer battle-history"><br></div><div class="battle-history"><small>The air is sparkling with diamond dust!</small><br></div><div class="spacer battle-history"><br></div><h2 class="battle-history">Turn 2</h2><div class="spacer battle-history"><br></div><div class="battle-history"><small>Tusk's Walreinite is reacting to the Key Stone!</small><br>Tusk has Mega Evolved into Mega Walrein!<br></div><div class="battle-history">[Tusk's Drizzle]<br><small>It started to rain!</small><br></div><div class="chat"><ul class="utilichart"><li class="result"><span class="col pokemonnamecol" style="white-space: nowrap">Walrein-Mega</span> <span class="col typecol"><img src="https://play.pokemonshowdown.com/sprites/types/Ice.png" alt="Ice" height="14" width="32"><img src="https://play.pokemonshowdown.com/sprites/types/Water.png" alt="Water" height="14" width="32"></span> <span style="float: left ; min-height: 26px"><span class="col abilitycol">Drizzle</span><span class="col abilitycol"></span></span><span style="float: left ; min-height: 26px"><span class="col statcol"><em>HP</em><br>110</span> <span class="col statcol"><em>Atk</em><br>110</span> <span class="col statcol"><em>Def</em><br>90</span> <span class="col statcol"><em>SpA</em><br>145</span> <span class="col statcol"><em>SpD</em><br>90</span> <span class="col statcol"><em>Spe</em><br>85</span> </span></li><li style="clear: both"></li></ul></div><div class="battle-history"><small>Seafarer surrounded itself with its Z-Power!</small><br></div><div class="spacer battle-history"><br></div><div class="battle-history"><small>Seafarer unleashes its full-force Z-Move!</small><br>Seafarer used <strong>Hydro Vortex</strong>!<br></div><div class="battle-history"><small>(The opposing Arctozolt lost <abbr title="−48/48 pixels">100%</abbr> of its health!)</small><br></div><div class="spacer battle-history"><br></div><div class="battle-history">The opposing Arctozolt fainted!<br></div><div class="battle-history">Tusk used <strong>Hydro Pump</strong>!<br></div><div class="battle-history"><small>The opposing Aurorus avoided the attack!</small><br></div><div class="spacer battle-history"><br></div><div class="battle-history">The opposing Aurorus used <strong>Volt Switch</strong>!<br></div><div class="battle-history"><small>(Seafarer lost <abbr title="−69/150">46%</abbr> of its health!)</small><br></div><div class="spacer battle-history"><br></div><div class="battle-history">The opposing Aurorus went back to ry42!<br></div><div class="battle-history">ry42 sent out Indeedee (<strong>Indeedee-F</strong>)!<br></div><div class="battle-history">[The opposing Indeedee's Psychic Surge]<br><small>The battlefield got weird!</small><br></div><div class="spacer battle-history"><br></div><div class="battle-history"><small>(Rain continues to fall.)</small><br></div><div class="spacer battle-history"><br></div><div class="battle-history">ry42 sent out Aurorus (<strong>Aurorus-Mega</strong>)!<br></div><div class="battle-history">[The opposing Aurorus's Diamond Dust]<br></div><div class="battle-history"><small>A cloud of diamond dust blew in!</small><br></div><div class="battle-history"><small>All Rock-type damage, including Stealth Rock, will be nullified.</small><br></div><div class="battle-history"><small>Other weather-related moves and Abilities will behave as they do in hail.</small><br></div><div class="spacer battle-history"><br></div><h2 class="battle-history">Turn 3</h2><div class="spacer battle-history"><br></div><div class="battle-history">Tusk, come back!<br></div><div class="battle-history">Go! Stardust (<strong>Clefairy</strong>)!<br></div><div class="spacer battle-history"><br></div><div class="battle-history">Seafarer used <strong>Protect</strong>!<br></div><div class="battle-history"><small>Seafarer protected itself!</small><br></div><div class="spacer battle-history"><br></div><div class="battle-history">The opposing Indeedee used <strong>Expanding Force</strong>!<br></div><div class="battle-history"><small>Seafarer protected itself!</small><br></div><div class="battle-history"><small>(Stardust lost <abbr title="−45/177">25.4%</abbr> of its health!)</small><br></div><div class="spacer battle-history"><br></div><div class="battle-history">The opposing Aurorus used <strong>Thunderbolt</strong>!<br></div><div class="battle-history"><small>(Stardust lost <abbr title="−54/177">30.5%</abbr> of its health!)</small><br></div><div class="spacer battle-history"><br></div><div class="battle-history"><small>The air is sparkling with diamond dust!</small><br></div><div class="spacer battle-history"><br></div><h2 class="battle-history">Turn 4</h2><div class="chat message-error">BlazingHero657 has 30 seconds left.</div><div class="spacer battle-history"><br></div><div class="battle-history">Seafarer used <strong>Muddy Water</strong>!<br></div><div class="battle-history"><small>The opposing Aurorus avoided the attack!</small><br></div><div class="battle-history"><small>(The opposing Indeedee lost <abbr title="−11/48 pixels">20.9–22.9%</abbr> of its health!)</small><br></div><div class="battle-history"><small>The opposing Indeedee's accuracy fell!</small><br></div><div class="spacer battle-history"><br></div><div class="battle-history">The opposing Indeedee used <strong>Expanding Force</strong>!<br></div><div class="battle-history"><small>(Stardust lost <abbr title="−42/177">23.7%</abbr> of its health!)</small><br></div><div class="battle-history"><small>(Seafarer lost <abbr title="−58/150">38.7%</abbr> of its health!)</small><br></div><div class="spacer battle-history"><br></div><div class="battle-history">The opposing Aurorus used <strong>Thunderbolt</strong>!<br></div><div class="battle-history"><small>(Stardust lost <abbr title="−36/177">20.3%</abbr> of its health!)</small><br></div><div class="spacer battle-history"><br></div><div class="battle-history">Stardust fainted!<br></div><div class="spacer battle-history"><br></div><div class="battle-history"><small>The air is sparkling with diamond dust!</small><br></div><div class="spacer battle-history"><br></div><div class="battle-history">Go! Tusk (<strong>Walrein-Mega</strong>)!<br></div><div class="battle-history">[Tusk's Drizzle]<br><small>It started to rain!</small><br></div><div class="spacer battle-history"><br></div><h2 class="battle-history">Turn 5</h2><div class="spacer battle-history"><br></div><div class="battle-history">Seafarer used <strong>Muddy Water</strong>!<br></div><div class="battle-history"><small>(The opposing Indeedee lost <abbr title="−16/48 pixels">31.3–35.3%</abbr> of its health!)</small><br></div><div class="battle-history"><small>(The opposing Aurorus lost <abbr title="−16/48 pixels">31.3–33.3%</abbr> of its health!)</small><br></div><div class="battle-history"><small>The opposing Aurorus's accuracy fell!</small><br></div><div class="spacer battle-history"><br></div><div class="battle-history">Tusk used <strong>Hydro Pump</strong>!<br></div><div class="battle-history"><small>(The opposing Indeedee lost <abbr title="−21/48 pixels">43.8–45.8%</abbr> of its health!)</small><br></div><div class="spacer battle-history"><br></div><div class="battle-history">The opposing Indeedee fainted!<br></div><div class="battle-history">The opposing Aurorus used <strong>Thunderbolt</strong>!<br></div><div class="battle-history"><small>It's super effective!</small><br></div><div class="battle-history"><small>(Tusk lost <abbr title="−204/217">94.0%</abbr> of its health!)</small><br></div><div class="spacer battle-history"><br></div><div class="battle-history"><small>(Rain continues to fall.)</small><br></div><div class="spacer battle-history"><br></div><div class="battle-history">ry42 sent out <strong>Stakataka</strong>!<br></div><div class="spacer battle-history"><br></div><h2 class="battle-history">Turn 6</h2><div class="spacer battle-history"><br></div><div class="battle-history">Seafarer used <strong>Muddy Water</strong>!<br></div><div class="battle-history"><small>It's super effective on the opposing Stakataka!</small><br></div><div class="battle-history"><small>(The opposing Stakataka lost <abbr title="−48/48 pixels">100%</abbr> of its health!)</small><br></div><div class="battle-history"><small>(The opposing Aurorus lost <abbr title="−14/48 pixels">27.2–31.2%</abbr> of its health!)</small><br></div><div class="battle-history"><small>The opposing Aurorus's accuracy fell!</small><br></div><div class="spacer battle-history"><br></div><div class="battle-history">The opposing Stakataka fainted!<br></div><div class="battle-history">Tusk used <strong>Hydro Pump</strong>!<br></div><div class="battle-history"><small>(The opposing Aurorus lost <abbr title="−18/48 pixels">37.5–39.5%</abbr> of its health!)</small><br></div><div class="spacer battle-history"><br></div><div class="battle-history">The opposing Aurorus fainted!<br></div><div class="spacer battle-history"><br></div><div class="battle-history"><strong>BlazingHero657</strong> won the battle!<br></div><div class="chat chatmessage-blazinghero657 mine"><strong style="color:#2e9e35"><small>☆</small><span class="username" data-name="BlazingHero657">BlazingHero657</span>:</strong> <em>gg.</em></div><div class="chat chatmessage-ry42"><strong style="color:#9727cf"><small>☆</small><span class="username" data-name="ry42">ry42</span>:</strong> <em>gg</em></div></div><div class="inner-preempt message-log"></div></div></div>
</div>
<script>
let daily = Math.floor(Date.now()/1000/60/60/24);document.write('<script src="https://dragonheaven.herokuapp.com/js/replay-embed.js?version'+daily+'"></'+'script>');
</script>
