<!DOCTYPE html>
<meta charset="utf-8" />
<!-- version 1 -->
<title>[Gen 8] M4A Suspect replay: IsoCon vs. ViZarPKMN</title>
<style>
html,body {font-family:Verdana, sans-serif;font-size:10pt;margin:0;padding:0;}body{padding:12px 0;} .battle-log {font-family:Verdana, sans-serif;font-size:10pt;} .battle-log-inline {border:1px solid #AAAAAA;background:#EEF2F5;color:black;max-width:640px;margin:0 auto 80px;padding-bottom:5px;} .battle-log .inner {padding:4px 8px 0px 8px;} .battle-log .inner-preempt {padding:0 8px 4px 8px;} .battle-log .inner-after {margin-top:0.5em;} .battle-log h2 {margin:0.5em -8px;padding:4px 8px;border:1px solid #AAAAAA;background:#E0E7EA;border-left:0;border-right:0;font-family:Verdana, sans-serif;font-size:13pt;} .battle-log .chat {vertical-align:middle;padding:3px 0 3px 0;font-size:8pt;} .battle-log .chat strong {color:#40576A;} .battle-log .chat em {padding:1px 4px 1px 3px;color:#000000;font-style:normal;} .chat.mine {background:rgba(0,0,0,0.05);margin-left:-8px;margin-right:-8px;padding-left:8px;padding-right:8px;} .spoiler {color:#BBBBBB;background:#BBBBBB;padding:0px 3px;} .spoiler:hover, .spoiler:active, .spoiler-shown {color:#000000;background:#E2E2E2;padding:0px 3px;} .spoiler a {color:#BBBBBB;} .spoiler:hover a, .spoiler:active a, .spoiler-shown a {color:#2288CC;} .chat code, .chat .spoiler:hover code, .chat .spoiler:active code, .chat .spoiler-shown code {border:1px solid #C0C0C0;background:#EEEEEE;color:black;padding:0 2px;} .chat .spoiler code {border:1px solid #CCCCCC;background:#CCCCCC;color:#CCCCCC;} .battle-log .rated {padding:3px 4px;} .battle-log .rated strong {color:white;background:#89A;padding:1px 4px;border-radius:4px;} .spacer {margin-top:0.5em;} .message-announce {background:#6688AA;color:white;padding:1px 4px 2px;} .message-announce a, .broadcast-green a, .broadcast-blue a, .broadcast-red a {color:#DDEEFF;} .broadcast-green {background-color:#559955;color:white;padding:2px 4px;} .broadcast-blue {background-color:#6688AA;color:white;padding:2px 4px;} .infobox {border:1px solid #6688AA;padding:2px 4px;} .infobox-limited {max-height:200px;overflow:auto;overflow-x:hidden;} .broadcast-red {background-color:#AA5544;color:white;padding:2px 4px;} .message-learn-canlearn {font-weight:bold;color:#228822;text-decoration:underline;} .message-learn-cannotlearn {font-weight:bold;color:#CC2222;text-decoration:underline;} .message-effect-weak {font-weight:bold;color:#CC2222;} .message-effect-resist {font-weight:bold;color:#6688AA;} .message-effect-immune {font-weight:bold;color:#666666;} .message-learn-list {margin-top:0;margin-bottom:0;} .message-throttle-notice, .message-error {color:#992222;} .message-overflow, .chat small.message-overflow {font-size:0pt;} .message-overflow::before {font-size:9pt;content:'...';} .subtle {color:#3A4A66;}
</style>
<div class="wrapper replay-wrapper" style="max-width:1180px;margin:0 auto">
<input type="hidden" name="replayid" value="dragonheaven-gen8m4asuspect-257" />
<div class="battle"></div><div class="battle-log"></div><div class="replay-controls"></div><div class="replay-controls-2"></div>
<h1 style="font-weight:normal;text-align:center"><strong>[Gen 8] M4A Suspect</strong><br /><a href="http://pokemonshowdown.com/users/isocon" class="subtle" target="_blank">IsoCon</a> vs. <a href="http://pokemonshowdown.com/users/vizarpkmn" class="subtle" target="_blank">ViZarPKMN</a></h1>
<script type="text/plain" class="battle-log-data">|j|☆IsoCon
|j|☆ViZarPKMN
|t:|1621714601
|player|p1|IsoCon|acetrainersnowf|
|player|p2|ViZarPKMN|benga|
|teamsize|p1|6
|teamsize|p2|6
|gametype|singles
|gen|8
|tier|[Gen 8] M4A Suspect
|clearpoke
|poke|p1|Lurantis, F|
|poke|p1|Garchomp, M|
|poke|p1|Zapdos|
|poke|p1|Jirachi|
|poke|p1|Blissey, F|
|poke|p1|Heatran, M|
|poke|p2|Zamazenta-Crowned|
|poke|p2|Rillaboom, M|
|poke|p2|Talonflame, M|
|poke|p2|Keldeo-Resolute|
|poke|p2|Landorus-Therian, M|
|poke|p2|Kommo-o, M|
|rule|HP Percentage Mod: HP is shown in percentages
|rule|Endless Battle Clause: Forcing endless battles is banned
|rule|OHKO Clause: OHKO moves are banned
|rule|Evasion Moves Clause: Evasion moves are banned
|rule|Species Clause: Limit one of each Pokémon
|rule|Dynamax Clause: You cannot dynamax
|rule|Sleep Clause Mod: Limit one foe put to sleep
|rule|Freeze Clause Mod: Limit one foe frozen
|raw|<img src="https:\/\/www.smogon.com\/forums\/attachments\/banner_2-png.302358\/" height="65" width="381">
|-message|Welcome to Megas for All!
|-message|This is a National Dex-based format where we aim to give a new Mega Evolution to every Pokémon.
|-message|Just like any official format, you can still only Mega Evolve one Pokémon per team!
|-message|You can find our thread and metagame resources here:
|-message|https:\/\/www.smogon.com\/forums\/threads\/3671140\/
|teampreview
|j|+inkbug1

|j| EeveeGirl1380
|j| Time to chill
|j| Ninjacid
|c|☆IsoCon|glhf
|c|☆ViZarPKMN|glhf
|c| EeveeGirl1380|glhf to both
|j| exploziff
|j| Coppersmith
|j| JosJet
|c| Coppersmith|lurantis :pog:
|
|t:|1621714633
|start
|switch|p1a: Lurantis|Lurantis, F|100\/100
|switch|p2a: Landorus|Landorus-Therian, M|100\/100
|-ability|p2a: Landorus|Intimidate|boost
|-unboost|p1a: Lurantis|atk|1
|turn|1
|
|t:|1621714650
|detailschange|p1a: Lurantis|Lurantis-Mega, F
|-mega|p1a: Lurantis|Lurantis|Lurantisite
|-start|p1a: Lurantis|typechange|Grass\/Fairy|[silent]
|raw|<ul class="utilichart"><li class="result"><span class="col pokemonnamecol" style="white-space: nowrap">Lurantis-Mega<\/span> <span class="col typecol"><img src="https:\/\/play.pokemonshowdown.com\/sprites\/types\/Grass.png" alt="Grass" height="14" width="32"><img src="https:\/\/play.pokemonshowdown.com\/sprites\/types\/Fairy.png" alt="Fairy" height="14" width="32"><\/span> <span style="float: left ; min-height: 26px"><span class="col abilitycol">Elegance<\/span><span class="col abilitycol"><\/span><\/span><span style="float: left ; min-height: 26px"><span class="col statcol"><em>HP<\/em><br>70<\/span> <span class="col statcol"><em>Atk<\/em><br>125<\/span> <span class="col statcol"><em>Def<\/em><br>110<\/span> <span class="col statcol"><em>SpA<\/em><br>100<\/span> <span class="col statcol"><em>SpD<\/em><br>110<\/span> <span class="col statcol"><em>Spe<\/em><br>65<\/span> <\/span><\/li><li style="clear: both"><\/li><\/ul>
|move|p2a: Landorus|U-turn|p1a: Lurantis
|-damage|p1a: Lurantis|77\/100
|
|t:|1621714662
|switch|p2a: Talonflame|Talonflame, M|100\/100|[from]move: U-turn
|move|p1a: Lurantis|Energy Ball|p2a: Talonflame
|-resisted|p2a: Talonflame
|-damage|p2a: Talonflame|88\/100
|-unboost|p2a: Talonflame|spd|1
|
|upkeep
|turn|2
|c| Coppersmith|im a fan of this mon
|c| exploziff|birb
|
|t:|1621714690
|switch|p1a: Zeus|Zapdos|100\/100
|detailschange|p2a: Talonflame|Talonflame-Mega, M
|-mega|p2a: Talonflame|Talonflame|Talonflite
|-start|p2a: Talonflame|typechange|Fire\/Flying|[silent]
|raw|<ul class="utilichart"><li class="result"><span class="col pokemonnamecol" style="white-space: nowrap">Talonflame-Mega<\/span> <span class="col typecol"><img src="https:\/\/play.pokemonshowdown.com\/sprites\/types\/Fire.png" alt="Fire" height="14" width="32"><img src="https:\/\/play.pokemonshowdown.com\/sprites\/types\/Flying.png" alt="Flying" height="14" width="32"><\/span> <span style="float: left ; min-height: 26px"><span class="col abilitycol">Bird of Prey<\/span><span class="col abilitycol"><\/span><\/span><span style="float: left ; min-height: 26px"><span class="col statcol"><em>HP<\/em><br>78<\/span> <span class="col statcol"><em>Atk<\/em><br>81<\/span> <span class="col statcol"><em>Def<\/em><br>71<\/span> <span class="col statcol"><em>SpA<\/em><br>134<\/span> <span class="col statcol"><em>SpD<\/em><br>69<\/span> <span class="col statcol"><em>Spe<\/em><br>166<\/span> <\/span><\/li><li style="clear: both"><\/li><\/ul>
|move|p2a: Talonflame|Hurricane|p1a: Zeus
|-resisted|p1a: Zeus
|-damage|p1a: Zeus|69\/100
|-start|p1a: Zeus|confusion
|
|upkeep
|turn|3
|
|t:|1621714700
|move|p2a: Talonflame|Fire Blast|p1a: Zeus
|-damage|p1a: Zeus|10\/100
|-activate|p1a: Zeus|confusion
|-damage|p1a: Zeus|5\/100|[from] confusion
|
|upkeep
|turn|4
|
|t:|1621714705
|move|p2a: Talonflame|Hidden Power|p1a: Zeus
|-supereffective|p1a: Zeus
|-damage|p1a: Zeus|0 fnt
|faint|p1a: Zeus
|
|upkeep
|
|t:|1621714709
|switch|p1a: Eileithyia|Blissey, F|100\/100
|turn|5
|
|t:|1621714712
|move|p2a: Talonflame|U-turn|p1a: Eileithyia
|-damage|p1a: Eileithyia|90\/100
|
|t:|1621714714
|switch|p2a: Keldeo|Keldeo-Resolute|100\/100|[from]move: U-turn
|move|p1a: Eileithyia|Teleport|p1a: Eileithyia
|
|t:|1621714718
|switch|p1a: Lurantis|Lurantis-Mega, F|77\/100|[from]move: Teleport
|-start|p1a: Lurantis|typechange|Grass\/Fairy|[silent]
|
|upkeep
|turn|6
|
|t:|1621714721
|move|p2a: Keldeo|Flip Turn|p1a: Lurantis
|-resisted|p1a: Lurantis
|-damage|p1a: Lurantis|71\/100
|
|t:|1621714723
|switch|p2a: Talonflame|Talonflame-Mega, M|88\/100|[from]move: Flip Turn
|-start|p2a: Talonflame|typechange|Fire\/Flying|[silent]
|move|p1a: Lurantis|Moonlight|p1a: Lurantis
|-heal|p1a: Lurantis|100\/100
|
|upkeep
|turn|7
|
|t:|1621714734
|switch|p1a: Hephaistos|Heatran, M|100\/100
|move|p2a: Talonflame|U-turn|p1a: Hephaistos
|-resisted|p1a: Hephaistos
|-damage|p1a: Hephaistos|98\/100
|
|t:|1621714745
|switch|p2a: Landorus|Landorus-Therian, M|100\/100|[from]move: U-turn
|-ability|p2a: Landorus|Intimidate|boost
|-unboost|p1a: Hephaistos|atk|1
|
|-heal|p1a: Hephaistos|100\/100|[from] item: Leftovers
|upkeep
|turn|8
|
|t:|1621714753
|switch|p1a: Lurantis|Lurantis-Mega, F|100\/100
|-start|p1a: Lurantis|typechange|Grass\/Fairy|[silent]
|move|p2a: Landorus|Stealth Rock|p1a: Lurantis
|-sidestart|p1: IsoCon|move: Stealth Rock
|
|upkeep
|turn|9
|
|t:|1621714775
|switch|p2a: Zamazenta|Zamazenta-Crowned|100\/100
|-ability|p2a: Zamazenta|Dauntless Shield|boost
|-boost|p2a: Zamazenta|def|1
|move|p1a: Lurantis|Silver Wind|p2a: Zamazenta
|-resisted|p2a: Zamazenta
|-damage|p2a: Zamazenta|98\/100
|-boost|p1a: Lurantis|atk|1
|-boost|p1a: Lurantis|def|1
|-boost|p1a: Lurantis|spa|1
|-boost|p1a: Lurantis|spd|1
|-boost|p1a: Lurantis|spe|1
|
|upkeep
|turn|10
|
|t:|1621714785
|move|p1a: Lurantis|Silver Wind|p2a: Zamazenta
|-resisted|p2a: Zamazenta
|-damage|p2a: Zamazenta|94\/100
|-boost|p1a: Lurantis|atk|1
|-boost|p1a: Lurantis|def|1
|-boost|p1a: Lurantis|spa|1
|-boost|p1a: Lurantis|spd|1
|-boost|p1a: Lurantis|spe|1
|move|p2a: Zamazenta|Behemoth Bash|p1a: Lurantis
|-supereffective|p1a: Lurantis
|-damage|p1a: Lurantis|45\/100
|
|upkeep
|turn|11
|c| EeveeGirl1380|wow
|
|t:|1621714794
|move|p1a: Lurantis|Silver Wind|p2a: Zamazenta
|-resisted|p2a: Zamazenta
|-damage|p2a: Zamazenta|89\/100
|-boost|p1a: Lurantis|atk|1
|-boost|p1a: Lurantis|def|1
|-boost|p1a: Lurantis|spa|1
|-boost|p1a: Lurantis|spd|1
|-boost|p1a: Lurantis|spe|1
|move|p2a: Zamazenta|Behemoth Bash|p1a: Lurantis
|-supereffective|p1a: Lurantis
|-crit|p1a: Lurantis
|-damage|p1a: Lurantis|0 fnt
|faint|p1a: Lurantis
|
|upkeep
|c|☆ViZarPKMN|sorry
|c|☆ViZarPKMN|that was dumb
|c| Ninjacid|BIG RIP
|c| Coppersmith|:\/
|c| Coppersmith|#isoluck
|c|☆ViZarPKMN|they would've won if that didn't happen
|c| Coppersmith|ya hate to see it
|c|☆ViZarPKMN|you know what 
|c|☆ViZarPKMN|fuck it
|-message|ViZarPKMN forfeited.
|
|win|IsoCon
|c|☆IsoCon|huh what
|c|☆ViZarPKMN|I feel too bad to take the win rn
|c|☆IsoCon|you sure vizar?
|c|☆ViZarPKMN|I am
|c|☆IsoCon|you still had a chance of winning without crits
|c| Ninjacid|Happy birthday vizar!!
|c|☆ViZarPKMN|thx
|c|☆ViZarPKMN|and now I hadn't
|l| EeveeGirl1380
|c|☆ViZarPKMN|you could've stalled Bash and my only chance was to crit with Fire Blast from Talon
|c|☆IsoCon|so kommo-o wasnt poison jab
|c|☆IsoCon|im just checking calcs a sec
|c|☆ViZarPKMN|no
|c|☆IsoCon|talonflame kinda eats energy ball but i would probably have enough moonlights to get through
|c|☆IsoCon|alright gg then
|c|☆ViZarPKMN|gg
|l|☆ViZarPKMN
|l| Ninjacid</script>
</div>
<div class="battle-log battle-log-inline"><div class="inner"><div class="battle-options"><div style="padding-top: 3px; padding-right: 3px; text-align: right"><button class="icon button" name="openBattleOptions" title="Options">Battle Options</button></div></div><div class="inner message-log"><div class="chat"><small>☆IsoCon and ☆ViZarPKMN joined</small></div><div class=""><small>Format:</small> <br><strong>[Gen 8] M4A Suspect</strong></div><div class=""><small><em>HP Percentage Mod:</em> HP is shown in percentages</small></div><div class=""><small><em>Endless Battle Clause:</em> Forcing endless battles is banned</small></div><div class=""><small><em>OHKO Clause:</em> OHKO moves are banned</small></div><div class=""><small><em>Evasion Moves Clause:</em> Evasion moves are banned</small></div><div class=""><small><em>Species Clause:</em> Limit one of each Pokémon</small></div><div class=""><small><em>Dynamax Clause:</em> You cannot dynamax</small></div><div class=""><small><em>Sleep Clause Mod:</em> Limit one foe put to sleep</small></div><div class=""><small><em>Freeze Clause Mod:</em> Limit one foe frozen</small></div><div class="chat"><img src="https://www.smogon.com/forums/attachments/banner_2-png.302358/" height="65" width="381"></div><div class="spacer battle-history"><br></div><div class="battle-history"><small>Welcome to Megas for All!</small><br></div><div class="battle-history"><small>This is a National Dex-based format where we aim to give a new Mega Evolution to every Pokémon.</small><br></div><div class="battle-history"><small>Just like any official format, you can still only Mega Evolve one Pokémon per team!</small><br></div><div class="battle-history"><small>You can find our thread and metagame resources here:</small><br></div><div class="battle-history"><small>https://www.smogon.com/forums/threads/3671140/</small><br></div><div class="chat battle-history"><strong>IsoCon's team:</strong> <em style="color:#445566;display:block;">Lurantis / Garchomp / Zapdos / Jirachi / Blissey / Heatran</em></div><div class="chat battle-history"><strong>ViZarPKMN's team:</strong> <em style="color:#445566;display:block;">Zamazenta-Crowned / Rillaboom / Talonflame / Keldeo-Resolute / Landorus-Therian / Kommo-o</em></div><div class="chat"><small>+inkbug1 joined</small></div><div class="chat chatmessage-isocon"><strong style="color:#616adf"><small>☆</small><span class="username" data-name="IsoCon">IsoCon</span>:</strong> <em>glhf</em></div><div class="chat chatmessage-vizarpkmn"><strong style="color:#4f78c0"><small>☆</small><span class="username" data-name="ViZarPKMN">ViZarPKMN</span>:</strong> <em>glhf</em></div><div class="chat chatmessage-eeveegirl1380"><strong style="color:#7b6dd7"><small> </small><span class="username" data-name="EeveeGirl1380">EeveeGirl1380</span>:</strong> <em>glhf to both</em></div><div class="chat"><small> EeveeGirl1380,  Time to chill,  Ninjacid,  exploziff,  Coppersmith, and  JosJet joined</small></div><div class="chat chatmessage-coppersmith"><strong style="color:#0aa445"><small> </small><span class="username" data-name="Coppersmith">Coppersmith</span>:</strong> <em>lurantis :pog:</em></div><div class="spacer battle-history"><br></div><div class="battle-history">Battle started between IsoCon and ViZarPKMN!<br></div><div class="spacer battle-history"><br></div><div class="battle-history">Go! <strong>Lurantis</strong>!<br></div><div class="spacer battle-history"><br></div><div class="battle-history">ViZarPKMN sent out Landorus (<strong>Landorus-Therian</strong>)!<br></div><div class="battle-history">[The opposing Landorus's Intimidate]<br></div><div class="battle-history"><small>Lurantis's Attack fell!</small><br></div><div class="spacer battle-history"><br></div><h2 class="battle-history">Turn 1</h2><div class="spacer battle-history"><br></div><div class="battle-history"><small>Lurantis's Lurantisite is reacting to the Key Stone!</small><br>Lurantis has Mega Evolved into Mega Lurantis!<br></div><div class="chat"><ul class="utilichart"><li class="result"><span class="col pokemonnamecol" style="white-space: nowrap">Lurantis-Mega</span> <span class="col typecol"><img src="https://play.pokemonshowdown.com/sprites/types/Grass.png" alt="Grass" height="14" width="32"><img src="https://play.pokemonshowdown.com/sprites/types/Fairy.png" alt="Fairy" height="14" width="32"></span> <span style="float: left ; min-height: 26px"><span class="col abilitycol">Elegance</span><span class="col abilitycol"></span></span><span style="float: left ; min-height: 26px"><span class="col statcol"><em>HP</em><br>70</span> <span class="col statcol"><em>Atk</em><br>125</span> <span class="col statcol"><em>Def</em><br>110</span> <span class="col statcol"><em>SpA</em><br>100</span> <span class="col statcol"><em>SpD</em><br>110</span> <span class="col statcol"><em>Spe</em><br>65</span> </span></li><li style="clear: both"></li></ul></div><div class="spacer battle-history"><br></div><div class="battle-history">The opposing Landorus used <strong>U-turn</strong>!<br></div><div class="battle-history"><small>(Lurantis lost 23% of its health!)</small><br></div><div class="spacer battle-history"><br></div><div class="battle-history">The opposing Landorus went back to ViZarPKMN!<br></div><div class="battle-history">ViZarPKMN sent out <strong>Talonflame</strong>!<br></div><div class="spacer battle-history"><br></div><div class="battle-history">Lurantis used <strong>Energy Ball</strong>!<br></div><div class="battle-history"><small>It's not very effective...</small><br></div><div class="battle-history"><small>(The opposing Talonflame lost 12% of its health!)</small><br></div><div class="battle-history"><small>The opposing Talonflame's Sp. Def fell!</small><br></div><div class="spacer battle-history"><br></div><h2 class="battle-history">Turn 2</h2><div class="chat chatmessage-coppersmith"><strong style="color:#0aa445"><small> </small><span class="username" data-name="Coppersmith">Coppersmith</span>:</strong> <em>im a fan of this mon</em></div><div class="chat chatmessage-exploziff"><strong style="color:#70a52f"><small> </small><span class="username" data-name="exploziff">exploziff</span>:</strong> <em>birb</em></div><div class="spacer battle-history"><br></div><div class="battle-history">Lurantis, come back!<br></div><div class="battle-history">Go! Zeus (<strong>Zapdos</strong>)!<br></div><div class="spacer battle-history"><br></div><div class="battle-history"><small>The opposing Talonflame's Talonflite is reacting to the Key Stone!</small><br>The opposing Talonflame has Mega Evolved into Mega Talonflame!<br></div><div class="chat"><ul class="utilichart"><li class="result"><span class="col pokemonnamecol" style="white-space: nowrap">Talonflame-Mega</span> <span class="col typecol"><img src="https://play.pokemonshowdown.com/sprites/types/Fire.png" alt="Fire" height="14" width="32"><img src="https://play.pokemonshowdown.com/sprites/types/Flying.png" alt="Flying" height="14" width="32"></span> <span style="float: left ; min-height: 26px"><span class="col abilitycol">Bird of Prey</span><span class="col abilitycol"></span></span><span style="float: left ; min-height: 26px"><span class="col statcol"><em>HP</em><br>78</span> <span class="col statcol"><em>Atk</em><br>81</span> <span class="col statcol"><em>Def</em><br>71</span> <span class="col statcol"><em>SpA</em><br>134</span> <span class="col statcol"><em>SpD</em><br>69</span> <span class="col statcol"><em>Spe</em><br>166</span> </span></li><li style="clear: both"></li></ul></div><div class="spacer battle-history"><br></div><div class="battle-history">The opposing Talonflame used <strong>Hurricane</strong>!<br></div><div class="battle-history"><small>It's not very effective...</small><br></div><div class="battle-history"><small>(Zeus lost 31% of its health!)</small><br></div><div class="battle-history"><small>Zeus became confused!</small><br></div><div class="spacer battle-history"><br></div><h2 class="battle-history">Turn 3</h2><div class="spacer battle-history"><br></div><div class="battle-history">The opposing Talonflame used <strong>Fire Blast</strong>!<br></div><div class="battle-history"><small>(Zeus lost 59% of its health!)</small><br></div><div class="spacer battle-history"><br></div><div class="battle-history"><small>Zeus is confused!</small><br></div><div class="battle-history">It hurt itself in its confusion!<br></div><div class="spacer battle-history"><br></div><h2 class="battle-history">Turn 4</h2><div class="spacer battle-history"><br></div><div class="battle-history">The opposing Talonflame used <strong>Hidden Power</strong>!<br></div><div class="battle-history"><small>It's super effective!</small><br></div><div class="battle-history"><small>(Zeus lost 5% of its health!)</small><br></div><div class="spacer battle-history"><br></div><div class="battle-history">Zeus fainted!<br></div><div class="spacer battle-history"><br></div><div class="battle-history">Go! Eileithyia (<strong>Blissey</strong>)!<br></div><div class="spacer battle-history"><br></div><h2 class="battle-history">Turn 5</h2><div class="spacer battle-history"><br></div><div class="battle-history">The opposing Talonflame used <strong>U-turn</strong>!<br></div><div class="battle-history"><small>(Eileithyia lost 10% of its health!)</small><br></div><div class="spacer battle-history"><br></div><div class="battle-history">The opposing Talonflame went back to ViZarPKMN!<br></div><div class="battle-history">ViZarPKMN sent out Keldeo (<strong>Keldeo-Resolute</strong>)!<br></div><div class="spacer battle-history"><br></div><div class="battle-history">Eileithyia used <strong>Teleport</strong>!<br></div><div class="spacer battle-history"><br></div><div class="battle-history">Eileithyia, come back!<br></div><div class="battle-history">Go! Lurantis (<strong>Lurantis-Mega</strong>)!<br></div><div class="spacer battle-history"><br></div><h2 class="battle-history">Turn 6</h2><div class="spacer battle-history"><br></div><div class="battle-history">The opposing Keldeo used <strong>Flip Turn</strong>!<br></div><div class="battle-history"><small>It's not very effective...</small><br></div><div class="battle-history"><small>(Lurantis lost 6% of its health!)</small><br></div><div class="spacer battle-history"><br></div><div class="battle-history">ViZarPKMN withdrew Keldeo!<br></div><div class="battle-history">ViZarPKMN sent out Talonflame (<strong>Talonflame-Mega</strong>)!<br></div><div class="spacer battle-history"><br></div><div class="battle-history">Lurantis used <strong>Moonlight</strong>!<br></div><div class="battle-history"><small>Lurantis had its HP restored.</small><br></div><div class="spacer battle-history"><br></div><h2 class="battle-history">Turn 7</h2><div class="spacer battle-history"><br></div><div class="battle-history">Lurantis, come back!<br></div><div class="battle-history">Go! Hephaistos (<strong>Heatran</strong>)!<br></div><div class="spacer battle-history"><br></div><div class="battle-history">The opposing Talonflame used <strong>U-turn</strong>!<br></div><div class="battle-history"><small>It's not very effective...</small><br></div><div class="battle-history"><small>(Hephaistos lost 2% of its health!)</small><br></div><div class="spacer battle-history"><br></div><div class="battle-history">The opposing Talonflame went back to ViZarPKMN!<br></div><div class="battle-history">ViZarPKMN sent out Landorus (<strong>Landorus-Therian</strong>)!<br></div><div class="battle-history">[The opposing Landorus's Intimidate]<br></div><div class="battle-history"><small>Hephaistos's Attack fell!</small><br></div><div class="spacer battle-history"><br></div><div class="battle-history"><small>Hephaistos restored a little HP using its Leftovers!</small><br></div><div class="spacer battle-history"><br></div><h2 class="battle-history">Turn 8</h2><div class="spacer battle-history"><br></div><div class="battle-history">Hephaistos, come back!<br></div><div class="battle-history">Go! Lurantis (<strong>Lurantis-Mega</strong>)!<br></div><div class="spacer battle-history"><br></div><div class="battle-history">The opposing Landorus used <strong>Stealth Rock</strong>!<br></div><div class="battle-history"><small>Pointed stones float in the air around your team!</small><br></div><div class="spacer battle-history"><br></div><h2 class="battle-history">Turn 9</h2><div class="spacer battle-history"><br></div><div class="battle-history">ViZarPKMN withdrew Landorus!<br></div><div class="battle-history">ViZarPKMN sent out Zamazenta (<strong>Zamazenta-Crowned</strong>)!<br></div><div class="battle-history">[The opposing Zamazenta's Dauntless Shield]<br></div><div class="battle-history"><small>The opposing Zamazenta's Defense rose!</small><br></div><div class="spacer battle-history"><br></div><div class="battle-history">Lurantis used <strong>Silver Wind</strong>!<br></div><div class="battle-history"><small>It's not very effective...</small><br></div><div class="battle-history"><small>(The opposing Zamazenta lost 2% of its health!)</small><br></div><div class="battle-history"><small>Lurantis's Attack rose!</small><br></div><div class="battle-history"><small>Lurantis's Defense rose!</small><br></div><div class="battle-history"><small>Lurantis's Sp. Atk rose!</small><br></div><div class="battle-history"><small>Lurantis's Sp. Def rose!</small><br></div><div class="battle-history"><small>Lurantis's Speed rose!</small><br></div><div class="spacer battle-history"><br></div><h2 class="battle-history">Turn 10</h2><div class="spacer battle-history"><br></div><div class="battle-history">Lurantis used <strong>Silver Wind</strong>!<br></div><div class="battle-history"><small>It's not very effective...</small><br></div><div class="battle-history"><small>(The opposing Zamazenta lost 4% of its health!)</small><br></div><div class="battle-history"><small>Lurantis's Attack rose!</small><br></div><div class="battle-history"><small>Lurantis's Defense rose!</small><br></div><div class="battle-history"><small>Lurantis's Sp. Atk rose!</small><br></div><div class="battle-history"><small>Lurantis's Sp. Def rose!</small><br></div><div class="battle-history"><small>Lurantis's Speed rose!</small><br></div><div class="spacer battle-history"><br></div><div class="battle-history">The opposing Zamazenta used <strong>Behemoth Bash</strong>!<br></div><div class="battle-history"><small>It's super effective!</small><br></div><div class="battle-history"><small>(Lurantis lost 55% of its health!)</small><br></div><div class="spacer battle-history"><br></div><h2 class="battle-history">Turn 11</h2><div class="chat chatmessage-eeveegirl1380"><strong style="color:#7b6dd7"><small> </small><span class="username" data-name="EeveeGirl1380">EeveeGirl1380</span>:</strong> <em>wow</em></div><div class="spacer battle-history"><br></div><div class="battle-history">Lurantis used <strong>Silver Wind</strong>!<br></div><div class="battle-history"><small>It's not very effective...</small><br></div><div class="battle-history"><small>(The opposing Zamazenta lost 5% of its health!)</small><br></div><div class="battle-history"><small>Lurantis's Attack rose!</small><br></div><div class="battle-history"><small>Lurantis's Defense rose!</small><br></div><div class="battle-history"><small>Lurantis's Sp. Atk rose!</small><br></div><div class="battle-history"><small>Lurantis's Sp. Def rose!</small><br></div><div class="battle-history"><small>Lurantis's Speed rose!</small><br></div><div class="spacer battle-history"><br></div><div class="battle-history">The opposing Zamazenta used <strong>Behemoth Bash</strong>!<br></div><div class="battle-history"><small>It's super effective!</small><br></div><div class="battle-history"><small>A critical hit!</small><br></div><div class="battle-history"><small>(Lurantis lost 45% of its health!)</small><br></div><div class="spacer battle-history"><br></div><div class="battle-history">Lurantis fainted!<br></div><div class="chat chatmessage-vizarpkmn"><strong style="color:#4f78c0"><small>☆</small><span class="username" data-name="ViZarPKMN">ViZarPKMN</span>:</strong> <em>sorry</em></div><div class="chat chatmessage-vizarpkmn"><strong style="color:#4f78c0"><small>☆</small><span class="username" data-name="ViZarPKMN">ViZarPKMN</span>:</strong> <em>that was dumb</em></div><div class="chat chatmessage-ninjacid"><strong style="color:#c62447"><small> </small><span class="username" data-name="Ninjacid">Ninjacid</span>:</strong> <em>BIG RIP</em></div><div class="chat chatmessage-coppersmith"><strong style="color:#0aa445"><small> </small><span class="username" data-name="Coppersmith">Coppersmith</span>:</strong> <em>:/</em></div><div class="chat chatmessage-coppersmith"><strong style="color:#0aa445"><small> </small><span class="username" data-name="Coppersmith">Coppersmith</span>:</strong> <em>#isoluck</em></div><div class="chat chatmessage-vizarpkmn"><strong style="color:#4f78c0"><small>☆</small><span class="username" data-name="ViZarPKMN">ViZarPKMN</span>:</strong> <em>they would've won if that didn't happen</em></div><div class="chat chatmessage-coppersmith"><strong style="color:#0aa445"><small> </small><span class="username" data-name="Coppersmith">Coppersmith</span>:</strong> <em>ya hate to see it</em></div><div class="chat chatmessage-vizarpkmn"><strong style="color:#4f78c0"><small>☆</small><span class="username" data-name="ViZarPKMN">ViZarPKMN</span>:</strong> <em>you know what </em></div><div class="chat chatmessage-vizarpkmn"><strong style="color:#4f78c0"><small>☆</small><span class="username" data-name="ViZarPKMN">ViZarPKMN</span>:</strong> <em>fuck it</em></div><div class="spacer battle-history"><br></div><div class="battle-history"><small>ViZarPKMN forfeited.</small><br></div><div class="spacer battle-history"><br></div><div class="battle-history"><strong>IsoCon</strong> won the battle!<br></div><div class="chat chatmessage-isocon"><strong style="color:#616adf"><small>☆</small><span class="username" data-name="IsoCon">IsoCon</span>:</strong> <em>huh what</em></div><div class="chat chatmessage-vizarpkmn"><strong style="color:#4f78c0"><small>☆</small><span class="username" data-name="ViZarPKMN">ViZarPKMN</span>:</strong> <em>I feel too bad to take the win rn</em></div><div class="chat chatmessage-isocon"><strong style="color:#616adf"><small>☆</small><span class="username" data-name="IsoCon">IsoCon</span>:</strong> <em>you sure vizar?</em></div><div class="chat chatmessage-vizarpkmn"><strong style="color:#4f78c0"><small>☆</small><span class="username" data-name="ViZarPKMN">ViZarPKMN</span>:</strong> <em>I am</em></div><div class="chat chatmessage-isocon"><strong style="color:#616adf"><small>☆</small><span class="username" data-name="IsoCon">IsoCon</span>:</strong> <em>you still had a chance of winning without crits</em></div><div class="chat chatmessage-ninjacid"><strong style="color:#c62447"><small> </small><span class="username" data-name="Ninjacid">Ninjacid</span>:</strong> <em>Happy birthday vizar!!</em></div><div class="chat chatmessage-vizarpkmn"><strong style="color:#4f78c0"><small>☆</small><span class="username" data-name="ViZarPKMN">ViZarPKMN</span>:</strong> <em>thx</em></div><div class="chat chatmessage-vizarpkmn"><strong style="color:#4f78c0"><small>☆</small><span class="username" data-name="ViZarPKMN">ViZarPKMN</span>:</strong> <em>and now I hadn't</em></div><div class="chat chatmessage-vizarpkmn"><strong style="color:#4f78c0"><small>☆</small><span class="username" data-name="ViZarPKMN">ViZarPKMN</span>:</strong> <em>you could've stalled Bash and my only chance was to crit with Fire Blast from Talon</em></div><div class="chat chatmessage-isocon"><strong style="color:#616adf"><small>☆</small><span class="username" data-name="IsoCon">IsoCon</span>:</strong> <em>so kommo-o wasnt poison jab</em></div><div class="chat chatmessage-isocon"><strong style="color:#616adf"><small>☆</small><span class="username" data-name="IsoCon">IsoCon</span>:</strong> <em>im just checking calcs a sec</em></div><div class="chat chatmessage-vizarpkmn"><strong style="color:#4f78c0"><small>☆</small><span class="username" data-name="ViZarPKMN">ViZarPKMN</span>:</strong> <em>no</em></div><div class="chat chatmessage-isocon"><strong style="color:#616adf"><small>☆</small><span class="username" data-name="IsoCon">IsoCon</span>:</strong> <em>talonflame kinda eats energy ball but i would probably have enough moonlights to get through</em></div><div class="chat chatmessage-isocon"><strong style="color:#616adf"><small>☆</small><span class="username" data-name="IsoCon">IsoCon</span>:</strong> <em>alright gg then</em></div><div class="chat chatmessage-vizarpkmn"><strong style="color:#4f78c0"><small>☆</small><span class="username" data-name="ViZarPKMN">ViZarPKMN</span>:</strong> <em>gg</em></div><div class="chat"><small> EeveeGirl1380, ☆ViZarPKMN, and  Ninjacid left</small></div></div><div class="inner-preempt message-log"></div></div></div>
</div>
<script>
let daily = Math.floor(Date.now()/1000/60/60/24);document.write('<script src="https://dragonheaven.herokuapp.com/js/replay-embed.js?version'+daily+'"></'+'script>');
</script>
