<!DOCTYPE html>
<meta charset="utf-8" />
<!-- version 1 -->
<title>[Gen 8] Megas for All replay: shingenx vs. Mossy Sandwich</title>
<style>
html,body {font-family:Verdana, sans-serif;font-size:10pt;margin:0;padding:0;}body{padding:12px 0;} .battle-log {font-family:Verdana, sans-serif;font-size:10pt;} .battle-log-inline {border:1px solid #AAAAAA;background:#EEF2F5;color:black;max-width:640px;margin:0 auto 80px;padding-bottom:5px;} .battle-log .inner {padding:4px 8px 0px 8px;} .battle-log .inner-preempt {padding:0 8px 4px 8px;} .battle-log .inner-after {margin-top:0.5em;} .battle-log h2 {margin:0.5em -8px;padding:4px 8px;border:1px solid #AAAAAA;background:#E0E7EA;border-left:0;border-right:0;font-family:Verdana, sans-serif;font-size:13pt;} .battle-log .chat {vertical-align:middle;padding:3px 0 3px 0;font-size:8pt;} .battle-log .chat strong {color:#40576A;} .battle-log .chat em {padding:1px 4px 1px 3px;color:#000000;font-style:normal;} .chat.mine {background:rgba(0,0,0,0.05);margin-left:-8px;margin-right:-8px;padding-left:8px;padding-right:8px;} .spoiler {color:#BBBBBB;background:#BBBBBB;padding:0px 3px;} .spoiler:hover, .spoiler:active, .spoiler-shown {color:#000000;background:#E2E2E2;padding:0px 3px;} .spoiler a {color:#BBBBBB;} .spoiler:hover a, .spoiler:active a, .spoiler-shown a {color:#2288CC;} .chat code, .chat .spoiler:hover code, .chat .spoiler:active code, .chat .spoiler-shown code {border:1px solid #C0C0C0;background:#EEEEEE;color:black;padding:0 2px;} .chat .spoiler code {border:1px solid #CCCCCC;background:#CCCCCC;color:#CCCCCC;} .battle-log .rated {padding:3px 4px;} .battle-log .rated strong {color:white;background:#89A;padding:1px 4px;border-radius:4px;} .spacer {margin-top:0.5em;} .message-announce {background:#6688AA;color:white;padding:1px 4px 2px;} .message-announce a, .broadcast-green a, .broadcast-blue a, .broadcast-red a {color:#DDEEFF;} .broadcast-green {background-color:#559955;color:white;padding:2px 4px;} .broadcast-blue {background-color:#6688AA;color:white;padding:2px 4px;} .infobox {border:1px solid #6688AA;padding:2px 4px;} .infobox-limited {max-height:200px;overflow:auto;overflow-x:hidden;} .broadcast-red {background-color:#AA5544;color:white;padding:2px 4px;} .message-learn-canlearn {font-weight:bold;color:#228822;text-decoration:underline;} .message-learn-cannotlearn {font-weight:bold;color:#CC2222;text-decoration:underline;} .message-effect-weak {font-weight:bold;color:#CC2222;} .message-effect-resist {font-weight:bold;color:#6688AA;} .message-effect-immune {font-weight:bold;color:#666666;} .message-learn-list {margin-top:0;margin-bottom:0;} .message-throttle-notice, .message-error {color:#992222;} .message-overflow, .chat small.message-overflow {font-size:0pt;} .message-overflow::before {font-size:9pt;content:'...';} .subtle {color:#3A4A66;}
</style>
<div class="wrapper replay-wrapper" style="max-width:1180px;margin:0 auto">
<input type="hidden" name="replayid" value="dragonheaven-gen8megasforall-818" />
<div class="battle"></div><div class="battle-log"></div><div class="replay-controls"></div><div class="replay-controls-2"></div>
<h1 style="font-weight:normal;text-align:center"><strong>[Gen 8] Megas for All</strong><br /><a href="http://pokemonshowdown.com/users/shingenx" class="subtle" target="_blank">shingenx</a> vs. <a href="http://pokemonshowdown.com/users/mossysandwich" class="subtle" target="_blank">Mossy Sandwich</a></h1>
<script type="text/plain" class="battle-log-data">|j|☆shingenx
|j|☆Mossy Sandwich

|t:|1610824511
|player|p1|shingenx|blue-gen3two|
|player|p2|Mossy Sandwich|2|
|teamsize|p1|6
|teamsize|p2|6
|gametype|singles
|gen|8
|tier|[Gen 8] Megas for All
|clearpoke
|poke|p1|Tangrowth, M|
|poke|p1|Tapu Fini|
|poke|p1|Corviknight, M|
|poke|p1|Garchomp, M|
|poke|p1|Volcarona, M|
|poke|p1|Dhelmise|
|poke|p2|Gothitelle, M|
|poke|p2|Tyranitar, M|
|poke|p2|Zapdos|
|poke|p2|Urshifu-*, F|
|poke|p2|Tapu Koko|
|poke|p2|Kartana|
|rule|HP Percentage Mod: HP is shown in percentages
|rule|Endless Battle Clause: Forcing endless battles is banned
|rule|OHKO Clause: OHKO moves are banned
|rule|Evasion Moves Clause: Evasion moves are banned
|rule|Species Clause: Limit one of each Pokémon
|rule|Dynamax Clause: You cannot dynamax
|rule|Sleep Clause Mod: Limit one foe put to sleep
|rule|Freeze Clause Mod: Limit one foe frozen
|raw|<img src="https:\/\/www.smogon.com\/forums\/attachments\/banner_2-png.302358\/" height="65" width="381">
|-message|Welcome to Megas for All!
|-message|This is a National Dex-based format where we aim to give a new Mega Evolution to every Pokémon.
|-message|Just like any official format, you can still only Mega Evolve one Pokémon per team!
|-message|You can find our thread and metagame resources here:
|-message|https:\/\/www.smogon.com\/forums\/threads\/3671140\/
|teampreview
|j|+inkbug1
|c|☆shingenx|glhf!
|
|t:|1610824528
|start
|switch|p1a: ANCHORS AWAY|Dhelmise|100\/100
|switch|p2a: Tapu Koko|Tapu Koko|281\/281
|-fieldstart|move: Electric Terrain|[from] ability: Electric Surge|[of] p2a: Tapu Koko
|turn|1
|c|☆Mossy Sandwich|u2
|
|t:|1610824538
|switch|p1a: investment|Tangrowth, M|100\/100
|move|p2a: Tapu Koko|Volt Switch|p1a: investment
|-resisted|p1a: investment
|-damage|p1a: investment|60\/100
|
|t:|1610824542
|switch|p2a: Gothitelle|Gothitelle, M|344\/344
|
|upkeep
|turn|2
|
|t:|1610824546
|switch|p1a: sinbad|Volcarona, M|100\/100
|detailschange|p2a: Gothitelle|Gothitelle-Mega, M
|-mega|p2a: Gothitelle|Gothitelle|Gothitite
|-start|p2a: Gothitelle|typechange|Psychic\/Steel|[silent]
|raw|<ul class="utilichart"><li class="result"><span class="col pokemonnamecol" style="white-space: nowrap">Gothitelle-Mega<\/span> <span class="col typecol"><img src="https:\/\/play.pokemonshowdown.com\/sprites\/types\/Psychic.png" alt="Psychic" height="14" width="32"><img src="https:\/\/play.pokemonshowdown.com\/sprites\/types\/Steel.png" alt="Steel" height="14" width="32"><\/span> <span style="float: left ; min-height: 26px"><span class="col abilitycol">Magic Guard<\/span><span class="col abilitycol"><\/span><\/span><span style="float: left ; min-height: 26px"><span class="col statcol"><em>HP<\/em><br>70<\/span> <span class="col statcol"><em>Atk<\/em><br>55<\/span> <span class="col statcol"><em>Def<\/em><br>120<\/span> <span class="col statcol"><em>SpA<\/em><br>130<\/span> <span class="col statcol"><em>SpD<\/em><br>150<\/span> <span class="col statcol"><em>Spe<\/em><br>65<\/span> <\/span><\/li><li style="clear: both"><\/li><\/ul>
|move|p2a: Gothitelle|Doom Desire|p1a: sinbad
|-start|p2a: Gothitelle|Doom Desire
|
|upkeep
|turn|3
|
|t:|1610824551
|move|p1a: sinbad|Quiver Dance|p1a: sinbad
|-boost|p1a: sinbad|spa|1
|-boost|p1a: sinbad|spd|1
|-boost|p1a: sinbad|spe|1
|move|p2a: Gothitelle|Teleport|p2a: Gothitelle
|
|t:|1610824554
|switch|p2a: Tyranitar|Tyranitar, M|404\/404
|-weather|Sandstorm|[from] ability: Sand Stream|[of] p2a: Tyranitar
|
|-weather|Sandstorm|[upkeep]
|-damage|p1a: sinbad|94\/100|[from] Sandstorm
|upkeep
|turn|4
|
|t:|1610824558
|switch|p1a: bighead boy|Corviknight, M|100\/100
|-ability|p1a: bighead boy|Pressure
|move|p2a: Tyranitar|Stone Edge|p1a: bighead boy|[miss]
|-miss|p2a: Tyranitar|p1a: bighead boy
|
|-weather|Sandstorm|[upkeep]
|-end|p1a: bighead boy|move: Doom Desire
|-resisted|p1a: bighead boy
|-damage|p1a: bighead boy|79\/100
|-heal|p1a: bighead boy|86\/100|[from] item: Leftovers
|upkeep
|turn|5
|
|t:|1610824562
|move|p1a: bighead boy|U-turn|p2a: Tyranitar
|-supereffective|p2a: Tyranitar
|-damage|p2a: Tyranitar|306\/404
|c|☆shingenx|f
|
|t:|1610824570
|switch|p1a: investment|Tangrowth, M|94\/100|[from]move: U-turn
|move|p2a: Tyranitar|Stealth Rock|p1a: investment
|-sidestart|p1: shingenx|move: Stealth Rock
|
|-weather|Sandstorm|[upkeep]
|-damage|p1a: investment|87\/100|[from] Sandstorm
|-heal|p2a: Tyranitar|331\/404|[from] item: Leftovers
|-fieldend|move: Electric Terrain
|upkeep
|turn|6
|
|t:|1610824574
|switch|p2a: Gothitelle|Gothitelle-Mega, M|344\/344
|-start|p2a: Gothitelle|typechange|Psychic\/Steel|[silent]
|move|p1a: investment|Knock Off|p2a: Gothitelle
|-supereffective|p2a: Gothitelle
|-damage|p2a: Gothitelle|264\/344
|
|-weather|Sandstorm|[upkeep]
|-damage|p1a: investment|81\/100|[from] Sandstorm
|upkeep
|turn|7
|
|t:|1610824579
|move|p2a: Gothitelle|Wish|p2a: Gothitelle
|move|p1a: investment|Hidden Power|p2a: Gothitelle
|-supereffective|p2a: Gothitelle
|-damage|p2a: Gothitelle|204\/344
|
|-weather|none
|upkeep
|turn|8
|
|t:|1610824590
|move|p2a: Gothitelle|Doom Desire|p1a: investment
|-start|p2a: Gothitelle|Doom Desire
|move|p1a: investment|Hidden Power|p2a: Gothitelle
|-supereffective|p2a: Gothitelle
|-damage|p2a: Gothitelle|144\/344
|
|-heal|p2a: Gothitelle|316\/344|[from] move: Wish|[wisher] Gothitelle
|upkeep
|turn|9
|
|t:|1610824595
|move|p1a: investment|Sleep Powder|p2a: Gothitelle
|-status|p2a: Gothitelle|slp|[from] move: Sleep Powder
|cant|p2a: Gothitelle|slp
|
|upkeep
|turn|10
|
|t:|1610824600
|switch|p1a: bighead boy|Corviknight, M|86\/100
|-damage|p1a: bighead boy|73\/100|[from] Stealth Rock
|-ability|p1a: bighead boy|Pressure
|cant|p2a: Gothitelle|slp
|
|-end|p1a: bighead boy|move: Doom Desire
|-resisted|p1a: bighead boy
|-damage|p1a: bighead boy|52\/100
|-heal|p1a: bighead boy|59\/100|[from] item: Leftovers
|upkeep
|turn|11
|
|t:|1610824602
|move|p1a: bighead boy|Roost|p1a: bighead boy
|-heal|p1a: bighead boy|100\/100
|-singleturn|p1a: bighead boy|move: Roost
|-curestatus|p2a: Gothitelle|slp|[msg]
|move|p2a: Gothitelle|Teleport|p2a: Gothitelle
|
|t:|1610824605
|switch|p2a: Tapu Koko|Tapu Koko|281\/281
|-fieldstart|move: Electric Terrain|[from] ability: Electric Surge|[of] p2a: Tapu Koko
|
|upkeep
|turn|12
|c|☆shingenx|damn
|
|t:|1610824611
|switch|p1a: SHARKNADOO|Garchomp, M|100\/100
|-damage|p1a: SHARKNADOO|94\/100|[from] Stealth Rock
|move|p2a: Tapu Koko|Dazzling Gleam|p1a: SHARKNADOO
|-supereffective|p1a: SHARKNADOO
|-damage|p1a: SHARKNADOO|0 fnt
|faint|p1a: SHARKNADOO
|
|upkeep
|
|t:|1610824618
|switch|p1a: ANCHORS AWAY|Dhelmise|100\/100
|-damage|p1a: ANCHORS AWAY|88\/100|[from] Stealth Rock
|turn|13
|
|t:|1610824626
|switch|p2a: Urshifu|Urshifu-Rapid-Strike, F|341\/341
|detailschange|p1a: ANCHORS AWAY|Dhelmise-Mega
|-mega|p1a: ANCHORS AWAY|Dhelmise|Dhelmite
|-weather|PrimordialSea|[from] ability: Primordial Sea|[of] p1a: ANCHORS AWAY
|-start|p1a: ANCHORS AWAY|typechange|Ghost\/Steel|[silent]
|raw|<ul class="utilichart"><li class="result"><span class="col pokemonnamecol" style="white-space: nowrap">Dhelmise-Mega<\/span> <span class="col typecol"><img src="https:\/\/play.pokemonshowdown.com\/sprites\/types\/Ghost.png" alt="Ghost" height="14" width="32"><img src="https:\/\/play.pokemonshowdown.com\/sprites\/types\/Steel.png" alt="Steel" height="14" width="32"><\/span> <span style="float: left ; min-height: 26px"><span class="col abilitycol">Primordial Sea<\/span><span class="col abilitycol"><\/span><\/span><span style="float: left ; min-height: 26px"><span class="col statcol"><em>HP<\/em><br>70<\/span> <span class="col statcol"><em>Atk<\/em><br>151<\/span> <span class="col statcol"><em>Def<\/em><br>110<\/span> <span class="col statcol"><em>SpA<\/em><br>86<\/span> <span class="col statcol"><em>SpD<\/em><br>110<\/span> <span class="col statcol"><em>Spe<\/em><br>90<\/span> <\/span><\/li><li style="clear: both"><\/li><\/ul>
|move|p1a: ANCHORS AWAY|Poltergeist|p2a: Urshifu
|-activate|p2a: Urshifu|move: Poltergeist|Choice Band
|-crit|p2a: Urshifu
|-damage|p2a: Urshifu|0 fnt
|faint|p2a: Urshifu
|
|-weather|PrimordialSea|[upkeep]
|upkeep
|c|☆shingenx|yeowch
|
|t:|1610824639
|switch|p2a: Zapdos|Zapdos|384\/384
|turn|14
|c|☆shingenx|second time that's happened today
|c|☆shingenx|mb
|
|t:|1610824646
|move|p2a: Zapdos|Discharge|p1a: ANCHORS AWAY
|-damage|p1a: ANCHORS AWAY|58\/100
|move|p1a: ANCHORS AWAY|Poltergeist|p2a: Zapdos
|-activate|p2a: Zapdos|move: Poltergeist|Heavy-Duty Boots
|-damage|p2a: Zapdos|194\/384
|
|-weather|PrimordialSea|[upkeep]
|upkeep
|turn|15
|
|t:|1610824651
|move|p2a: Zapdos|Discharge|p1a: ANCHORS AWAY
|-damage|p1a: ANCHORS AWAY|28\/100
|move|p1a: ANCHORS AWAY|Poltergeist|p2a: Zapdos
|-activate|p2a: Zapdos|move: Poltergeist|Heavy-Duty Boots
|-damage|p2a: Zapdos|0 fnt
|faint|p2a: Zapdos
|
|-weather|PrimordialSea|[upkeep]
|-fieldend|move: Electric Terrain
|upkeep
|
|t:|1610824654
|switch|p2a: Tapu Koko|Tapu Koko|281\/281
|-fieldstart|move: Electric Terrain|[from] ability: Electric Surge|[of] p2a: Tapu Koko
|turn|16
|
|t:|1610824659
|move|p2a: Tapu Koko|Volt Switch|p1a: ANCHORS AWAY
|-damage|p1a: ANCHORS AWAY|0 fnt
|faint|p1a: ANCHORS AWAY
|-weather|none
|
|t:|1610824664
|switch|p2a: Tyranitar|Tyranitar, M|331\/404
|-weather|Sandstorm|[from] ability: Sand Stream|[of] p2a: Tyranitar
|
|-weather|Sandstorm|[upkeep]
|-heal|p2a: Tyranitar|356\/404|[from] item: Leftovers
|upkeep
|
|t:|1610824669
|switch|p1a: bighead boy|Corviknight, M|100\/100
|-damage|p1a: bighead boy|88\/100|[from] Stealth Rock
|-ability|p1a: bighead boy|Pressure
|turn|17
|
|t:|1610824673
|switch|p2a: Tapu Koko|Tapu Koko|281\/281
|move|p1a: bighead boy|Defog|p2a: Tapu Koko
|-unboost|p2a: Tapu Koko|evasion|1
|-sideend|p1: shingenx|Stealth Rock|[from] move: Defog|[of] p1a: bighead boy
|-fieldend|move: Electric Terrain
|
|-weather|Sandstorm|[upkeep]
|-damage|p2a: Tapu Koko|264\/281|[from] Sandstorm
|-heal|p1a: bighead boy|94\/100|[from] item: Leftovers
|upkeep
|turn|18
|
|t:|1610824676
|switch|p1a: investment|Tangrowth, M|100\/100
|move|p2a: Tapu Koko|Volt Switch|p1a: investment
|-resisted|p1a: investment
|-crit|p1a: investment
|-damage|p1a: investment|52\/100
|
|t:|1610824684
|switch|p2a: Gothitelle|Gothitelle-Mega, M|316\/344
|-start|p2a: Gothitelle|typechange|Psychic\/Steel|[silent]
|
|-weather|Sandstorm|[upkeep]
|-damage|p1a: investment|46\/100|[from] Sandstorm
|upkeep
|turn|19
|
|t:|1610824690
|switch|p2a: Tapu Koko|Tapu Koko|264\/281
|-fieldstart|move: Electric Terrain|[from] ability: Electric Surge|[of] p2a: Tapu Koko
|move|p1a: investment|Sleep Powder|p2a: Tapu Koko
|-activate|p2a: Tapu Koko|move: Electric Terrain
|
|-weather|Sandstorm|[upkeep]
|-damage|p2a: Tapu Koko|247\/281|[from] Sandstorm
|-damage|p1a: investment|40\/100|[from] Sandstorm
|upkeep
|turn|20
|
|t:|1610824695
|switch|p1a: rihanna|Tapu Fini, shiny|100\/100
|-fieldstart|move: Misty Terrain|[from] ability: Misty Surge|[of] p1a: rihanna
|move|p2a: Tapu Koko|Volt Switch|p1a: rihanna
|-supereffective|p1a: rihanna
|-damage|p1a: rihanna|41\/100
|
|t:|1610824697
|switch|p2a: Kartana|Kartana|322\/322
|
|-weather|none
|-heal|p1a: rihanna|47\/100|[from] item: Leftovers
|upkeep
|turn|21
|
|t:|1610824702
|switch|p1a: investment|Tangrowth, M|73\/100
|move|p2a: Kartana|Swords Dance|p2a: Kartana
|-boost|p2a: Kartana|atk|2
|
|upkeep
|turn|22
|
|t:|1610824706
|-zpower|p2a: Kartana
|move|p2a: Kartana|All-Out Pummeling|p1a: investment|[zeffect]
|-crit|p1a: investment
|-damage|p1a: investment|0 fnt
|faint|p1a: investment
|-ability|p2a: Kartana|Beast Boost|boost
|-boost|p2a: Kartana|spe|1
|
|upkeep
|
|t:|1610824712
|switch|p1a: bighead boy|Corviknight, M|94\/100
|-ability|p1a: bighead boy|Pressure
|turn|23
|
|t:|1610824716
|move|p2a: Kartana|Swords Dance|p2a: Kartana
|-boost|p2a: Kartana|atk|2
|move|p1a: bighead boy|Brave Bird|p2a: Kartana
|-damage|p2a: Kartana|228\/322
|-damage|p1a: bighead boy|86\/100|[from] Recoil
|
|-heal|p1a: bighead boy|93\/100|[from] item: Leftovers
|upkeep
|turn|24
|c|☆shingenx|gg
|-message|shingenx forfeited.
|
|win|Mossy Sandwich
|c|☆Mossy Sandwich|gg</script>
</div>
<div class="battle-log battle-log-inline"><div class="inner"><div class="battle-options"><div style="padding-top: 3px; padding-right: 3px; text-align: right"><button class="icon button" name="openBattleOptions" title="Options">Battle Options</button></div></div><div class="inner message-log"><div class="chat"><small>☆shingenx and ☆Mossy Sandwich joined</small></div><div class=""><small>Format:</small> <br><strong>[Gen 8] Megas for All</strong></div><div class=""><small><em>HP Percentage Mod:</em> HP is shown in percentages</small></div><div class=""><small><em>Endless Battle Clause:</em> Forcing endless battles is banned</small></div><div class=""><small><em>OHKO Clause:</em> OHKO moves are banned</small></div><div class=""><small><em>Evasion Moves Clause:</em> Evasion moves are banned</small></div><div class=""><small><em>Species Clause:</em> Limit one of each Pokémon</small></div><div class=""><small><em>Dynamax Clause:</em> You cannot dynamax</small></div><div class=""><small><em>Sleep Clause Mod:</em> Limit one foe put to sleep</small></div><div class=""><small><em>Freeze Clause Mod:</em> Limit one foe frozen</small></div><div class="chat"><img src="https://www.smogon.com/forums/attachments/banner_2-png.302358/" height="65" width="381"></div><div class="spacer battle-history"><br></div><div class="battle-history"><small>Welcome to Megas for All!</small><br></div><div class="battle-history"><small>This is a National Dex-based format where we aim to give a new Mega Evolution to every Pokémon.</small><br></div><div class="battle-history"><small>Just like any official format, you can still only Mega Evolve one Pokémon per team!</small><br></div><div class="battle-history"><small>You can find our thread and metagame resources here:</small><br></div><div class="battle-history"><small>https://www.smogon.com/forums/threads/3671140/</small><br></div><div class="chat battle-history"><strong>shingenx's team:</strong> <em style="color:#445566;display:block;">Tangrowth / Tapu Fini / Corviknight / Garchomp / Volcarona / Dhelmise</em></div><div class="chat battle-history"><strong>Mossy Sandwich's team:</strong> <em style="color:#445566;display:block;">Gothitelle / Tyranitar / Zapdos / Urshifu-* / Tapu Koko / Kartana</em></div><div class="chat"><small>+inkbug1 joined</small></div><div class="chat chatmessage-shingenx"><strong style="color:#786ed7"><small>☆</small><span class="username" data-name="shingenx">shingenx</span>:</strong> <em>glhf!</em></div><div class="spacer battle-history"><br></div><div class="battle-history">Battle started between shingenx and Mossy Sandwich!<br></div><div class="spacer battle-history"><br></div><div class="battle-history">shingenx sent out ANCHORS AWAY (<strong>Dhelmise</strong>)!<br></div><div class="spacer battle-history"><br></div><div class="battle-history">Go! <strong>Tapu Koko</strong>!<br></div><div class="battle-history">[Tapu Koko's Electric Surge]<br><small>An electric current ran across the battlefield!</small><br></div><div class="spacer battle-history"><br></div><h2 class="battle-history">Turn 1</h2><div class="chat chatmessage-mossysandwich mine"><strong style="color:#ba49a2"><small>☆</small><span class="username" data-name="Mossy Sandwich">Mossy Sandwich</span>:</strong> <em>u2</em></div><div class="spacer battle-history"><br></div><div class="battle-history">shingenx withdrew ANCHORS AWAY!<br></div><div class="battle-history">shingenx sent out investment (<strong>Tangrowth</strong>)!<br></div><div class="spacer battle-history"><br></div><div class="battle-history">Tapu Koko used <strong>Volt Switch</strong>!<br></div><div class="battle-history"><small>It's not very effective...</small><br></div><div class="battle-history"><small>(The opposing investment lost 40% of its health!)</small><br></div><div class="spacer battle-history"><br></div><div class="battle-history">Tapu Koko went back to Mossy Sandwich!<br></div><div class="battle-history">Go! <strong>Gothitelle</strong>!<br></div><div class="spacer battle-history"><br></div><h2 class="battle-history">Turn 2</h2><div class="spacer battle-history"><br></div><div class="battle-history">shingenx withdrew investment!<br></div><div class="battle-history">shingenx sent out sinbad (<strong>Volcarona</strong>)!<br></div><div class="spacer battle-history"><br></div><div class="battle-history"><small>Gothitelle's Gothitite is reacting to the Key Stone!</small><br>Gothitelle has Mega Evolved into Mega Gothitelle!<br></div><div class="chat"><ul class="utilichart"><li class="result"><span class="col pokemonnamecol" style="white-space: nowrap">Gothitelle-Mega</span> <span class="col typecol"><img src="https://play.pokemonshowdown.com/sprites/types/Psychic.png" alt="Psychic" height="14" width="32"><img src="https://play.pokemonshowdown.com/sprites/types/Steel.png" alt="Steel" height="14" width="32"></span> <span style="float: left ; min-height: 26px"><span class="col abilitycol">Magic Guard</span><span class="col abilitycol"></span></span><span style="float: left ; min-height: 26px"><span class="col statcol"><em>HP</em><br>70</span> <span class="col statcol"><em>Atk</em><br>55</span> <span class="col statcol"><em>Def</em><br>120</span> <span class="col statcol"><em>SpA</em><br>130</span> <span class="col statcol"><em>SpD</em><br>150</span> <span class="col statcol"><em>Spe</em><br>65</span> </span></li><li style="clear: both"></li></ul></div><div class="spacer battle-history"><br></div><div class="battle-history">Gothitelle used <strong>Doom Desire</strong>!<br></div><div class="battle-history"><small>Gothitelle chose Doom Desire as its destiny!</small><br></div><div class="spacer battle-history"><br></div><h2 class="battle-history">Turn 3</h2><div class="spacer battle-history"><br></div><div class="battle-history">The opposing sinbad used <strong>Quiver Dance</strong>!<br></div><div class="battle-history"><small>The opposing sinbad's Sp. Atk rose!</small><br></div><div class="battle-history"><small>The opposing sinbad's Sp. Def rose!</small><br></div><div class="battle-history"><small>The opposing sinbad's Speed rose!</small><br></div><div class="spacer battle-history"><br></div><div class="battle-history">Gothitelle used <strong>Teleport</strong>!<br></div><div class="spacer battle-history"><br></div><div class="battle-history">Gothitelle, come back!<br></div><div class="battle-history">Go! <strong>Tyranitar</strong>!<br></div><div class="battle-history">[Tyranitar's Sand Stream]<br><small>A sandstorm kicked up!</small><br></div><div class="spacer battle-history"><br></div><div class="battle-history"><small>(The sandstorm is raging.)</small><br></div><div class="battle-history"><small>The opposing sinbad is buffeted by the sandstorm!</small><br></div><div class="spacer battle-history"><br></div><h2 class="battle-history">Turn 4</h2><div class="spacer battle-history"><br></div><div class="battle-history">shingenx withdrew sinbad!<br></div><div class="battle-history">shingenx sent out bighead boy (<strong>Corviknight</strong>)!<br></div><div class="battle-history">[The opposing bighead boy's Pressure]<br><small>The opposing bighead boy is exerting its pressure!</small><br></div><div class="spacer battle-history"><br></div><div class="battle-history">Tyranitar used <strong>Stone Edge</strong>!<br></div><div class="battle-history"><small>The opposing bighead boy avoided the attack!</small><br></div><div class="spacer battle-history"><br></div><div class="battle-history"><small>(The sandstorm is raging.)</small><br></div><div class="battle-history"><small>The opposing bighead boy took the Doom Desire attack!</small><br></div><div class="battle-history"><small>It's not very effective...</small><br></div><div class="battle-history"><small>(The opposing bighead boy lost 21% of its health!)</small><br></div><div class="battle-history"><small>The opposing bighead boy restored a little HP using its Leftovers!</small><br></div><div class="spacer battle-history"><br></div><h2 class="battle-history">Turn 5</h2><div class="spacer battle-history"><br></div><div class="battle-history">The opposing bighead boy used <strong>U-turn</strong>!<br></div><div class="battle-history"><small>It's super effective!</small><br></div><div class="battle-history"><small>(Tyranitar lost <abbr title="−98/404">24.3%</abbr> of its health!)</small><br></div><div class="chat chatmessage-shingenx"><strong style="color:#786ed7"><small>☆</small><span class="username" data-name="shingenx">shingenx</span>:</strong> <em>f</em></div><div class="spacer battle-history"><br></div><div class="battle-history">The opposing bighead boy went back to shingenx!<br></div><div class="battle-history">shingenx sent out investment (<strong>Tangrowth</strong>)!<br></div><div class="spacer battle-history"><br></div><div class="battle-history">Tyranitar used <strong>Stealth Rock</strong>!<br></div><div class="battle-history"><small>Pointed stones float in the air around the opposing team!</small><br></div><div class="spacer battle-history"><br></div><div class="battle-history"><small>(The sandstorm is raging.)</small><br></div><div class="battle-history"><small>The opposing investment is buffeted by the sandstorm!</small><br></div><div class="battle-history"><small>Tyranitar restored a little HP using its Leftovers!</small><br></div><div class="battle-history"><small>The electricity disappeared from the battlefield.</small><br></div><div class="spacer battle-history"><br></div><h2 class="battle-history">Turn 6</h2><div class="spacer battle-history"><br></div><div class="battle-history">Tyranitar, come back!<br></div><div class="battle-history">Go! Gothitelle (<strong>Gothitelle-Mega</strong>)!<br></div><div class="spacer battle-history"><br></div><div class="battle-history">The opposing investment used <strong>Knock Off</strong>!<br></div><div class="battle-history"><small>It's super effective!</small><br></div><div class="battle-history"><small>(Gothitelle lost <abbr title="−80/344">23.3%</abbr> of its health!)</small><br></div><div class="spacer battle-history"><br></div><div class="battle-history"><small>(The sandstorm is raging.)</small><br></div><div class="battle-history"><small>The opposing investment is buffeted by the sandstorm!</small><br></div><div class="spacer battle-history"><br></div><h2 class="battle-history">Turn 7</h2><div class="spacer battle-history"><br></div><div class="battle-history">Gothitelle used <strong>Wish</strong>!<br></div><div class="spacer battle-history"><br></div><div class="battle-history">The opposing investment used <strong>Hidden Power</strong>!<br></div><div class="battle-history"><small>It's super effective!</small><br></div><div class="battle-history"><small>(Gothitelle lost <abbr title="−60/344">17.4%</abbr> of its health!)</small><br></div><div class="spacer battle-history"><br></div><div class="battle-history"><small>The sandstorm subsided.</small><br></div><div class="spacer battle-history"><br></div><h2 class="battle-history">Turn 8</h2><div class="spacer battle-history"><br></div><div class="battle-history">Gothitelle used <strong>Doom Desire</strong>!<br></div><div class="battle-history"><small>Gothitelle chose Doom Desire as its destiny!</small><br></div><div class="spacer battle-history"><br></div><div class="battle-history">The opposing investment used <strong>Hidden Power</strong>!<br></div><div class="battle-history"><small>It's super effective!</small><br></div><div class="battle-history"><small>(Gothitelle lost <abbr title="−60/344">17.4%</abbr> of its health!)</small><br></div><div class="spacer battle-history"><br></div><div class="battle-history"><small>Gothitelle's wish came true!</small><br></div><div class="spacer battle-history"><br></div><h2 class="battle-history">Turn 9</h2><div class="spacer battle-history"><br></div><div class="battle-history">The opposing investment used <strong>Sleep Powder</strong>!<br></div><div class="battle-history"><small>Gothitelle fell asleep!</small><br></div><div class="spacer battle-history"><br></div><div class="battle-history">Gothitelle is fast asleep.<br></div><div class="spacer battle-history"><br></div><h2 class="battle-history">Turn 10</h2><div class="spacer battle-history"><br></div><div class="battle-history">shingenx withdrew investment!<br></div><div class="battle-history">shingenx sent out bighead boy (<strong>Corviknight</strong>)!<br></div><div class="battle-history"><small>Pointed stones dug into the opposing bighead boy!</small><br></div><div class="battle-history">[The opposing bighead boy's Pressure]<br><small>The opposing bighead boy is exerting its pressure!</small><br></div><div class="spacer battle-history"><br></div><div class="battle-history">Gothitelle is fast asleep.<br></div><div class="spacer battle-history"><br></div><div class="battle-history"><small>The opposing bighead boy took the Doom Desire attack!</small><br></div><div class="battle-history"><small>It's not very effective...</small><br></div><div class="battle-history"><small>(The opposing bighead boy lost 21% of its health!)</small><br></div><div class="battle-history"><small>The opposing bighead boy restored a little HP using its Leftovers!</small><br></div><div class="spacer battle-history"><br></div><h2 class="battle-history">Turn 11</h2><div class="spacer battle-history"><br></div><div class="battle-history">The opposing bighead boy used <strong>Roost</strong>!<br></div><div class="battle-history"><small>The opposing bighead boy had its HP restored.</small><br></div><div class="battle-history"><small>(The opposing bighead boy loses Flying type this turn.)</small><br></div><div class="battle-history"><small>Gothitelle woke up!</small><br></div><div class="spacer battle-history"><br></div><div class="battle-history">Gothitelle used <strong>Teleport</strong>!<br></div><div class="spacer battle-history"><br></div><div class="battle-history">Gothitelle, come back!<br></div><div class="battle-history">Go! <strong>Tapu Koko</strong>!<br></div><div class="battle-history">[Tapu Koko's Electric Surge]<br><small>An electric current ran across the battlefield!</small><br></div><div class="spacer battle-history"><br></div><h2 class="battle-history">Turn 12</h2><div class="chat chatmessage-shingenx"><strong style="color:#786ed7"><small>☆</small><span class="username" data-name="shingenx">shingenx</span>:</strong> <em>damn</em></div><div class="spacer battle-history"><br></div><div class="battle-history">shingenx withdrew bighead boy!<br></div><div class="battle-history">shingenx sent out SHARKNADOO (<strong>Garchomp</strong>)!<br></div><div class="battle-history"><small>Pointed stones dug into the opposing SHARKNADOO!</small><br></div><div class="spacer battle-history"><br></div><div class="battle-history">Tapu Koko used <strong>Dazzling Gleam</strong>!<br></div><div class="battle-history"><small>It's super effective!</small><br></div><div class="battle-history"><small>(The opposing SHARKNADOO lost 94% of its health!)</small><br></div><div class="spacer battle-history"><br></div><div class="battle-history">The opposing SHARKNADOO fainted!<br></div><div class="spacer battle-history"><br></div><div class="battle-history">shingenx sent out ANCHORS AWAY (<strong>Dhelmise</strong>)!<br></div><div class="battle-history"><small>Pointed stones dug into the opposing ANCHORS AWAY!</small><br></div><div class="spacer battle-history"><br></div><h2 class="battle-history">Turn 13</h2><div class="spacer battle-history"><br></div><div class="battle-history">Tapu Koko, come back!<br></div><div class="battle-history">Go! Urshifu (<strong>Urshifu-Rapid-Strike</strong>)!<br></div><div class="spacer battle-history"><br></div><div class="battle-history"><small>The opposing ANCHORS AWAY's Dhelmite is reacting to the Key Stone!</small><br>The opposing ANCHORS AWAY has Mega Evolved into Mega Dhelmise!<br></div><div class="battle-history">[The opposing ANCHORS AWAY's Primordial Sea]<br><small>A heavy rain began to fall!</small><br></div><div class="chat"><ul class="utilichart"><li class="result"><span class="col pokemonnamecol" style="white-space: nowrap">Dhelmise-Mega</span> <span class="col typecol"><img src="https://play.pokemonshowdown.com/sprites/types/Ghost.png" alt="Ghost" height="14" width="32"><img src="https://play.pokemonshowdown.com/sprites/types/Steel.png" alt="Steel" height="14" width="32"></span> <span style="float: left ; min-height: 26px"><span class="col abilitycol">Primordial Sea</span><span class="col abilitycol"></span></span><span style="float: left ; min-height: 26px"><span class="col statcol"><em>HP</em><br>70</span> <span class="col statcol"><em>Atk</em><br>151</span> <span class="col statcol"><em>Def</em><br>110</span> <span class="col statcol"><em>SpA</em><br>86</span> <span class="col statcol"><em>SpD</em><br>110</span> <span class="col statcol"><em>Spe</em><br>90</span> </span></li><li style="clear: both"></li></ul></div><div class="spacer battle-history"><br></div><div class="battle-history">The opposing ANCHORS AWAY used <strong>Poltergeist</strong>!<br></div><div class="battle-history"><small>Urshifu is about to be attacked by its Choice Band!</small><br></div><div class="battle-history"><small>A critical hit!</small><br></div><div class="battle-history"><small>(Urshifu lost <abbr title="−341/341">100%</abbr> of its health!)</small><br></div><div class="spacer battle-history"><br></div><div class="battle-history">Urshifu fainted!<br></div><div class="chat chatmessage-shingenx"><strong style="color:#786ed7"><small>☆</small><span class="username" data-name="shingenx">shingenx</span>:</strong> <em>yeowch</em></div><div class="spacer battle-history"><br></div><div class="battle-history">Go! <strong>Zapdos</strong>!<br></div><div class="spacer battle-history"><br></div><h2 class="battle-history">Turn 14</h2><div class="chat chatmessage-shingenx"><strong style="color:#786ed7"><small>☆</small><span class="username" data-name="shingenx">shingenx</span>:</strong> <em>second time that's happened today</em></div><div class="chat chatmessage-shingenx"><strong style="color:#786ed7"><small>☆</small><span class="username" data-name="shingenx">shingenx</span>:</strong> <em>mb</em></div><div class="spacer battle-history"><br></div><div class="battle-history">Zapdos used <strong>Discharge</strong>!<br></div><div class="battle-history"><small>(The opposing ANCHORS AWAY lost 30% of its health!)</small><br></div><div class="spacer battle-history"><br></div><div class="battle-history">The opposing ANCHORS AWAY used <strong>Poltergeist</strong>!<br></div><div class="battle-history"><small>Zapdos is about to be attacked by its Heavy-Duty Boots!</small><br></div><div class="battle-history"><small>(Zapdos lost <abbr title="−190/384">49.5%</abbr> of its health!)</small><br></div><div class="spacer battle-history"><br></div><h2 class="battle-history">Turn 15</h2><div class="spacer battle-history"><br></div><div class="battle-history">Zapdos used <strong>Discharge</strong>!<br></div><div class="battle-history"><small>(The opposing ANCHORS AWAY lost 30% of its health!)</small><br></div><div class="spacer battle-history"><br></div><div class="battle-history">The opposing ANCHORS AWAY used <strong>Poltergeist</strong>!<br></div><div class="battle-history"><small>Zapdos is about to be attacked by its Heavy-Duty Boots!</small><br></div><div class="battle-history"><small>(Zapdos lost <abbr title="−194/384">50.5%</abbr> of its health!)</small><br></div><div class="spacer battle-history"><br></div><div class="battle-history">Zapdos fainted!<br></div><div class="spacer battle-history"><br></div><div class="battle-history"><small>The electricity disappeared from the battlefield.</small><br></div><div class="spacer battle-history"><br></div><div class="battle-history">Go! <strong>Tapu Koko</strong>!<br></div><div class="battle-history">[Tapu Koko's Electric Surge]<br><small>An electric current ran across the battlefield!</small><br></div><div class="spacer battle-history"><br></div><h2 class="battle-history">Turn 16</h2><div class="spacer battle-history"><br></div><div class="battle-history">Tapu Koko used <strong>Volt Switch</strong>!<br></div><div class="battle-history"><small>(The opposing ANCHORS AWAY lost 28% of its health!)</small><br></div><div class="spacer battle-history"><br></div><div class="battle-history">The opposing ANCHORS AWAY fainted!<br></div><div class="battle-history"><small>The heavy rain has lifted!</small><br></div><div class="spacer battle-history"><br></div><div class="battle-history">Tapu Koko went back to Mossy Sandwich!<br></div><div class="battle-history">Go! <strong>Tyranitar</strong>!<br></div><div class="battle-history">[Tyranitar's Sand Stream]<br><small>A sandstorm kicked up!</small><br></div><div class="spacer battle-history"><br></div><div class="battle-history"><small>(The sandstorm is raging.)</small><br></div><div class="battle-history"><small>Tyranitar restored a little HP using its Leftovers!</small><br></div><div class="spacer battle-history"><br></div><div class="battle-history">shingenx sent out bighead boy (<strong>Corviknight</strong>)!<br></div><div class="battle-history"><small>Pointed stones dug into the opposing bighead boy!</small><br></div><div class="battle-history">[The opposing bighead boy's Pressure]<br><small>The opposing bighead boy is exerting its pressure!</small><br></div><div class="spacer battle-history"><br></div><h2 class="battle-history">Turn 17</h2><div class="spacer battle-history"><br></div><div class="battle-history">Tyranitar, come back!<br></div><div class="battle-history">Go! <strong>Tapu Koko</strong>!<br></div><div class="spacer battle-history"><br></div><div class="battle-history">The opposing bighead boy used <strong>Defog</strong>!<br></div><div class="battle-history"><small>Tapu Koko's evasiveness fell!</small><br></div><div class="battle-history"><small>The pointed stones disappeared from around the opposing team!</small><br></div><div class="battle-history"><small>The electricity disappeared from the battlefield.</small><br></div><div class="spacer battle-history"><br></div><div class="battle-history"><small>(The sandstorm is raging.)</small><br></div><div class="battle-history"><small>Tapu Koko is buffeted by the sandstorm!</small><br></div><div class="battle-history"><small>The opposing bighead boy restored a little HP using its Leftovers!</small><br></div><div class="spacer battle-history"><br></div><h2 class="battle-history">Turn 18</h2><div class="spacer battle-history"><br></div><div class="battle-history">shingenx withdrew bighead boy!<br></div><div class="battle-history">shingenx sent out investment (<strong>Tangrowth</strong>)!<br></div><div class="spacer battle-history"><br></div><div class="battle-history">Tapu Koko used <strong>Volt Switch</strong>!<br></div><div class="battle-history"><small>It's not very effective...</small><br></div><div class="battle-history"><small>A critical hit!</small><br></div><div class="battle-history"><small>(The opposing investment lost 48% of its health!)</small><br></div><div class="spacer battle-history"><br></div><div class="battle-history">Tapu Koko went back to Mossy Sandwich!<br></div><div class="battle-history">Go! Gothitelle (<strong>Gothitelle-Mega</strong>)!<br></div><div class="spacer battle-history"><br></div><div class="battle-history"><small>(The sandstorm is raging.)</small><br></div><div class="battle-history"><small>The opposing investment is buffeted by the sandstorm!</small><br></div><div class="spacer battle-history"><br></div><h2 class="battle-history">Turn 19</h2><div class="spacer battle-history"><br></div><div class="battle-history">Gothitelle, come back!<br></div><div class="battle-history">Go! <strong>Tapu Koko</strong>!<br></div><div class="battle-history">[Tapu Koko's Electric Surge]<br><small>An electric current ran across the battlefield!</small><br></div><div class="spacer battle-history"><br></div><div class="battle-history">The opposing investment used <strong>Sleep Powder</strong>!<br></div><div class="battle-history"><small>Tapu Koko is protected by the Electric Terrain!</small><br></div><div class="spacer battle-history"><br></div><div class="battle-history"><small>(The sandstorm is raging.)</small><br></div><div class="battle-history"><small>Tapu Koko is buffeted by the sandstorm!</small><br></div><div class="battle-history"><small>The opposing investment is buffeted by the sandstorm!</small><br></div><div class="spacer battle-history"><br></div><h2 class="battle-history">Turn 20</h2><div class="spacer battle-history"><br></div><div class="battle-history">shingenx withdrew investment!<br></div><div class="battle-history">shingenx sent out rihanna (<strong>Tapu Fini</strong>)!<br></div><div class="battle-history">[The opposing rihanna's Misty Surge]<br><small>Mist swirled around the battlefield!</small><br></div><div class="spacer battle-history"><br></div><div class="battle-history">Tapu Koko used <strong>Volt Switch</strong>!<br></div><div class="battle-history"><small>It's super effective!</small><br></div><div class="battle-history"><small>(The opposing rihanna lost 59% of its health!)</small><br></div><div class="spacer battle-history"><br></div><div class="battle-history">Tapu Koko went back to Mossy Sandwich!<br></div><div class="battle-history">Go! <strong>Kartana</strong>!<br></div><div class="spacer battle-history"><br></div><div class="battle-history"><small>The sandstorm subsided.</small><br></div><div class="battle-history"><small>The opposing rihanna restored a little HP using its Leftovers!</small><br></div><div class="spacer battle-history"><br></div><h2 class="battle-history">Turn 21</h2><div class="spacer battle-history"><br></div><div class="battle-history">shingenx withdrew rihanna!<br></div><div class="battle-history">shingenx sent out investment (<strong>Tangrowth</strong>)!<br></div><div class="spacer battle-history"><br></div><div class="battle-history">Kartana used <strong>Swords Dance</strong>!<br></div><div class="battle-history"><small>Kartana's Attack rose sharply!</small><br></div><div class="spacer battle-history"><br></div><h2 class="battle-history">Turn 22</h2><div class="spacer battle-history"><br></div><div class="battle-history"><small>Kartana surrounded itself with its Z-Power!</small><br></div><div class="spacer battle-history"><br></div><div class="battle-history"><small>Kartana unleashes its full-force Z-Move!</small><br>Kartana used <strong>All-Out Pummeling</strong>!<br></div><div class="battle-history"><small>A critical hit!</small><br></div><div class="battle-history"><small>(The opposing investment lost 73% of its health!)</small><br></div><div class="spacer battle-history"><br></div><div class="battle-history">The opposing investment fainted!<br></div><div class="battle-history">[Kartana's Beast Boost]<br></div><div class="battle-history"><small>Kartana's Speed rose!</small><br></div><div class="spacer battle-history"><br></div><div class="battle-history">shingenx sent out bighead boy (<strong>Corviknight</strong>)!<br></div><div class="battle-history">[The opposing bighead boy's Pressure]<br><small>The opposing bighead boy is exerting its pressure!</small><br></div><div class="spacer battle-history"><br></div><h2 class="battle-history">Turn 23</h2><div class="spacer battle-history"><br></div><div class="battle-history">Kartana used <strong>Swords Dance</strong>!<br></div><div class="battle-history"><small>Kartana's Attack rose sharply!</small><br></div><div class="spacer battle-history"><br></div><div class="battle-history">The opposing bighead boy used <strong>Brave Bird</strong>!<br></div><div class="battle-history"><small>(Kartana lost <abbr title="−94/322">29.2%</abbr> of its health!)</small><br></div><div class="battle-history"><small>The opposing bighead boy was damaged by the recoil!</small><br></div><div class="spacer battle-history"><br></div><div class="battle-history"><small>The opposing bighead boy restored a little HP using its Leftovers!</small><br></div><div class="spacer battle-history"><br></div><h2 class="battle-history">Turn 24</h2><div class="chat chatmessage-shingenx"><strong style="color:#786ed7"><small>☆</small><span class="username" data-name="shingenx">shingenx</span>:</strong> <em>gg</em></div><div class="spacer battle-history"><br></div><div class="battle-history"><small>shingenx forfeited.</small><br></div><div class="spacer battle-history"><br></div><div class="battle-history"><strong>Mossy Sandwich</strong> won the battle!<br></div><div class="chat chatmessage-mossysandwich mine"><strong style="color:#ba49a2"><small>☆</small><span class="username" data-name="Mossy Sandwich">Mossy Sandwich</span>:</strong> <em>gg</em></div></div><div class="inner-preempt message-log"></div></div></div>
</div>
<script>
let daily = Math.floor(Date.now()/1000/60/60/24);document.write('<script src="https://dragonheaven.herokuapp.com/js/replay-embed.js?version'+daily+'"></'+'script>');
</script>
