<!DOCTYPE html>
<meta charset="utf-8" />
<!-- version 1 -->
<title>[Gen 8] Megas for All replay: Clastia vs. Spooky Fingaa</title>
<style>
html,body {font-family:Verdana, sans-serif;font-size:10pt;margin:0;padding:0;}body{padding:12px 0;} .battle-log {font-family:Verdana, sans-serif;font-size:10pt;} .battle-log-inline {border:1px solid #AAAAAA;background:#EEF2F5;color:black;max-width:640px;margin:0 auto 80px;padding-bottom:5px;} .battle-log .inner {padding:4px 8px 0px 8px;} .battle-log .inner-preempt {padding:0 8px 4px 8px;} .battle-log .inner-after {margin-top:0.5em;} .battle-log h2 {margin:0.5em -8px;padding:4px 8px;border:1px solid #AAAAAA;background:#E0E7EA;border-left:0;border-right:0;font-family:Verdana, sans-serif;font-size:13pt;} .battle-log .chat {vertical-align:middle;padding:3px 0 3px 0;font-size:8pt;} .battle-log .chat strong {color:#40576A;} .battle-log .chat em {padding:1px 4px 1px 3px;color:#000000;font-style:normal;} .chat.mine {background:rgba(0,0,0,0.05);margin-left:-8px;margin-right:-8px;padding-left:8px;padding-right:8px;} .spoiler {color:#BBBBBB;background:#BBBBBB;padding:0px 3px;} .spoiler:hover, .spoiler:active, .spoiler-shown {color:#000000;background:#E2E2E2;padding:0px 3px;} .spoiler a {color:#BBBBBB;} .spoiler:hover a, .spoiler:active a, .spoiler-shown a {color:#2288CC;} .chat code, .chat .spoiler:hover code, .chat .spoiler:active code, .chat .spoiler-shown code {border:1px solid #C0C0C0;background:#EEEEEE;color:black;padding:0 2px;} .chat .spoiler code {border:1px solid #CCCCCC;background:#CCCCCC;color:#CCCCCC;} .battle-log .rated {padding:3px 4px;} .battle-log .rated strong {color:white;background:#89A;padding:1px 4px;border-radius:4px;} .spacer {margin-top:0.5em;} .message-announce {background:#6688AA;color:white;padding:1px 4px 2px;} .message-announce a, .broadcast-green a, .broadcast-blue a, .broadcast-red a {color:#DDEEFF;} .broadcast-green {background-color:#559955;color:white;padding:2px 4px;} .broadcast-blue {background-color:#6688AA;color:white;padding:2px 4px;} .infobox {border:1px solid #6688AA;padding:2px 4px;} .infobox-limited {max-height:200px;overflow:auto;overflow-x:hidden;} .broadcast-red {background-color:#AA5544;color:white;padding:2px 4px;} .message-learn-canlearn {font-weight:bold;color:#228822;text-decoration:underline;} .message-learn-cannotlearn {font-weight:bold;color:#CC2222;text-decoration:underline;} .message-effect-weak {font-weight:bold;color:#CC2222;} .message-effect-resist {font-weight:bold;color:#6688AA;} .message-effect-immune {font-weight:bold;color:#666666;} .message-learn-list {margin-top:0;margin-bottom:0;} .message-throttle-notice, .message-error {color:#992222;} .message-overflow, .chat small.message-overflow {font-size:0pt;} .message-overflow::before {font-size:9pt;content:'...';} .subtle {color:#3A4A66;}
</style>
<div class="wrapper replay-wrapper" style="max-width:1180px;margin:0 auto">
<input type="hidden" name="replayid" value="dragonheaven-gen8megasforall-332" />
<div class="battle"></div><div class="battle-log"></div><div class="replay-controls"></div><div class="replay-controls-2"></div>
<h1 style="font-weight:normal;text-align:center"><strong>[Gen 8] Megas for All</strong><br /><a href="http://pokemonshowdown.com/users/clastia" class="subtle" target="_blank">Clastia</a> vs. <a href="http://pokemonshowdown.com/users/spookyfingaa" class="subtle" target="_blank">Spooky Fingaa</a></h1>
<script type="text/plain" class="battle-log-data">|j|☆Clastia
|j|☆Spooky Fingaa
|t:|1635028613
|player|p1|Clastia|colress-gen7|
|player|p2|Spooky Fingaa|1|
|teamsize|p1|6
|teamsize|p2|6
|gametype|singles
|gen|8
|tier|[Gen 8] Megas for All
|rated|Tournament battle
|clearpoke
|poke|p1|Absol, F|
|poke|p1|Braviary, M|
|poke|p1|Moltres-Galar|
|poke|p1|Pincurchin, F|
|poke|p1|Zygarde-10%|
|poke|p1|Clefable, F|
|poke|p2|Froslass, F|
|poke|p2|Magmortar, F|
|poke|p2|Skuntank, F|
|poke|p2|Snorlax, M|
|poke|p2|Weezing-Galar, F|
|poke|p2|Wishiwashi, F|
|rule|HP Percentage Mod: HP is shown in percentages
|rule|Endless Battle Clause: Forcing endless battles is banned
|rule|OHKO Clause: OHKO moves are banned
|rule|Evasion Moves Clause: Evasion moves are banned
|rule|Species Clause: Limit one of each Pokémon
|rule|Dynamax Clause: You cannot dynamax
|rule|Sleep Clause Mod: Limit one foe put to sleep
|rule|Freeze Clause Mod: Limit one foe frozen
|raw|<img src="https:\/\/raw.githubusercontent.com\/scoopapa\/DH\/master\/data\/mods\/m4av6\/sprites\/m4a_banner.png" height="65" width="381">
|-message|Welcome to Megas for All!
|-message|This is a National Dex-based format where we aim to give a new Mega Evolution to every Pokémon.
|-message|Just like any official format, you can still only Mega Evolve one Pokémon per team!
|-message|You can find our thread and metagame resources here:
|-message|https:\/\/www.smogon.com\/forums\/threads\/3671140\/
|teampreview
|j|#inkbug1

|c|☆Spooky Fingaa|hf
|c|☆Clastia|u2
|j| JosJet
|
|t:|1635028635
|start
|switch|p1a: Absol|Absol, F|100\/100
|switch|p2a: Froslass|Froslass, F|100\/100
|turn|1
|
|t:|1635028659
|detailschange|p1a: Absol|Absol-Mega, F
|-mega|p1a: Absol|Absol|Absolite
|-start|p1a: Absol|typechange|Dark|[silent]
|raw|<ul class="utilichart"><li class="result"><span class="col pokemonnamecol" style="white-space: nowrap">Absol-Mega<\/span> <span class="col typecol"><img src="https:\/\/play.pokemonshowdown.com\/sprites\/types\/Dark.png" alt="Dark" height="14" width="32"><\/span> <span style="float: left ; min-height: 26px"><span class="col abilitycol">Magic Bounce<\/span><span class="col abilitycol"><\/span><\/span><span style="float: left ; min-height: 26px"><span class="col statcol"><em>HP<\/em><br>65<\/span> <span class="col statcol"><em>Atk<\/em><br>150<\/span> <span class="col statcol"><em>Def<\/em><br>60<\/span> <span class="col statcol"><em>SpA<\/em><br>115<\/span> <span class="col statcol"><em>SpD<\/em><br>60<\/span> <span class="col statcol"><em>Spe<\/em><br>115<\/span> <\/span><\/li><li style="clear: both"><\/li><\/ul>
|move|p1a: Absol|Pursuit|p2a: Froslass
|-supereffective|p2a: Froslass
|-damage|p2a: Froslass|26\/100
|move|p2a: Froslass|Destiny Bond|p2a: Froslass
|-singlemove|p2a: Froslass|Destiny Bond
|
|upkeep
|turn|2
|
|t:|1635028677
|switch|p1a: Moltres|Moltres-Galar|100\/100
|move|p2a: Froslass|Spikes|p1a: Moltres
|-sidestart|p1: Clastia|Spikes
|
|upkeep
|turn|3
|
|t:|1635028739
|move|p2a: Froslass|Taunt|p1a: Moltres
|-start|p1a: Moltres|move: Taunt
|cant|p1a: Moltres|move: Taunt|Nasty Plot
|
|upkeep
|turn|4
|
|t:|1635028754
|switch|p1a: Zygarde|Zygarde-10%|100\/100
|-damage|p1a: Zygarde|88\/100|[from] Spikes
|-ability|p1a: Zygarde|Aura Break
|move|p2a: Froslass|Destiny Bond|p2a: Froslass
|-singlemove|p2a: Froslass|Destiny Bond
|
|upkeep
|turn|5
|
|t:|1635028758
|move|p1a: Zygarde|Dragon Dance|p1a: Zygarde
|-boost|p1a: Zygarde|atk|1
|-boost|p1a: Zygarde|spe|1
|move|p2a: Froslass|Triple Axel|p1a: Zygarde
|-supereffective|p1a: Zygarde
|-damage|p1a: Zygarde|29\/100
|-hitcount|p1a: Zygarde|1
|
|upkeep
|turn|6
|c|☆Spooky Fingaa|bruh
|c|☆Clastia|i forgot about that
|c|☆Spooky Fingaa|pain
|c|☆Clastia|and i almost got punished for it
|
|t:|1635028780
|move|p1a: Zygarde|Thousand Arrows|p2a: Froslass
|-damage|p2a: Froslass|0 fnt
|-start|p1a: Zygarde|Disable|Thousand Arrows|[from] ability: Cursed Body|[of] p2a: Froslass
|-damage|p1a: Zygarde|19\/100|[from] item: Life Orb
|faint|p2a: Froslass
|
|upkeep
|
|t:|1635028785
|switch|p2a: Weezing|Weezing-Galar, F|100\/100
|turn|7
|c|☆Spooky Fingaa|thx rng
|
|t:|1635028794
|switch|p1a: Pincurchin|Pincurchin, F|100\/100
|-damage|p1a: Pincurchin|88\/100|[from] Spikes
|-fieldstart|move: Electric Terrain|[from] ability: Electric Surge|[of] p1a: Pincurchin
|move|p2a: Weezing|Strange Steam|p1a: Pincurchin
|-damage|p1a: Pincurchin|66\/100
|
|-heal|p1a: Pincurchin|72\/100|[from] item: Leftovers
|upkeep
|turn|8
|c|☆Spooky Fingaa|you had some mercy
|c|☆Clastia|just a bit
|
|t:|1635028805
|move|p2a: Weezing|Will-O-Wisp|p1a: Pincurchin
|-status|p1a: Pincurchin|brn
|move|p1a: Pincurchin|Rising Voltage|p2a: Weezing
|-damage|p2a: Weezing|60\/100
|
|-heal|p2a: Weezing|66\/100|[from] item: Black Sludge
|-heal|p1a: Pincurchin|78\/100 brn|[from] item: Leftovers
|-damage|p1a: Pincurchin|72\/100 brn|[from] brn
|upkeep
|turn|9
|
|t:|1635028814
|switch|p2a: Snorlax|Snorlax, M|100\/100
|move|p1a: Pincurchin|Spikes|p2a: Snorlax
|-sidestart|p2: Spooky Fingaa|Spikes
|
|-heal|p1a: Pincurchin|78\/100 brn|[from] item: Leftovers
|-damage|p1a: Pincurchin|72\/100 brn|[from] brn
|upkeep
|turn|10
|
|t:|1635028817
|move|p2a: Snorlax|Curse|p2a: Snorlax
|-unboost|p2a: Snorlax|spe|1
|-boost|p2a: Snorlax|atk|1
|-boost|p2a: Snorlax|def|1
|move|p1a: Pincurchin|Scald|p2a: Snorlax
|-damage|p2a: Snorlax|92\/100
|
|-heal|p1a: Pincurchin|78\/100 brn|[from] item: Leftovers
|-heal|p2a: Snorlax|98\/100|[from] item: Leftovers
|-damage|p1a: Pincurchin|72\/100 brn|[from] brn
|upkeep
|turn|11
|j| Gekokeso
|
|t:|1635028819
|move|p1a: Pincurchin|Scald|p2a: Snorlax
|-damage|p2a: Snorlax|91\/100
|move|p2a: Snorlax|Curse|p2a: Snorlax
|-unboost|p2a: Snorlax|spe|1
|-boost|p2a: Snorlax|atk|1
|-boost|p2a: Snorlax|def|1
|
|-heal|p1a: Pincurchin|78\/100 brn|[from] item: Leftovers
|-heal|p2a: Snorlax|97\/100|[from] item: Leftovers
|-damage|p1a: Pincurchin|72\/100 brn|[from] brn
|-fieldend|move: Electric Terrain
|upkeep
|turn|12
|
|t:|1635028825
|move|p1a: Pincurchin|Scald|p2a: Snorlax
|-damage|p2a: Snorlax|89\/100
|move|p2a: Snorlax|Curse|p2a: Snorlax
|-unboost|p2a: Snorlax|spe|1
|-boost|p2a: Snorlax|atk|1
|-boost|p2a: Snorlax|def|1
|
|-heal|p1a: Pincurchin|78\/100 brn|[from] item: Leftovers
|-heal|p2a: Snorlax|95\/100|[from] item: Leftovers
|-damage|p1a: Pincurchin|72\/100 brn|[from] brn
|upkeep
|turn|13
|
|t:|1635028828
|move|p1a: Pincurchin|Scald|p2a: Snorlax
|-damage|p2a: Snorlax|88\/100
|move|p2a: Snorlax|Curse|p2a: Snorlax
|-unboost|p2a: Snorlax|spe|1
|-boost|p2a: Snorlax|atk|1
|-boost|p2a: Snorlax|def|1
|
|-heal|p1a: Pincurchin|78\/100 brn|[from] item: Leftovers
|-heal|p2a: Snorlax|94\/100|[from] item: Leftovers
|-damage|p1a: Pincurchin|72\/100 brn|[from] brn
|upkeep
|turn|14
|
|t:|1635028831
|move|p1a: Pincurchin|Scald|p2a: Snorlax
|-damage|p2a: Snorlax|85\/100
|-status|p2a: Snorlax|brn
|move|p2a: Snorlax|Curse|p2a: Snorlax
|-unboost|p2a: Snorlax|spe|1
|-boost|p2a: Snorlax|atk|1
|-boost|p2a: Snorlax|def|1
|
|-heal|p1a: Pincurchin|78\/100 brn|[from] item: Leftovers
|-heal|p2a: Snorlax|92\/100 brn|[from] item: Leftovers
|-damage|p1a: Pincurchin|72\/100 brn|[from] brn
|-damage|p2a: Snorlax|85\/100 brn|[from] brn
|upkeep
|turn|15
|
|t:|1635028854
|move|p1a: Pincurchin|Recover|p1a: Pincurchin
|-heal|p1a: Pincurchin|100\/100 brn
|move|p2a: Snorlax|Body Slam|p1a: Pincurchin
|-damage|p1a: Pincurchin|29\/100 brn
|
|-heal|p1a: Pincurchin|35\/100 brn|[from] item: Leftovers
|-heal|p2a: Snorlax|92\/100 brn|[from] item: Leftovers
|-damage|p1a: Pincurchin|29\/100 brn|[from] brn
|-damage|p2a: Snorlax|85\/100 brn|[from] brn
|upkeep
|turn|16
|
|t:|1635028858
|move|p1a: Pincurchin|Recover|p1a: Pincurchin
|-heal|p1a: Pincurchin|79\/100 brn
|move|p2a: Snorlax|Rest|p2a: Snorlax
|-status|p2a: Snorlax|slp|[from] move: Rest
|-heal|p2a: Snorlax|100\/100 slp|[silent]
|
|-heal|p1a: Pincurchin|85\/100 brn|[from] item: Leftovers
|-damage|p1a: Pincurchin|79\/100 brn|[from] brn
|upkeep
|turn|17
|
|t:|1635028866
|switch|p1a: Braviary|Braviary, M, shiny|100\/100
|cant|p2a: Snorlax|slp
|
|upkeep
|turn|18
|
|t:|1635028869
|move|p1a: Braviary|Close Combat|p2a: Snorlax
|-supereffective|p2a: Snorlax
|-damage|p2a: Snorlax|79\/100 slp
|-unboost|p1a: Braviary|def|1
|-unboost|p1a: Braviary|spd|1
|cant|p2a: Snorlax|slp
|
|-heal|p2a: Snorlax|85\/100 slp|[from] item: Leftovers
|upkeep
|turn|19
|
|t:|1635028876
|switch|p1a: Pincurchin|Pincurchin, F|79\/100 brn
|-damage|p1a: Pincurchin|67\/100 brn|[from] Spikes
|-fieldstart|move: Electric Terrain|[from] ability: Electric Surge|[of] p1a: Pincurchin
|-curestatus|p2a: Snorlax|slp|[msg]
|move|p2a: Snorlax|Body Slam|p1a: Pincurchin
|-damage|p1a: Pincurchin|0 fnt
|faint|p1a: Pincurchin
|
|-heal|p2a: Snorlax|91\/100|[from] item: Leftovers
|upkeep
|
|t:|1635028884
|switch|p1a: Moltres|Moltres-Galar|100\/100
|turn|20
|
|t:|1635028900
|move|p1a: Moltres|Fiery Wrath|p2a: Snorlax
|-damage|p2a: Snorlax|75\/100
|cant|p2a: Snorlax|flinch
|
|-heal|p2a: Snorlax|81\/100|[from] item: Leftovers
|upkeep
|turn|21
|
|t:|1635028906
|move|p1a: Moltres|Fiery Wrath|p2a: Snorlax
|-damage|p2a: Snorlax|65\/100
|move|p2a: Snorlax|Body Slam|p1a: Moltres
|-damage|p1a: Moltres|0 fnt
|faint|p1a: Moltres
|
|-heal|p2a: Snorlax|71\/100|[from] item: Leftovers
|upkeep
|
|t:|1635028911
|switch|p1a: Absol|Absol-Mega, F|100\/100
|-start|p1a: Absol|typechange|Dark|[silent]
|-damage|p1a: Absol|88\/100|[from] Spikes
|turn|22
|
|t:|1635028918
|move|p1a: Absol|Knock Off|p2a: Snorlax
|-damage|p2a: Snorlax|57\/100
|-enditem|p2a: Snorlax|Leftovers|[from] move: Knock Off|[of] p1a: Absol
|move|p2a: Snorlax|Body Slam|p1a: Absol
|-crit|p1a: Absol
|-damage|p1a: Absol|0 fnt
|faint|p1a: Absol
|
|upkeep
|
|t:|1635028922
|switch|p1a: Zygarde|Zygarde-10%|19\/100
|-damage|p1a: Zygarde|7\/100|[from] Spikes
|-ability|p1a: Zygarde|Aura Break
|turn|23
|c|☆Clastia|this is an issue lol
|
|t:|1635028930
|move|p1a: Zygarde|Outrage|p2a: Snorlax
|-damage|p2a: Snorlax|39\/100
|-damage|p1a: Zygarde|0 fnt|[from] item: Life Orb
|faint|p1a: Zygarde
|move|p2a: Snorlax|Curse|p2a: Snorlax
|-unboost|p2a: Snorlax|spe|1
|-boost|p2a: Snorlax|atk|1
|-boost|p2a: Snorlax|def|1
|
|-fieldend|move: Electric Terrain
|upkeep
|
|t:|1635028944
|switch|p1a: Braviary|Braviary, M, shiny|100\/100
|turn|24
|
|t:|1635028957
|move|p1a: Braviary|Close Combat|p2a: Snorlax
|-supereffective|p2a: Snorlax
|-damage|p2a: Snorlax|19\/100
|-unboost|p1a: Braviary|def|1
|-unboost|p1a: Braviary|spd|1
|move|p2a: Snorlax|Body Slam|p1a: Braviary
|-damage|p1a: Braviary|0 fnt
|faint|p1a: Braviary
|
|upkeep
|
|t:|1635028961
|switch|p1a: Clefable|Clefable, F|100\/100
|turn|25
|c|☆Clastia|gg
|c|☆Spooky Fingaa|snorlax moment
|c|☆Spooky Fingaa|gg
|
|t:|1635028967
|move|p1a: Clefable|Moonblast|p2a: Snorlax
|-damage|p2a: Snorlax|6\/100
|-unboost|p2a: Snorlax|spa|1
|move|p2a: Snorlax|Body Slam|p1a: Clefable
|-damage|p1a: Clefable|0 fnt
|faint|p1a: Clefable
|
|win|Spooky Fingaa
|l|☆Clastia</script>
</div>
<div class="battle-log battle-log-inline"><div class="inner"><div class="battle-options"><div style="padding-top: 3px; padding-right: 3px; text-align: right"><button class="icon button" name="openBattleOptions" title="Options">Battle Options</button></div></div><div class="inner message-log"><div class="chat"><small>☆Clastia and ☆Spooky Fingaa joined</small></div><div class=""><small>Format:</small> <br><strong>[Gen 8] Megas for All</strong></div><div class="rated"><strong>Tournament battle</strong></div><div class=""><small><em>HP Percentage Mod:</em> HP is shown in percentages</small></div><div class=""><small><em>Endless Battle Clause:</em> Forcing endless battles is banned</small></div><div class=""><small><em>OHKO Clause:</em> OHKO moves are banned</small></div><div class=""><small><em>Evasion Moves Clause:</em> Evasion moves are banned</small></div><div class=""><small><em>Species Clause:</em> Limit one of each Pokémon</small></div><div class=""><small><em>Dynamax Clause:</em> You cannot dynamax</small></div><div class=""><small><em>Sleep Clause Mod:</em> Limit one foe put to sleep</small></div><div class=""><small><em>Freeze Clause Mod:</em> Limit one foe frozen</small></div><div class="chat"><img src="https://raw.githubusercontent.com/scoopapa/DH/master/data/mods/m4av6/sprites/m4a_banner.png" height="65" width="381"></div><div class="spacer battle-history"><br></div><div class="battle-history"><small>Welcome to Megas for All!</small><br></div><div class="battle-history"><small>This is a National Dex-based format where we aim to give a new Mega Evolution to every Pokémon.</small><br></div><div class="battle-history"><small>Just like any official format, you can still only Mega Evolve one Pokémon per team!</small><br></div><div class="battle-history"><small>You can find our thread and metagame resources here:</small><br></div><div class="battle-history"><small>https://www.smogon.com/forums/threads/3671140/</small><br></div><div class="chat battle-history"><strong>Clastia's team:</strong> <em style="color:#445566;display:block;">Absol / Braviary / Moltres-Galar / Pincurchin / Zygarde-10% / Clefable</em></div><div class="chat battle-history"><strong>Spooky Fingaa's team:</strong> <em style="color:#445566;display:block;">Froslass / Magmortar / Skuntank / Snorlax / Weezing-Galar / Wishiwashi</em></div><div class="chat"><small>#inkbug1 joined</small></div><div class="chat chatmessage-spookyfingaa"><strong style="color:#6647e2"><small>☆</small><span class="username" data-name="Spooky Fingaa">Spooky Fingaa</span>:</strong> <em>hf</em></div><div class="chat chatmessage-clastia"><strong style="color:#8b24ec"><small>☆</small><span class="username" data-name="Clastia">Clastia</span>:</strong> <em>u2</em></div><div class="chat"><small> JosJet joined</small></div><div class="spacer battle-history"><br></div><div class="battle-history">Battle started between Clastia and Spooky Fingaa!<br></div><div class="spacer battle-history"><br></div><div class="battle-history">Go! <strong>Absol</strong>!<br></div><div class="spacer battle-history"><br></div><div class="battle-history">Spooky Fingaa sent out <strong>Froslass</strong>!<br></div><div class="spacer battle-history"><br></div><h2 class="battle-history">Turn 1</h2><div class="spacer battle-history"><br></div><div class="battle-history"><small>Absol's Absolite is reacting to the Key Stone!</small><br>Absol has Mega Evolved into Mega Absol!<br></div><div class="chat"><ul class="utilichart"><li class="result"><span class="col pokemonnamecol" style="white-space: nowrap">Absol-Mega</span> <span class="col typecol"><img src="https://play.pokemonshowdown.com/sprites/types/Dark.png" alt="Dark" height="14" width="32"></span> <span style="float: left ; min-height: 26px"><span class="col abilitycol">Magic Bounce</span><span class="col abilitycol"></span></span><span style="float: left ; min-height: 26px"><span class="col statcol"><em>HP</em><br>65</span> <span class="col statcol"><em>Atk</em><br>150</span> <span class="col statcol"><em>Def</em><br>60</span> <span class="col statcol"><em>SpA</em><br>115</span> <span class="col statcol"><em>SpD</em><br>60</span> <span class="col statcol"><em>Spe</em><br>115</span> </span></li><li style="clear: both"></li></ul></div><div class="spacer battle-history"><br></div><div class="battle-history">Absol used <strong>Pursuit</strong>!<br></div><div class="battle-history"><small>It's super effective!</small><br></div><div class="battle-history"><small>(The opposing Froslass lost 74% of its health!)</small><br></div><div class="spacer battle-history"><br></div><div class="battle-history">The opposing Froslass used <strong>Destiny Bond</strong>!<br></div><div class="battle-history"><small>The opposing Froslass is hoping to take its attacker down with it!</small><br></div><div class="spacer battle-history"><br></div><h2 class="battle-history">Turn 2</h2><div class="spacer battle-history"><br></div><div class="battle-history">Absol, come back!<br></div><div class="battle-history">Go! Moltres (<strong>Moltres-Galar</strong>)!<br></div><div class="spacer battle-history"><br></div><div class="battle-history">The opposing Froslass used <strong>Spikes</strong>!<br></div><div class="battle-history"><small>Spikes were scattered on the ground all around your team!</small><br></div><div class="spacer battle-history"><br></div><h2 class="battle-history">Turn 3</h2><div class="spacer battle-history"><br></div><div class="battle-history">The opposing Froslass used <strong>Taunt</strong>!<br></div><div class="battle-history"><small>Moltres fell for the taunt!</small><br></div><div class="spacer battle-history"><br></div><div class="battle-history">Moltres can't use Nasty Plot after the taunt!<br></div><div class="spacer battle-history"><br></div><h2 class="battle-history">Turn 4</h2><div class="spacer battle-history"><br></div><div class="battle-history">Moltres, come back!<br></div><div class="battle-history">Go! Zygarde (<strong>Zygarde-10%</strong>)!<br></div><div class="battle-history"><small>Zygarde was hurt by the spikes!</small><br></div><div class="battle-history">[Zygarde's Aura Break]<br><small>Zygarde reversed all other Pokémon's auras!</small><br></div><div class="spacer battle-history"><br></div><div class="battle-history">The opposing Froslass used <strong>Destiny Bond</strong>!<br></div><div class="battle-history"><small>The opposing Froslass is hoping to take its attacker down with it!</small><br></div><div class="spacer battle-history"><br></div><h2 class="battle-history">Turn 5</h2><div class="spacer battle-history"><br></div><div class="battle-history">Zygarde used <strong>Dragon Dance</strong>!<br></div><div class="battle-history"><small>Zygarde's Attack rose!</small><br></div><div class="battle-history"><small>Zygarde's Speed rose!</small><br></div><div class="spacer battle-history"><br></div><div class="battle-history">The opposing Froslass used <strong>Triple Axel</strong>!<br></div><div class="battle-history"><small>It's super effective!</small><br></div><div class="battle-history"><small>(Zygarde lost 59% of its health!)</small><br></div><div class="battle-history"><small>The Pokémon was hit 1 time!</small><br></div><div class="spacer battle-history"><br></div><h2 class="battle-history">Turn 6</h2><div class="chat chatmessage-spookyfingaa"><strong style="color:#6647e2"><small>☆</small><span class="username" data-name="Spooky Fingaa">Spooky Fingaa</span>:</strong> <em>bruh</em></div><div class="chat chatmessage-clastia"><strong style="color:#8b24ec"><small>☆</small><span class="username" data-name="Clastia">Clastia</span>:</strong> <em>i forgot about that</em></div><div class="chat chatmessage-spookyfingaa"><strong style="color:#6647e2"><small>☆</small><span class="username" data-name="Spooky Fingaa">Spooky Fingaa</span>:</strong> <em>pain</em></div><div class="chat chatmessage-clastia"><strong style="color:#8b24ec"><small>☆</small><span class="username" data-name="Clastia">Clastia</span>:</strong> <em>and i almost got punished for it</em></div><div class="spacer battle-history"><br></div><div class="battle-history">Zygarde used <strong>Thousand Arrows</strong>!<br></div><div class="battle-history"><small>(The opposing Froslass lost 26% of its health!)</small><br></div><div class="battle-history">[The opposing Froslass's Cursed Body]<br><small>Zygarde's Thousand Arrows was disabled!</small><br></div><div class="battle-history"><small>Zygarde lost some of its HP!</small><br></div><div class="spacer battle-history"><br></div><div class="battle-history">The opposing Froslass fainted!<br></div><div class="spacer battle-history"><br></div><div class="battle-history">Spooky Fingaa sent out Weezing (<strong>Weezing-Galar</strong>)!<br></div><div class="spacer battle-history"><br></div><h2 class="battle-history">Turn 7</h2><div class="chat chatmessage-spookyfingaa"><strong style="color:#6647e2"><small>☆</small><span class="username" data-name="Spooky Fingaa">Spooky Fingaa</span>:</strong> <em>thx rng</em></div><div class="spacer battle-history"><br></div><div class="battle-history">Zygarde, come back!<br></div><div class="battle-history">Go! <strong>Pincurchin</strong>!<br></div><div class="battle-history"><small>Pincurchin was hurt by the spikes!</small><br></div><div class="battle-history">[Pincurchin's Electric Surge]<br><small>An electric current ran across the battlefield!</small><br></div><div class="spacer battle-history"><br></div><div class="battle-history">The opposing Weezing used <strong>Strange Steam</strong>!<br></div><div class="battle-history"><small>(Pincurchin lost 22% of its health!)</small><br></div><div class="spacer battle-history"><br></div><div class="battle-history"><small>Pincurchin restored a little HP using its Leftovers!</small><br></div><div class="spacer battle-history"><br></div><h2 class="battle-history">Turn 8</h2><div class="chat chatmessage-spookyfingaa"><strong style="color:#6647e2"><small>☆</small><span class="username" data-name="Spooky Fingaa">Spooky Fingaa</span>:</strong> <em>you had some mercy</em></div><div class="chat chatmessage-clastia"><strong style="color:#8b24ec"><small>☆</small><span class="username" data-name="Clastia">Clastia</span>:</strong> <em>just a bit</em></div><div class="spacer battle-history"><br></div><div class="battle-history">The opposing Weezing used <strong>Will-O-Wisp</strong>!<br></div><div class="battle-history"><small>Pincurchin was burned!</small><br></div><div class="spacer battle-history"><br></div><div class="battle-history">Pincurchin used <strong>Rising Voltage</strong>!<br></div><div class="battle-history"><small>(The opposing Weezing lost 40% of its health!)</small><br></div><div class="spacer battle-history"><br></div><div class="battle-history"><small>The opposing Weezing restored a little HP using its Black Sludge!</small><br></div><div class="battle-history"><small>Pincurchin restored a little HP using its Leftovers!</small><br></div><div class="battle-history"><small>Pincurchin was hurt by its burn!</small><br></div><div class="spacer battle-history"><br></div><h2 class="battle-history">Turn 9</h2><div class="spacer battle-history"><br></div><div class="battle-history">Spooky Fingaa withdrew Weezing!<br></div><div class="battle-history">Spooky Fingaa sent out <strong>Snorlax</strong>!<br></div><div class="spacer battle-history"><br></div><div class="battle-history">Pincurchin used <strong>Spikes</strong>!<br></div><div class="battle-history"><small>Spikes were scattered on the ground all around the opposing team!</small><br></div><div class="spacer battle-history"><br></div><div class="battle-history"><small>Pincurchin restored a little HP using its Leftovers!</small><br></div><div class="battle-history"><small>Pincurchin was hurt by its burn!</small><br></div><div class="spacer battle-history"><br></div><h2 class="battle-history">Turn 10</h2><div class="spacer battle-history"><br></div><div class="battle-history">The opposing Snorlax used <strong>Curse</strong>!<br></div><div class="battle-history"><small>The opposing Snorlax's Speed fell!</small><br></div><div class="battle-history"><small>The opposing Snorlax's Attack rose!</small><br></div><div class="battle-history"><small>The opposing Snorlax's Defense rose!</small><br></div><div class="spacer battle-history"><br></div><div class="battle-history">Pincurchin used <strong>Scald</strong>!<br></div><div class="battle-history"><small>(The opposing Snorlax lost 8% of its health!)</small><br></div><div class="spacer battle-history"><br></div><div class="battle-history"><small>Pincurchin restored a little HP using its Leftovers!</small><br></div><div class="battle-history"><small>The opposing Snorlax restored a little HP using its Leftovers!</small><br></div><div class="battle-history"><small>Pincurchin was hurt by its burn!</small><br></div><div class="spacer battle-history"><br></div><h2 class="battle-history">Turn 11</h2><div class="chat"><small> Gekokeso joined</small></div><div class="spacer battle-history"><br></div><div class="battle-history">Pincurchin used <strong>Scald</strong>!<br></div><div class="battle-history"><small>(The opposing Snorlax lost 7% of its health!)</small><br></div><div class="spacer battle-history"><br></div><div class="battle-history">The opposing Snorlax used <strong>Curse</strong>!<br></div><div class="battle-history"><small>The opposing Snorlax's Speed fell!</small><br></div><div class="battle-history"><small>The opposing Snorlax's Attack rose!</small><br></div><div class="battle-history"><small>The opposing Snorlax's Defense rose!</small><br></div><div class="spacer battle-history"><br></div><div class="battle-history"><small>Pincurchin restored a little HP using its Leftovers!</small><br></div><div class="battle-history"><small>The opposing Snorlax restored a little HP using its Leftovers!</small><br></div><div class="battle-history"><small>Pincurchin was hurt by its burn!</small><br></div><div class="battle-history"><small>The electricity disappeared from the battlefield.</small><br></div><div class="spacer battle-history"><br></div><h2 class="battle-history">Turn 12</h2><div class="spacer battle-history"><br></div><div class="battle-history">Pincurchin used <strong>Scald</strong>!<br></div><div class="battle-history"><small>(The opposing Snorlax lost 8% of its health!)</small><br></div><div class="spacer battle-history"><br></div><div class="battle-history">The opposing Snorlax used <strong>Curse</strong>!<br></div><div class="battle-history"><small>The opposing Snorlax's Speed fell!</small><br></div><div class="battle-history"><small>The opposing Snorlax's Attack rose!</small><br></div><div class="battle-history"><small>The opposing Snorlax's Defense rose!</small><br></div><div class="spacer battle-history"><br></div><div class="battle-history"><small>Pincurchin restored a little HP using its Leftovers!</small><br></div><div class="battle-history"><small>The opposing Snorlax restored a little HP using its Leftovers!</small><br></div><div class="battle-history"><small>Pincurchin was hurt by its burn!</small><br></div><div class="spacer battle-history"><br></div><h2 class="battle-history">Turn 13</h2><div class="spacer battle-history"><br></div><div class="battle-history">Pincurchin used <strong>Scald</strong>!<br></div><div class="battle-history"><small>(The opposing Snorlax lost 7% of its health!)</small><br></div><div class="spacer battle-history"><br></div><div class="battle-history">The opposing Snorlax used <strong>Curse</strong>!<br></div><div class="battle-history"><small>The opposing Snorlax's Speed fell!</small><br></div><div class="battle-history"><small>The opposing Snorlax's Attack rose!</small><br></div><div class="battle-history"><small>The opposing Snorlax's Defense rose!</small><br></div><div class="spacer battle-history"><br></div><div class="battle-history"><small>Pincurchin restored a little HP using its Leftovers!</small><br></div><div class="battle-history"><small>The opposing Snorlax restored a little HP using its Leftovers!</small><br></div><div class="battle-history"><small>Pincurchin was hurt by its burn!</small><br></div><div class="spacer battle-history"><br></div><h2 class="battle-history">Turn 14</h2><div class="spacer battle-history"><br></div><div class="battle-history">Pincurchin used <strong>Scald</strong>!<br></div><div class="battle-history"><small>(The opposing Snorlax lost 9% of its health!)</small><br></div><div class="battle-history"><small>The opposing Snorlax was burned!</small><br></div><div class="spacer battle-history"><br></div><div class="battle-history">The opposing Snorlax used <strong>Curse</strong>!<br></div><div class="battle-history"><small>The opposing Snorlax's Speed fell!</small><br></div><div class="battle-history"><small>The opposing Snorlax's Attack rose!</small><br></div><div class="battle-history"><small>The opposing Snorlax's Defense rose!</small><br></div><div class="spacer battle-history"><br></div><div class="battle-history"><small>Pincurchin restored a little HP using its Leftovers!</small><br></div><div class="battle-history"><small>The opposing Snorlax restored a little HP using its Leftovers!</small><br></div><div class="battle-history"><small>Pincurchin was hurt by its burn!</small><br></div><div class="battle-history"><small>The opposing Snorlax was hurt by its burn!</small><br></div><div class="spacer battle-history"><br></div><h2 class="battle-history">Turn 15</h2><div class="spacer battle-history"><br></div><div class="battle-history">Pincurchin used <strong>Recover</strong>!<br></div><div class="battle-history"><small>Pincurchin had its HP restored.</small><br></div><div class="spacer battle-history"><br></div><div class="battle-history">The opposing Snorlax used <strong>Body Slam</strong>!<br></div><div class="battle-history"><small>(Pincurchin lost 71% of its health!)</small><br></div><div class="spacer battle-history"><br></div><div class="battle-history"><small>Pincurchin restored a little HP using its Leftovers!</small><br></div><div class="battle-history"><small>The opposing Snorlax restored a little HP using its Leftovers!</small><br></div><div class="battle-history"><small>Pincurchin was hurt by its burn!</small><br></div><div class="battle-history"><small>The opposing Snorlax was hurt by its burn!</small><br></div><div class="spacer battle-history"><br></div><h2 class="battle-history">Turn 16</h2><div class="spacer battle-history"><br></div><div class="battle-history">Pincurchin used <strong>Recover</strong>!<br></div><div class="battle-history"><small>Pincurchin had its HP restored.</small><br></div><div class="spacer battle-history"><br></div><div class="battle-history">The opposing Snorlax used <strong>Rest</strong>!<br></div><div class="battle-history"><small>The opposing Snorlax slept and became healthy!</small><br></div><div class="spacer battle-history"><br></div><div class="battle-history"><small>Pincurchin restored a little HP using its Leftovers!</small><br></div><div class="battle-history"><small>Pincurchin was hurt by its burn!</small><br></div><div class="spacer battle-history"><br></div><h2 class="battle-history">Turn 17</h2><div class="spacer battle-history"><br></div><div class="battle-history">Pincurchin, come back!<br></div><div class="battle-history">Go! <strong>Braviary</strong>!<br></div><div class="spacer battle-history"><br></div><div class="battle-history">The opposing Snorlax is fast asleep.<br></div><div class="spacer battle-history"><br></div><h2 class="battle-history">Turn 18</h2><div class="spacer battle-history"><br></div><div class="battle-history">Braviary used <strong>Close Combat</strong>!<br></div><div class="battle-history"><small>It's super effective!</small><br></div><div class="battle-history"><small>(The opposing Snorlax lost 21% of its health!)</small><br></div><div class="battle-history"><small>Braviary's Defense fell!</small><br></div><div class="battle-history"><small>Braviary's Sp. Def fell!</small><br></div><div class="spacer battle-history"><br></div><div class="battle-history">The opposing Snorlax is fast asleep.<br></div><div class="spacer battle-history"><br></div><div class="battle-history"><small>The opposing Snorlax restored a little HP using its Leftovers!</small><br></div><div class="spacer battle-history"><br></div><h2 class="battle-history">Turn 19</h2><div class="spacer battle-history"><br></div><div class="battle-history">Braviary, come back!<br></div><div class="battle-history">Go! <strong>Pincurchin</strong>!<br></div><div class="battle-history"><small>Pincurchin was hurt by the spikes!</small><br></div><div class="battle-history">[Pincurchin's Electric Surge]<br><small>An electric current ran across the battlefield!</small><br></div><div class="battle-history"><small>The opposing Snorlax woke up!</small><br></div><div class="spacer battle-history"><br></div><div class="battle-history">The opposing Snorlax used <strong>Body Slam</strong>!<br></div><div class="battle-history"><small>(Pincurchin lost 67% of its health!)</small><br></div><div class="spacer battle-history"><br></div><div class="battle-history">Pincurchin fainted!<br></div><div class="spacer battle-history"><br></div><div class="battle-history"><small>The opposing Snorlax restored a little HP using its Leftovers!</small><br></div><div class="spacer battle-history"><br></div><div class="battle-history">Go! Moltres (<strong>Moltres-Galar</strong>)!<br></div><div class="spacer battle-history"><br></div><h2 class="battle-history">Turn 20</h2><div class="spacer battle-history"><br></div><div class="battle-history">Moltres used <strong>Fiery Wrath</strong>!<br></div><div class="battle-history"><small>(The opposing Snorlax lost 16% of its health!)</small><br></div><div class="spacer battle-history"><br></div><div class="battle-history">The opposing Snorlax flinched and couldn't move!<br></div><div class="spacer battle-history"><br></div><div class="battle-history"><small>The opposing Snorlax restored a little HP using its Leftovers!</small><br></div><div class="spacer battle-history"><br></div><h2 class="battle-history">Turn 21</h2><div class="spacer battle-history"><br></div><div class="battle-history">Moltres used <strong>Fiery Wrath</strong>!<br></div><div class="battle-history"><small>(The opposing Snorlax lost 16% of its health!)</small><br></div><div class="spacer battle-history"><br></div><div class="battle-history">The opposing Snorlax used <strong>Body Slam</strong>!<br></div><div class="battle-history"><small>(Moltres lost 100% of its health!)</small><br></div><div class="spacer battle-history"><br></div><div class="battle-history">Moltres fainted!<br></div><div class="spacer battle-history"><br></div><div class="battle-history"><small>The opposing Snorlax restored a little HP using its Leftovers!</small><br></div><div class="spacer battle-history"><br></div><div class="battle-history">Go! Absol (<strong>Absol-Mega</strong>)!<br></div><div class="battle-history"><small>Absol was hurt by the spikes!</small><br></div><div class="spacer battle-history"><br></div><h2 class="battle-history">Turn 22</h2><div class="spacer battle-history"><br></div><div class="battle-history">Absol used <strong>Knock Off</strong>!<br></div><div class="battle-history"><small>(The opposing Snorlax lost 14% of its health!)</small><br></div><div class="battle-history"><small>Absol knocked off the opposing Snorlax's Leftovers!</small><br></div><div class="spacer battle-history"><br></div><div class="battle-history">The opposing Snorlax used <strong>Body Slam</strong>!<br></div><div class="battle-history"><small>A critical hit!</small><br></div><div class="battle-history"><small>(Absol lost 88% of its health!)</small><br></div><div class="spacer battle-history"><br></div><div class="battle-history">Absol fainted!<br></div><div class="spacer battle-history"><br></div><div class="battle-history">Go! Zygarde (<strong>Zygarde-10%</strong>)!<br></div><div class="battle-history"><small>Zygarde was hurt by the spikes!</small><br></div><div class="battle-history">[Zygarde's Aura Break]<br><small>Zygarde reversed all other Pokémon's auras!</small><br></div><div class="spacer battle-history"><br></div><h2 class="battle-history">Turn 23</h2><div class="chat chatmessage-clastia"><strong style="color:#8b24ec"><small>☆</small><span class="username" data-name="Clastia">Clastia</span>:</strong> <em>this is an issue lol</em></div><div class="spacer battle-history"><br></div><div class="battle-history">Zygarde used <strong>Outrage</strong>!<br></div><div class="battle-history"><small>(The opposing Snorlax lost 18% of its health!)</small><br></div><div class="battle-history"><small>Zygarde lost some of its HP!</small><br></div><div class="spacer battle-history"><br></div><div class="battle-history">Zygarde fainted!<br></div><div class="battle-history">The opposing Snorlax used <strong>Curse</strong>!<br></div><div class="battle-history"><small>The opposing Snorlax's Speed fell!</small><br></div><div class="battle-history"><small>The opposing Snorlax's Attack rose!</small><br></div><div class="battle-history"><small>The opposing Snorlax's Defense rose!</small><br></div><div class="spacer battle-history"><br></div><div class="battle-history"><small>The electricity disappeared from the battlefield.</small><br></div><div class="spacer battle-history"><br></div><div class="battle-history">Go! <strong>Braviary</strong>!<br></div><div class="spacer battle-history"><br></div><h2 class="battle-history">Turn 24</h2><div class="spacer battle-history"><br></div><div class="battle-history">Braviary used <strong>Close Combat</strong>!<br></div><div class="battle-history"><small>It's super effective!</small><br></div><div class="battle-history"><small>(The opposing Snorlax lost 20% of its health!)</small><br></div><div class="battle-history"><small>Braviary's Defense fell!</small><br></div><div class="battle-history"><small>Braviary's Sp. Def fell!</small><br></div><div class="spacer battle-history"><br></div><div class="battle-history">The opposing Snorlax used <strong>Body Slam</strong>!<br></div><div class="battle-history"><small>(Braviary lost 100% of its health!)</small><br></div><div class="spacer battle-history"><br></div><div class="battle-history">Braviary fainted!<br></div><div class="spacer battle-history"><br></div><div class="battle-history">Go! <strong>Clefable</strong>!<br></div><div class="spacer battle-history"><br></div><h2 class="battle-history">Turn 25</h2><div class="chat chatmessage-clastia"><strong style="color:#8b24ec"><small>☆</small><span class="username" data-name="Clastia">Clastia</span>:</strong> <em>gg</em></div><div class="chat chatmessage-spookyfingaa"><strong style="color:#6647e2"><small>☆</small><span class="username" data-name="Spooky Fingaa">Spooky Fingaa</span>:</strong> <em>snorlax moment</em></div><div class="chat chatmessage-spookyfingaa"><strong style="color:#6647e2"><small>☆</small><span class="username" data-name="Spooky Fingaa">Spooky Fingaa</span>:</strong> <em>gg</em></div><div class="spacer battle-history"><br></div><div class="battle-history">Clefable used <strong>Moonblast</strong>!<br></div><div class="battle-history"><small>(The opposing Snorlax lost 13% of its health!)</small><br></div><div class="battle-history"><small>The opposing Snorlax's Sp. Atk fell!</small><br></div><div class="spacer battle-history"><br></div><div class="battle-history">The opposing Snorlax used <strong>Body Slam</strong>!<br></div><div class="battle-history"><small>(Clefable lost 100% of its health!)</small><br></div><div class="spacer battle-history"><br></div><div class="battle-history">Clefable fainted!<br></div><div class="spacer battle-history"><br></div><div class="battle-history"><strong>Spooky Fingaa</strong> won the battle!<br></div><div class="chat"><small>☆Clastia left</small></div></div><div class="inner-preempt message-log"></div></div></div>
</div>
<script>
let daily = Math.floor(Date.now()/1000/60/60/24);document.write('<script src="https://dragonheaven.herokuapp.com/js/replay-embed.js?version'+daily+'"></'+'script>');
</script>
