<!DOCTYPE html>
<meta charset="utf-8" />
<!-- version 1 -->
<title>[Gen 8] M4A VGC replay: GetHAXEDKid vs. OkVGCplayer</title>
<style>
html,body {font-family:Verdana, sans-serif;font-size:10pt;margin:0;padding:0;}body{padding:12px 0;} .battle-log {font-family:Verdana, sans-serif;font-size:10pt;} .battle-log-inline {border:1px solid #AAAAAA;background:#EEF2F5;color:black;max-width:640px;margin:0 auto 80px;padding-bottom:5px;} .battle-log .inner {padding:4px 8px 0px 8px;} .battle-log .inner-preempt {padding:0 8px 4px 8px;} .battle-log .inner-after {margin-top:0.5em;} .battle-log h2 {margin:0.5em -8px;padding:4px 8px;border:1px solid #AAAAAA;background:#E0E7EA;border-left:0;border-right:0;font-family:Verdana, sans-serif;font-size:13pt;} .battle-log .chat {vertical-align:middle;padding:3px 0 3px 0;font-size:8pt;} .battle-log .chat strong {color:#40576A;} .battle-log .chat em {padding:1px 4px 1px 3px;color:#000000;font-style:normal;} .chat.mine {background:rgba(0,0,0,0.05);margin-left:-8px;margin-right:-8px;padding-left:8px;padding-right:8px;} .spoiler {color:#BBBBBB;background:#BBBBBB;padding:0px 3px;} .spoiler:hover, .spoiler:active, .spoiler-shown {color:#000000;background:#E2E2E2;padding:0px 3px;} .spoiler a {color:#BBBBBB;} .spoiler:hover a, .spoiler:active a, .spoiler-shown a {color:#2288CC;} .chat code, .chat .spoiler:hover code, .chat .spoiler:active code, .chat .spoiler-shown code {border:1px solid #C0C0C0;background:#EEEEEE;color:black;padding:0 2px;} .chat .spoiler code {border:1px solid #CCCCCC;background:#CCCCCC;color:#CCCCCC;} .battle-log .rated {padding:3px 4px;} .battle-log .rated strong {color:white;background:#89A;padding:1px 4px;border-radius:4px;} .spacer {margin-top:0.5em;} .message-announce {background:#6688AA;color:white;padding:1px 4px 2px;} .message-announce a, .broadcast-green a, .broadcast-blue a, .broadcast-red a {color:#DDEEFF;} .broadcast-green {background-color:#559955;color:white;padding:2px 4px;} .broadcast-blue {background-color:#6688AA;color:white;padding:2px 4px;} .infobox {border:1px solid #6688AA;padding:2px 4px;} .infobox-limited {max-height:200px;overflow:auto;overflow-x:hidden;} .broadcast-red {background-color:#AA5544;color:white;padding:2px 4px;} .message-learn-canlearn {font-weight:bold;color:#228822;text-decoration:underline;} .message-learn-cannotlearn {font-weight:bold;color:#CC2222;text-decoration:underline;} .message-effect-weak {font-weight:bold;color:#CC2222;} .message-effect-resist {font-weight:bold;color:#6688AA;} .message-effect-immune {font-weight:bold;color:#666666;} .message-learn-list {margin-top:0;margin-bottom:0;} .message-throttle-notice, .message-error {color:#992222;} .message-overflow, .chat small.message-overflow {font-size:0pt;} .message-overflow::before {font-size:9pt;content:'...';} .subtle {color:#3A4A66;}
</style>
<div class="wrapper replay-wrapper" style="max-width:1180px;margin:0 auto">
<input type="hidden" name="replayid" value="dragonheaven-gen8m4avgc-264" />
<div class="battle"></div><div class="battle-log"></div><div class="replay-controls"></div><div class="replay-controls-2"></div>
<h1 style="font-weight:normal;text-align:center"><strong>[Gen 8] M4A VGC</strong><br /><a href="http://pokemonshowdown.com/users/gethaxedkid" class="subtle" target="_blank">GetHAXEDKid</a> vs. <a href="http://pokemonshowdown.com/users/okvgcplayer" class="subtle" target="_blank">OkVGCplayer</a></h1>
<script type="text/plain" class="battle-log-data">|j|☆GetHAXEDKid
|j|☆OkVGCplayer
|t:|1614024492
|player|p1|GetHAXEDKid|170|
|player|p2|OkVGCplayer|2|
|teamsize|p1|6
|teamsize|p2|6
|gametype|doubles
|gen|8
|tier|[Gen 8] M4A VGC
|clearpoke
|poke|p1|Hawlucha, L50, F|
|poke|p1|Lurantis, L50, F|
|poke|p1|Diggersby, L50, F|
|poke|p1|Pachirisu, L50, M|
|poke|p1|Rillaboom, L50, F|
|poke|p1|Dhelmise, L50|
|poke|p2|Flygon, L50, M|
|poke|p2|Araquanid, L50, F|
|poke|p2|Politoed, L50, F|
|poke|p2|Excadrill, L50, F|
|poke|p2|Corviknight, L50, F|
|poke|p2|Dracovish, L50|
|rule|Species Clause: Limit one of each Pokémon
|rule|Item Clause: Limit one of each item
|rule|Dynamax Clause: You cannot dynamax
|teampreview|4
|j| CsidNoDyg
|j|+inkbug1

|
|t:|1614024513
|start
|switch|p1a: Rillaboom|Rillaboom, L50, F|48\/48
|switch|p1b: Dhelmise|Dhelmise, L50|48\/48
|switch|p2a: Araquanid|Araquanid, L50, F|48\/48
|switch|p2b: Politoed|Politoed, L50, F|48\/48
|-fieldstart|move: Grassy Terrain|[from] ability: Grassy Surge|[of] p1a: Rillaboom
|-weather|RainDance|[from] ability: Drizzle|[of] p2b: Politoed
|turn|1
|
|t:|1614024534
|detailschange|p2a: Araquanid|Araquanid-Mega, L50, F
|-mega|p2a: Araquanid|Araquanid|Araquanite
|-start|p2a: Araquanid|typechange|Water\/Bug|[silent]
|raw|<ul class="utilichart"><li class="result"><span class="col pokemonnamecol" style="white-space: nowrap">Araquanid-Mega<\/span> <span class="col typecol"><img src="https:\/\/play.pokemonshowdown.com\/sprites\/types\/Water.png" alt="Water" height="14" width="32"><img src="https:\/\/play.pokemonshowdown.com\/sprites\/types\/Bug.png" alt="Bug" height="14" width="32"><\/span> <span style="float: left ; min-height: 26px"><span class="col abilitycol">Body of Water<\/span><span class="col abilitycol"><\/span><\/span><span style="float: left ; min-height: 26px"><span class="col statcol"><em>HP<\/em><br>68<\/span> <span class="col statcol"><em>Atk<\/em><br>70<\/span> <span class="col statcol"><em>Def<\/em><br>147<\/span> <span class="col statcol"><em>SpA<\/em><br>50<\/span> <span class="col statcol"><em>SpD<\/em><br>177<\/span> <span class="col statcol"><em>Spe<\/em><br>42<\/span> <\/span><\/li><li style="clear: both"><\/li><\/ul>
|move|p1a: Rillaboom|Fake Out|p2a: Araquanid
|-damage|p2a: Araquanid|43\/48
|move|p1b: Dhelmise|Grassy Glide|p2b: Politoed
|-supereffective|p2b: Politoed
|-enditem|p2b: Politoed|Focus Sash
|-damage|p2b: Politoed|1\/48
|cant|p2a: Araquanid|flinch
|move|p2b: Politoed|Counter|p1b: Dhelmise
|-immune|p1b: Dhelmise
|
|-weather|RainDance|[upkeep]
|-heal|p2b: Politoed|3\/48|[from] Grassy Terrain
|-heal|p2a: Araquanid|46\/48|[from] Grassy Terrain
|upkeep
|turn|2
|
|t:|1614024587
|move|p1a: Rillaboom|Grassy Glide|p2a: Araquanid
|-damage|p2a: Araquanid|29\/48
|move|p1b: Dhelmise|Grassy Glide|p2a: Araquanid
|-damage|p2a: Araquanid|2\/48
|move|p2b: Politoed|Icy Wind|p1b: Dhelmise|[spread] p1a,p1b
|-supereffective|p1a: Rillaboom
|-supereffective|p1b: Dhelmise
|-damage|p1a: Rillaboom|38\/48
|-damage|p1b: Dhelmise|39\/48
|-unboost|p1a: Rillaboom|spe|1
|-unboost|p1b: Dhelmise|spe|1
|move|p2a: Araquanid|Liquidation|p1b: Dhelmise
|-resisted|p1b: Dhelmise
|-damage|p1b: Dhelmise|21\/48
|-unboost|p1b: Dhelmise|def|1
|
|-weather|RainDance|[upkeep]
|-heal|p2b: Politoed|6\/48|[from] Grassy Terrain
|-heal|p1a: Rillaboom|41\/48|[from] Grassy Terrain
|-heal|p2a: Araquanid|5\/48|[from] Grassy Terrain
|-heal|p1b: Dhelmise|24\/48g|[from] Grassy Terrain
|upkeep
|turn|3
|
|t:|1614024612
|move|p2a: Araquanid|Protect|p2a: Araquanid
|-singleturn|p2a: Araquanid|Protect
|move|p1a: Rillaboom|Grassy Glide|p2a: Araquanid
|-activate|p2a: Araquanid|move: Protect
|move|p1b: Dhelmise|Grassy Glide|p2b: Politoed
|-supereffective|p2b: Politoed
|-damage|p2b: Politoed|0 fnt
|faint|p2b: Politoed
|
|-weather|RainDance|[upkeep]
|-heal|p1a: Rillaboom|43\/48|[from] Grassy Terrain
|-heal|p2a: Araquanid|8\/48|[from] Grassy Terrain
|-heal|p1b: Dhelmise|27\/48|[from] Grassy Terrain
|upkeep
|
|t:|1614024623
|switch|p2b: Corviknight|Corviknight, L50, F|48\/48
|turn|4
|
|t:|1614024638
|detailschange|p1a: Rillaboom|Rillaboom-Mega, L50, F
|-mega|p1a: Rillaboom|Rillaboom|Rillaboomite
|-fieldend|move: Grassy Terrain
|-fieldstart|move: Grassy Terrain|[from] ability: Arena Rock|[of] p1a: Rillaboom
|-start|p1a: Rillaboom|typechange|Grass|[silent]
|raw|<ul class="utilichart"><li class="result"><span class="col pokemonnamecol" style="white-space: nowrap">Rillaboom-Mega<\/span> <span class="col typecol"><img src="https:\/\/play.pokemonshowdown.com\/sprites\/types\/Grass.png" alt="Grass" height="14" width="32"><\/span> <span style="float: left ; min-height: 26px"><span class="col abilitycol">Arena Rock<\/span><span class="col abilitycol"><\/span><\/span><span style="float: left ; min-height: 26px"><span class="col statcol"><em>HP<\/em><br>100<\/span> <span class="col statcol"><em>Atk<\/em><br>165<\/span> <span class="col statcol"><em>Def<\/em><br>110<\/span> <span class="col statcol"><em>SpA<\/em><br>60<\/span> <span class="col statcol"><em>SpD<\/em><br>110<\/span> <span class="col statcol"><em>Spe<\/em><br>85<\/span> <\/span><\/li><li style="clear: both"><\/li><\/ul>
|move|p1b: Dhelmise|Grassy Glide|p2a: Araquanid
|-damage|p2a: Araquanid|0 fnt
|faint|p2a: Araquanid
|move|p2b: Corviknight|Brave Bird|p1b: Dhelmise
|-supereffective|p1b: Dhelmise
|-damage|p1b: Dhelmise|0 fnt
|-damage|p2b: Corviknight|39\/48|[from] Recoil
|faint|p1b: Dhelmise
|move|p1a: Rillaboom|Darkest Lariat|p2b: Corviknight
|-damage|p2b: Corviknight|25\/48
|
|-weather|RainDance|[upkeep]
|-heal|p1a: Rillaboom|46\/48|[from] Grassy Terrain
|upkeep
|
|t:|1614024657
|switch|p1b: Pachirisu|Pachirisu, L50, M|48\/48
|switch|p2a: Dracovish|Dracovish, L50|48\/48
|turn|5
|
|t:|1614024681
|move|p1a: Rillaboom|Grassy Glide|p2a: Dracovish
|-damage|p2a: Dracovish|17\/48
|move|p1b: Pachirisu|Nuzzle|p2b: Corviknight
|-supereffective|p2b: Corviknight
|-damage|p2b: Corviknight|22\/48
|-status|p2b: Corviknight|par
|move|p2a: Dracovish|Fishious Rend|p1a: Rillaboom
|-resisted|p1a: Rillaboom
|-damage|p1a: Rillaboom|30\/48
|move|p2b: Corviknight|Brave Bird|p1a: Rillaboom
|-supereffective|p1a: Rillaboom
|-damage|p1a: Rillaboom|0 fnt
|-damage|p2b: Corviknight|11\/48 par|[from] Recoil
|faint|p1a: Rillaboom
|-heal|p2a: Dracovish|20\/48|[from] Grassy Terrain
|-fieldend|move: Grassy Terrain
|
|-weather|none
|upkeep
|
|t:|1614024697
|switch|p1a: Lurantis|Lurantis, L50, F|48\/48
|turn|6
|
|t:|1614024718
|move|p1b: Pachirisu|Nuzzle|p2a: Dracovish
|-damage|p2a: Dracovish|18\/48
|-status|p2a: Dracovish|par
|move|p1a: Lurantis|Leaf Storm|p2a: Dracovish
|-damage|p2a: Dracovish|0 fnt
|-boost|p1a: Lurantis|spa|2
|faint|p2a: Dracovish
|move|p2b: Corviknight|Brave Bird|p1a: Lurantis
|-supereffective|p1a: Lurantis
|-damage|p1a: Lurantis|0 fnt
|-damage|p2b: Corviknight|0 fnt|[from] Recoil
|faint|p1a: Lurantis
|faint|p2b: Corviknight
|
|win|GetHAXEDKid
|l|☆OkVGCplayer
|l|☆GetHAXEDKid</script>
</div>
<div class="battle-log battle-log-inline"><div class="inner"><div class="battle-options"><div style="padding-top: 3px; padding-right: 3px; text-align: right"><button class="icon button" name="openBattleOptions" title="Options">Battle Options</button></div></div><div class="inner message-log"><div class="chat"><small>☆GetHAXEDKid and ☆OkVGCplayer joined</small></div><div class=""><small>Format:</small> <br><strong>[Gen 8] M4A VGC</strong></div><div class=""><small><em>Species Clause:</em> Limit one of each Pokémon</small></div><div class=""><small><em>Item Clause:</em> Limit one of each item</small></div><div class=""><small><em>Dynamax Clause:</em> You cannot dynamax</small></div><div class="chat battle-history"><strong>GetHAXEDKid's team:</strong> <em style="color:#445566;display:block;">Hawlucha / Lurantis / Diggersby / Pachirisu / Rillaboom / Dhelmise</em></div><div class="chat battle-history"><strong>OkVGCplayer's team:</strong> <em style="color:#445566;display:block;">Flygon / Araquanid / Politoed / Excadrill / Corviknight / Dracovish</em></div><div class="chat"><small> CsidNoDyg and +inkbug1 joined</small></div><div class="spacer battle-history"><br></div><div class="battle-history">Battle started between GetHAXEDKid and OkVGCplayer!<br></div><div class="spacer battle-history"><br></div><div class="battle-history">Go! <strong>Rillaboom</strong>!<br></div><div class="spacer battle-history"><br></div><div class="battle-history">Go! <strong>Dhelmise</strong>!<br></div><div class="spacer battle-history"><br></div><div class="battle-history">OkVGCplayer sent out <strong>Araquanid</strong>!<br></div><div class="spacer battle-history"><br></div><div class="battle-history">OkVGCplayer sent out <strong>Politoed</strong>!<br></div><div class="battle-history">[Rillaboom's Grassy Surge]<br><small>Grass grew to cover the battlefield!</small><br></div><div class="battle-history">[The opposing Politoed's Drizzle]<br><small>It started to rain!</small><br></div><div class="spacer battle-history"><br></div><h2 class="battle-history">Turn 1</h2><div class="spacer battle-history"><br></div><div class="battle-history"><small>The opposing Araquanid's Araquanite is reacting to the Key Stone!</small><br>The opposing Araquanid has Mega Evolved into Mega Araquanid!<br></div><div class="chat"><ul class="utilichart"><li class="result"><span class="col pokemonnamecol" style="white-space: nowrap">Araquanid-Mega</span> <span class="col typecol"><img src="https://play.pokemonshowdown.com/sprites/types/Water.png" alt="Water" height="14" width="32"><img src="https://play.pokemonshowdown.com/sprites/types/Bug.png" alt="Bug" height="14" width="32"></span> <span style="float: left ; min-height: 26px"><span class="col abilitycol">Body of Water</span><span class="col abilitycol"></span></span><span style="float: left ; min-height: 26px"><span class="col statcol"><em>HP</em><br>68</span> <span class="col statcol"><em>Atk</em><br>70</span> <span class="col statcol"><em>Def</em><br>147</span> <span class="col statcol"><em>SpA</em><br>50</span> <span class="col statcol"><em>SpD</em><br>177</span> <span class="col statcol"><em>Spe</em><br>42</span> </span></li><li style="clear: both"></li></ul></div><div class="spacer battle-history"><br></div><div class="battle-history">Rillaboom used <strong>Fake Out</strong>!<br></div><div class="battle-history"><small>(The opposing Araquanid lost <abbr title="−5/48 pixels">8.4–10.4%</abbr> of its health!)</small><br></div><div class="spacer battle-history"><br></div><div class="battle-history">Dhelmise used <strong>Grassy Glide</strong>!<br></div><div class="battle-history"><small>It's super effective!</small><br></div><div class="battle-history"><small>The opposing Politoed hung on using its Focus Sash!</small><br></div><div class="battle-history"><small>(The opposing Politoed lost <abbr title="−47/48 pixels">95.9–99.9%</abbr> of its health!)</small><br></div><div class="spacer battle-history"><br></div><div class="battle-history">The opposing Araquanid flinched and couldn't move!<br></div><div class="spacer battle-history"><br></div><div class="battle-history">The opposing Politoed used <strong>Counter</strong>!<br></div><div class="battle-history"><small>It doesn't affect Dhelmise...</small><br></div><div class="spacer battle-history"><br></div><div class="battle-history"><small>(Rain continues to fall.)</small><br></div><div class="battle-history"><small>The opposing Politoed's HP was restored.</small><br></div><div class="battle-history"><small>The opposing Araquanid's HP was restored.</small><br></div><div class="spacer battle-history"><br></div><h2 class="battle-history">Turn 2</h2><div class="spacer battle-history"><br></div><div class="battle-history">Rillaboom used <strong>Grassy Glide</strong>!<br></div><div class="battle-history"><small>(The opposing Araquanid lost <abbr title="−17/48 pixels">33.4–37.4%</abbr> of its health!)</small><br></div><div class="spacer battle-history"><br></div><div class="battle-history">Dhelmise used <strong>Grassy Glide</strong>!<br></div><div class="battle-history"><small>(The opposing Araquanid lost <abbr title="−27/48 pixels">54.2–58.3%</abbr> of its health!)</small><br></div><div class="spacer battle-history"><br></div><div class="battle-history">The opposing Politoed used <strong>Icy Wind</strong>!<br></div><div class="battle-history"><small>It's super effective on Rillaboom!</small><br></div><div class="battle-history"><small>It's super effective on Dhelmise!</small><br></div><div class="battle-history"><small>(Rillaboom lost <abbr title="−10/48 pixels">18.8–20.8%</abbr> of its health!)</small><br></div><div class="battle-history"><small>(Dhelmise lost <abbr title="−9/48 pixels">16.7–18.8%</abbr> of its health!)</small><br></div><div class="battle-history"><small>Rillaboom's Speed fell!</small><br></div><div class="battle-history"><small>Dhelmise's Speed fell!</small><br></div><div class="spacer battle-history"><br></div><div class="battle-history">The opposing Araquanid used <strong>Liquidation</strong>!<br></div><div class="battle-history"><small>It's not very effective...</small><br></div><div class="battle-history"><small>(Dhelmise lost <abbr title="−18/48 pixels">35.5–39.5%</abbr> of its health!)</small><br></div><div class="battle-history"><small>Dhelmise's Defense fell!</small><br></div><div class="spacer battle-history"><br></div><div class="battle-history"><small>(Rain continues to fall.)</small><br></div><div class="battle-history"><small>The opposing Politoed's HP was restored.</small><br></div><div class="battle-history"><small>Rillaboom's HP was restored.</small><br></div><div class="battle-history"><small>The opposing Araquanid's HP was restored.</small><br></div><div class="battle-history"><small>Dhelmise's HP was restored.</small><br></div><div class="spacer battle-history"><br></div><h2 class="battle-history">Turn 3</h2><div class="spacer battle-history"><br></div><div class="battle-history">The opposing Araquanid used <strong>Protect</strong>!<br></div><div class="battle-history"><small>The opposing Araquanid protected itself!</small><br></div><div class="spacer battle-history"><br></div><div class="battle-history">Rillaboom used <strong>Grassy Glide</strong>!<br></div><div class="battle-history"><small>The opposing Araquanid protected itself!</small><br></div><div class="spacer battle-history"><br></div><div class="battle-history">Dhelmise used <strong>Grassy Glide</strong>!<br></div><div class="battle-history"><small>It's super effective!</small><br></div><div class="battle-history"><small>(The opposing Politoed lost <abbr title="−6/48 pixels">12.5–14.5%</abbr> of its health!)</small><br></div><div class="spacer battle-history"><br></div><div class="battle-history">The opposing Politoed fainted!<br></div><div class="spacer battle-history"><br></div><div class="battle-history"><small>(Rain continues to fall.)</small><br></div><div class="battle-history"><small>Rillaboom's HP was restored.</small><br></div><div class="battle-history"><small>The opposing Araquanid's HP was restored.</small><br></div><div class="battle-history"><small>Dhelmise's HP was restored.</small><br></div><div class="spacer battle-history"><br></div><div class="battle-history">OkVGCplayer sent out <strong>Corviknight</strong>!<br></div><div class="spacer battle-history"><br></div><h2 class="battle-history">Turn 4</h2><div class="spacer battle-history"><br></div><div class="battle-history"><small>Rillaboom's Rillaboomite is reacting to the Key Stone!</small><br>Rillaboom has Mega Evolved into Mega Rillaboom!<br></div><div class="battle-history"><small>The grass disappeared from the battlefield.</small><br></div><div class="battle-history">[Rillaboom's Arena Rock]<br><small>Grass grew to cover the battlefield!</small><br></div><div class="chat"><ul class="utilichart"><li class="result"><span class="col pokemonnamecol" style="white-space: nowrap">Rillaboom-Mega</span> <span class="col typecol"><img src="https://play.pokemonshowdown.com/sprites/types/Grass.png" alt="Grass" height="14" width="32"></span> <span style="float: left ; min-height: 26px"><span class="col abilitycol">Arena Rock</span><span class="col abilitycol"></span></span><span style="float: left ; min-height: 26px"><span class="col statcol"><em>HP</em><br>100</span> <span class="col statcol"><em>Atk</em><br>165</span> <span class="col statcol"><em>Def</em><br>110</span> <span class="col statcol"><em>SpA</em><br>60</span> <span class="col statcol"><em>SpD</em><br>110</span> <span class="col statcol"><em>Spe</em><br>85</span> </span></li><li style="clear: both"></li></ul></div><div class="spacer battle-history"><br></div><div class="battle-history">Dhelmise used <strong>Grassy Glide</strong>!<br></div><div class="battle-history"><small>(The opposing Araquanid lost <abbr title="−8/48 pixels">16.7–18.7%</abbr> of its health!)</small><br></div><div class="spacer battle-history"><br></div><div class="battle-history">The opposing Araquanid fainted!<br></div><div class="battle-history">The opposing Corviknight used <strong>Brave Bird</strong>!<br></div><div class="battle-history"><small>It's super effective!</small><br></div><div class="battle-history"><small>(Dhelmise lost <abbr title="−27/48 pixels">56.3–58.3%</abbr> of its health!)</small><br></div><div class="battle-history"><small>The opposing Corviknight was damaged by the recoil!</small><br></div><div class="spacer battle-history"><br></div><div class="battle-history">Dhelmise fainted!<br></div><div class="battle-history">Rillaboom used <strong>Darkest Lariat</strong>!<br></div><div class="battle-history"><small>(The opposing Corviknight lost <abbr title="−14/48 pixels">27.2–31.2%</abbr> of its health!)</small><br></div><div class="spacer battle-history"><br></div><div class="battle-history"><small>(Rain continues to fall.)</small><br></div><div class="battle-history"><small>Rillaboom's HP was restored.</small><br></div><div class="spacer battle-history"><br></div><div class="battle-history">Go! <strong>Pachirisu</strong>!<br></div><div class="spacer battle-history"><br></div><div class="battle-history">OkVGCplayer sent out <strong>Dracovish</strong>!<br></div><div class="spacer battle-history"><br></div><h2 class="battle-history">Turn 5</h2><div class="spacer battle-history"><br></div><div class="battle-history">Rillaboom used <strong>Grassy Glide</strong>!<br></div><div class="battle-history"><small>(The opposing Dracovish lost <abbr title="−31/48 pixels">62.6–64.6%</abbr> of its health!)</small><br></div><div class="spacer battle-history"><br></div><div class="battle-history">Pachirisu used <strong>Nuzzle</strong>!<br></div><div class="battle-history"><small>It's super effective!</small><br></div><div class="battle-history"><small>(The opposing Corviknight lost <abbr title="−3/48 pixels">4.2–8.3%</abbr> of its health!)</small><br></div><div class="battle-history"><small>The opposing Corviknight is paralyzed! It may be unable to move!</small><br></div><div class="spacer battle-history"><br></div><div class="battle-history">The opposing Dracovish used <strong>Fishious Rend</strong>!<br></div><div class="battle-history"><small>It's not very effective...</small><br></div><div class="battle-history"><small>(Rillaboom lost <abbr title="−16/48 pixels">31.3–35.3%</abbr> of its health!)</small><br></div><div class="spacer battle-history"><br></div><div class="battle-history">The opposing Corviknight used <strong>Brave Bird</strong>!<br></div><div class="battle-history"><small>It's super effective!</small><br></div><div class="battle-history"><small>(Rillaboom lost <abbr title="−30/48 pixels">62.5–64.5%</abbr> of its health!)</small><br></div><div class="battle-history"><small>The opposing Corviknight was damaged by the recoil!</small><br></div><div class="spacer battle-history"><br></div><div class="battle-history">Rillaboom fainted!<br></div><div class="battle-history"><small>The opposing Dracovish's HP was restored.</small><br></div><div class="battle-history"><small>The grass disappeared from the battlefield.</small><br></div><div class="spacer battle-history"><br></div><div class="battle-history"><small>The rain stopped.</small><br></div><div class="spacer battle-history"><br></div><div class="battle-history">Go! <strong>Lurantis</strong>!<br></div><div class="spacer battle-history"><br></div><h2 class="battle-history">Turn 6</h2><div class="spacer battle-history"><br></div><div class="battle-history">Pachirisu used <strong>Nuzzle</strong>!<br></div><div class="battle-history"><small>(The opposing Dracovish lost <abbr title="−2/48 pixels">2.2–6.2%</abbr> of its health!)</small><br></div><div class="battle-history"><small>The opposing Dracovish is paralyzed! It may be unable to move!</small><br></div><div class="spacer battle-history"><br></div><div class="battle-history">Lurantis used <strong>Leaf Storm</strong>!<br></div><div class="battle-history"><small>(The opposing Dracovish lost <abbr title="−18/48 pixels">37.5–39.5%</abbr> of its health!)</small><br></div><div class="battle-history"><small>Lurantis's Sp. Atk rose sharply!</small><br></div><div class="spacer battle-history"><br></div><div class="battle-history">The opposing Dracovish fainted!<br></div><div class="battle-history">The opposing Corviknight used <strong>Brave Bird</strong>!<br></div><div class="battle-history"><small>It's super effective!</small><br></div><div class="battle-history"><small>(Lurantis lost <abbr title="−48/48 pixels">100%</abbr> of its health!)</small><br></div><div class="battle-history"><small>The opposing Corviknight was damaged by the recoil!</small><br></div><div class="spacer battle-history"><br></div><div class="battle-history">Lurantis fainted!<br></div><div class="battle-history">The opposing Corviknight fainted!<br></div><div class="spacer battle-history"><br></div><div class="battle-history"><strong>GetHAXEDKid</strong> won the battle!<br></div><div class="chat"><small>☆OkVGCplayer and ☆GetHAXEDKid left</small></div></div><div class="inner-preempt message-log"></div></div></div>
</div>
<script>
let daily = Math.floor(Date.now()/1000/60/60/24);document.write('<script src="https://dragonheaven.herokuapp.com/js/replay-embed.js?version'+daily+'"></'+'script>');
</script>
