<!DOCTYPE html>
<meta charset="utf-8" />
<!-- version 1 -->
<title>[Gen 8] M4A Random Battle replay: inkbug1 vs. H2OPulse</title>
<style>
html,body {font-family:Verdana, sans-serif;font-size:10pt;margin:0;padding:0;}body{padding:12px 0;} .battle-log {font-family:Verdana, sans-serif;font-size:10pt;} .battle-log-inline {border:1px solid #AAAAAA;background:#EEF2F5;color:black;max-width:640px;margin:0 auto 80px;padding-bottom:5px;} .battle-log .inner {padding:4px 8px 0px 8px;} .battle-log .inner-preempt {padding:0 8px 4px 8px;} .battle-log .inner-after {margin-top:0.5em;} .battle-log h2 {margin:0.5em -8px;padding:4px 8px;border:1px solid #AAAAAA;background:#E0E7EA;border-left:0;border-right:0;font-family:Verdana, sans-serif;font-size:13pt;} .battle-log .chat {vertical-align:middle;padding:3px 0 3px 0;font-size:8pt;} .battle-log .chat strong {color:#40576A;} .battle-log .chat em {padding:1px 4px 1px 3px;color:#000000;font-style:normal;} .chat.mine {background:rgba(0,0,0,0.05);margin-left:-8px;margin-right:-8px;padding-left:8px;padding-right:8px;} .spoiler {color:#BBBBBB;background:#BBBBBB;padding:0px 3px;} .spoiler:hover, .spoiler:active, .spoiler-shown {color:#000000;background:#E2E2E2;padding:0px 3px;} .spoiler a {color:#BBBBBB;} .spoiler:hover a, .spoiler:active a, .spoiler-shown a {color:#2288CC;} .chat code, .chat .spoiler:hover code, .chat .spoiler:active code, .chat .spoiler-shown code {border:1px solid #C0C0C0;background:#EEEEEE;color:black;padding:0 2px;} .chat .spoiler code {border:1px solid #CCCCCC;background:#CCCCCC;color:#CCCCCC;} .battle-log .rated {padding:3px 4px;} .battle-log .rated strong {color:white;background:#89A;padding:1px 4px;border-radius:4px;} .spacer {margin-top:0.5em;} .message-announce {background:#6688AA;color:white;padding:1px 4px 2px;} .message-announce a, .broadcast-green a, .broadcast-blue a, .broadcast-red a {color:#DDEEFF;} .broadcast-green {background-color:#559955;color:white;padding:2px 4px;} .broadcast-blue {background-color:#6688AA;color:white;padding:2px 4px;} .infobox {border:1px solid #6688AA;padding:2px 4px;} .infobox-limited {max-height:200px;overflow:auto;overflow-x:hidden;} .broadcast-red {background-color:#AA5544;color:white;padding:2px 4px;} .message-learn-canlearn {font-weight:bold;color:#228822;text-decoration:underline;} .message-learn-cannotlearn {font-weight:bold;color:#CC2222;text-decoration:underline;} .message-effect-weak {font-weight:bold;color:#CC2222;} .message-effect-resist {font-weight:bold;color:#6688AA;} .message-effect-immune {font-weight:bold;color:#666666;} .message-learn-list {margin-top:0;margin-bottom:0;} .message-throttle-notice, .message-error {color:#992222;} .message-overflow, .chat small.message-overflow {font-size:0pt;} .message-overflow::before {font-size:9pt;content:'...';} .subtle {color:#3A4A66;}
</style>
<div class="wrapper replay-wrapper" style="max-width:1180px;margin:0 auto">
<input type="hidden" name="replayid" value="dragonheaven-gen8m4arandombattle-428" />
<div class="battle"></div><div class="battle-log"></div><div class="replay-controls"></div><div class="replay-controls-2"></div>
<h1 style="font-weight:normal;text-align:center"><strong>[Gen 8] M4A Random Battle</strong><br /><a href="http://pokemonshowdown.com/users/inkbug1" class="subtle" target="_blank">inkbug1</a> vs. <a href="http://pokemonshowdown.com/users/h2opulse" class="subtle" target="_blank">H2OPulse</a></h1>
<script type="text/plain" class="battle-log-data">|j|☆inkbug1

|j|☆H2OPulse
|t:|1608619742
|player|p1|inkbug1|burgh|
|player|p2|H2OPulse|aetherfoundation|
|teamsize|p1|6
|teamsize|p2|6
|gametype|singles
|gen|8
|tier|[Gen 8] M4A Random Battle
|rule|Dynamax Clause: You cannot dynamax
|rule|Species Clause: Limit one of each Pokémon
|rule|HP Percentage Mod: HP is shown in percentages
|rule|Sleep Clause Mod: Limit one foe put to sleep
|
|t:|1608619742
|start
|switch|p1a: Rhyperior|Rhyperior, L84, F|330\/330
|switch|p2a: Linoone|Linoone, L84, M|100\/100
|turn|1
|c|☆inkbug1|oh man i have 1 pokemon thats a mega i havent used yet and got excited
|c|☆inkbug1|but it is one i have used :'D 
|c|☆H2OPulse|Ooooo ni- oh fair
|
|t:|1608619781
|switch|p2a: Machamp|Machamp, L84, M|100\/100
|move|p1a: Rhyperior|Stealth Rock|p2a: Machamp
|-sidestart|p2: H2OPulse|move: Stealth Rock
|
|upkeep
|turn|2
|c|☆inkbug1|tfw you have a good switch-in but its not megad yet so it doesnt resist
|c|☆H2OPulse|why is Machamp
|
|t:|1608619818
|switch|p1a: Tangrowth|Tangrowth, L80, F|291\/291
|move|p2a: Machamp|Knock Off|p1a: Tangrowth
|-damage|p1a: Tangrowth|184\/291
|-enditem|p1a: Tangrowth|Assault Vest|[from] move: Knock Off|[of] p2a: Machamp
|
|upkeep
|turn|3
|
|t:|1608619829
|switch|p2a: Muk|Muk-Alola, L82, F|100\/100
|-damage|p2a: Muk|88\/100|[from] Stealth Rock
|move|p1a: Tangrowth|Knock Off|p2a: Muk
|-resisted|p2a: Muk
|-damage|p2a: Muk|77\/100
|-enditem|p2a: Muk|Choice Band|[from] move: Knock Off|[of] p1a: Tangrowth
|
|upkeep
|turn|4
|c|☆inkbug1|why __is__ machamp
|c|☆H2OPulse|Oh what I was banded
|c|☆H2OPulse|I didn't even notice fjjgkg I was gonna play this very badly
|c|☆inkbug1|fair,
|c|☆H2OPulse|Thank you for the help :'D
|
|t:|1608619883
|switch|p1a: Rhyperior|Rhyperior, L84, F|330\/330
|move|p2a: Muk|Gunk Shot|p1a: Rhyperior
|-resisted|p1a: Rhyperior
|-damage|p1a: Rhyperior|309\/330
|
|-heal|p1a: Rhyperior|329\/330|[from] item: Leftovers
|upkeep
|turn|5
|c|☆H2OPulse|Right I
|c|☆H2OPulse|knew you had this
|
|t:|1608619902
|switch|p2a: Farfetch’d|Farfetch’d, L88, M|100\/100
|-damage|p2a: Farfetch’d|76\/100|[from] Stealth Rock
|switch|p1a: Boltund|Boltund, L88, M|265\/265
|
|upkeep
|turn|6
|
|t:|1608619931
|switch|p2a: Muk|Muk-Alola, L82, F|77\/100
|-damage|p2a: Muk|64\/100|[from] Stealth Rock
|detailschange|p1a: Boltund|Boltund-Mega, L88, M
|-mega|p1a: Boltund|Boltund|Boltundite
|raw|<ul class="utilichart"><li class="result"><span class="col pokemonnamecol" style="white-space: nowrap">Boltund-Mega<\/span> <span class="col typecol"><img src="https:\/\/play.pokemonshowdown.com\/sprites\/types\/Electric.png" alt="Electric" height="14" width="32"><img src="https:\/\/play.pokemonshowdown.com\/sprites\/types\/Fairy.png" alt="Fairy" height="14" width="32"><\/span> <span style="float: left ; min-height: 26px"><span class="col abilitycol">Adrenaline<\/span><span class="col abilitycol"><\/span><\/span><span style="float: left ; min-height: 26px"><span class="col statcol"><em>HP<\/em><br>69<\/span> <span class="col statcol"><em>Atk<\/em><br>140<\/span> <span class="col statcol"><em>Def<\/em><br>60<\/span> <span class="col statcol"><em>SpA<\/em><br>115<\/span> <span class="col statcol"><em>SpD<\/em><br>60<\/span> <span class="col statcol"><em>Spe<\/em><br>146<\/span> <\/span><\/li><li style="clear: both"><\/li><\/ul>
|move|p1a: Boltund|Thunder Fang|p2a: Muk
|-damage|p2a: Muk|27\/100
|
|upkeep
|turn|7
|
|t:|1608619940
|move|p1a: Boltund|Play Rough|p2a: Muk
|-damage|p2a: Muk|0 fnt
|faint|p2a: Muk
|-start|p1a: Boltund|move: Laser Focus
|
|upkeep
|
|t:|1608619950
|switch|p2a: Linoone|Linoone, L84, M|100\/100
|-damage|p2a: Linoone|88\/100|[from] Stealth Rock
|turn|8
|c|☆H2OPulse|So I lose now
|raw|<ul class="utilichart"><li class="result"><span class="col movenamecol"><a href="https:\/\/dex.pokemonshowdown.com\/moves\/laserfocus">Laser Focus<\/a><\/span> <span class="col typecol"><img src="\/\/play.pokemonshowdown.com\/sprites\/types\/Normal.png" alt="Normal" width="32" height="14"><img src="\/\/play.pokemonshowdown.com\/sprites\/categories\/Status.png" alt="Status" width="32" height="14"><\/span> <span class="col widelabelcol"><em>Accuracy<\/em><br>—<\/span> <span class="col pplabelcol"><em>PP<\/em><br>48<\/span> <span class="col movedesccol">Until the end of the next turn, user's moves crit.<\/span> <\/li><li style="clear:both"><\/li><\/ul>
|raw|<font size="1"><font color="#686868">Priority:<\/font> 0&nbsp;|&ThickSpace;<font color="#686868">Gen:<\/font> 7&nbsp;|&ThickSpace;<font color="#686868">Z-Effect:<\/font>  Attack +1&nbsp;|&ThickSpace;<font color="#686868">Target:<\/font> User<\/font>

|c|☆inkbug1|jahsgdasd
|
|t:|1608619968
|move|p1a: Boltund|Thunder Fang|p2a: Linoone
|-crit|p2a: Linoone
|-damage|p2a: Linoone|13\/100
|-enditem|p2a: Linoone|Mago Berry|[eat]
|-heal|p2a: Linoone|46\/100|[from] item: Mago Berry
|move|p2a: Linoone|Stomping Tantrum|p1a: Boltund
|-supereffective|p1a: Boltund
|-damage|p1a: Boltund|163\/265
|
|-end|p1a: Boltund|move: Laser Focus|[silent]
|upkeep
|turn|9
|c|☆inkbug1|yo it lived! 
|
|t:|1608619979
|move|p2a: Linoone|Extreme Speed|p1a: Boltund
|-damage|p1a: Boltund|72\/265
|move|p1a: Boltund|Bulk Up|p1a: Boltund
|-boost|p1a: Boltund|atk|1
|-boost|p1a: Boltund|def|1
|
|upkeep
|turn|10
|
|t:|1608619986
|move|p2a: Linoone|Extreme Speed|p1a: Boltund
|-damage|p1a: Boltund|11\/265
|move|p1a: Boltund|Play Rough|p2a: Linoone
|-crit|p2a: Linoone
|-damage|p2a: Linoone|0 fnt
|faint|p2a: Linoone
|-start|p1a: Boltund|move: Laser Focus
|
|upkeep
|c|☆inkbug1|why 
|c|☆inkbug1|why did you crit that
|
|t:|1608619998
|switch|p2a: Machamp|Machamp, L84, M|100\/100
|-damage|p2a: Machamp|94\/100|[from] Stealth Rock
|turn|11
|c|☆inkbug1|you did not need to
|
|t:|1608620002
|move|p2a: Machamp|Bullet Punch|p1a: Boltund
|-damage|p1a: Boltund|0 fnt
|faint|p1a: Boltund
|
|upkeep
|c|☆inkbug1|ok fair
|c|☆inkbug1|i definitely couldve played that better haha
|
|t:|1608620014
|switch|p1a: Samurott|Samurott, L86, M|304\/304
|turn|12
|
|t:|1608620036
|switch|p2a: Heracross|Heracross, L82, F|100\/100
|-damage|p2a: Heracross|88\/100|[from] Stealth Rock
|move|p1a: Samurott|Swords Dance|p1a: Samurott
|-boost|p1a: Samurott|atk|2
|
|upkeep
|turn|13
|
|t:|1608620051
|detailschange|p2a: Heracross|Heracross-Mega, L82, F
|-mega|p2a: Heracross|Heracross|Heracronite
|raw|<ul class="utilichart"><li class="result"><span class="col pokemonnamecol" style="white-space: nowrap">Heracross-Mega<\/span> <span class="col typecol"><img src="https:\/\/play.pokemonshowdown.com\/sprites\/types\/Bug.png" alt="Bug" height="14" width="32"><img src="https:\/\/play.pokemonshowdown.com\/sprites\/types\/Fighting.png" alt="Fighting" height="14" width="32"><\/span> <span style="float: left ; min-height: 26px"><span class="col abilitycol">Skill Link<\/span><span class="col abilitycol"><\/span><\/span><span style="float: left ; min-height: 26px"><span class="col statcol"><em>HP<\/em><br>80<\/span> <span class="col statcol"><em>Atk<\/em><br>185<\/span> <span class="col statcol"><em>Def<\/em><br>115<\/span> <span class="col statcol"><em>SpA<\/em><br>40<\/span> <span class="col statcol"><em>SpD<\/em><br>105<\/span> <span class="col statcol"><em>Spe<\/em><br>75<\/span> <\/span><\/li><li style="clear: both"><\/li><\/ul>
|move|p1a: Samurott|Aqua Jet|p2a: Heracross
|-damage|p2a: Heracross|51\/100
|-damage|p1a: Samurott|274\/304|[from] item: Life Orb
|move|p2a: Heracross|Bullet Seed|p1a: Samurott
|-supereffective|p1a: Samurott
|-damage|p1a: Samurott|220\/304
|-supereffective|p1a: Samurott
|-damage|p1a: Samurott|164\/304
|-supereffective|p1a: Samurott
|-damage|p1a: Samurott|104\/304
|-supereffective|p1a: Samurott
|-damage|p1a: Samurott|42\/304
|-supereffective|p1a: Samurott
|-damage|p1a: Samurott|0 fnt
|-hitcount|p1a: Samurott|5
|faint|p1a: Samurott
|
|upkeep
|c|☆inkbug1|god i fear this thing
|
|t:|1608620081
|switch|p1a: Tangrowth|Tangrowth, L80, F|281\/291
|turn|14
|
|t:|1608620097
|switch|p2a: Farfetch’d|Farfetch’d, L88, M|76\/100
|-damage|p2a: Farfetch’d|51\/100|[from] Stealth Rock
|move|p1a: Tangrowth|Hidden Power|p2a: Farfetch’d
|-damage|p2a: Farfetch’d|29\/100
|
|upkeep
|turn|15
|
|t:|1608620105
|move|p2a: Farfetch’d|Roost|p2a: Farfetch’d
|-heal|p2a: Farfetch’d|79\/100
|-singleturn|p2a: Farfetch’d|move: Roost
|move|p1a: Tangrowth|Knock Off|p2a: Farfetch’d
|-damage|p2a: Farfetch’d|43\/100
|-enditem|p2a: Farfetch’d|Leek|[from] move: Knock Off|[of] p1a: Tangrowth
|
|upkeep
|turn|16
|c|☆inkbug1|no sticks
|
|t:|1608620119
|switch|p1a: Cradily|Cradily, L88, F|295\/295
|move|p2a: Farfetch’d|Roost|p2a: Farfetch’d
|-heal|p2a: Farfetch’d|93\/100
|-singleturn|p2a: Farfetch’d|move: Roost
|
|upkeep
|turn|17
|
|t:|1608620126
|move|p2a: Farfetch’d|Brave Bird|p1a: Cradily
|-damage|p1a: Cradily|174\/295
|-damage|p2a: Farfetch’d|76\/100|[from] Recoil
|move|p1a: Cradily|Curse|p1a: Cradily
|-unboost|p1a: Cradily|spe|1
|-boost|p1a: Cradily|atk|1
|-boost|p1a: Cradily|def|1
|
|-heal|p1a: Cradily|192\/295|[from] item: Leftovers
|upkeep
|turn|18
|
|t:|1608620138
|move|p2a: Farfetch’d|Brave Bird|p1a: Cradily
|-damage|p1a: Cradily|108\/295
|-damage|p2a: Farfetch’d|64\/100|[from] Recoil
|move|p1a: Cradily|Recover|p1a: Cradily
|-heal|p1a: Cradily|256\/295
|
|-heal|p1a: Cradily|274\/295|[from] item: Leftovers
|upkeep
|turn|19
|
|t:|1608620150
|switch|p2a: Tapu Koko|Tapu Koko, L80|100\/100
|-damage|p2a: Tapu Koko|88\/100|[from] Stealth Rock
|-fieldstart|move: Electric Terrain|[from] ability: Electric Surge|[of] p2a: Tapu Koko
|move|p1a: Cradily|Curse|p1a: Cradily
|-unboost|p1a: Cradily|spe|1
|-boost|p1a: Cradily|atk|1
|-boost|p1a: Cradily|def|1
|
|-heal|p1a: Cradily|292\/295|[from] item: Leftovers
|upkeep
|turn|20
|
|t:|1608620161
|move|p2a: Tapu Koko|Nature's Madness|p1a: Cradily
|-damage|p1a: Cradily|146\/295
|move|p1a: Cradily|Rock Slide|p2a: Tapu Koko
|-damage|p2a: Tapu Koko|26\/100
|
|-heal|p1a: Cradily|164\/295|[from] item: Leftovers
|upkeep
|turn|21
|
|t:|1608620169
|-zpower|p2a: Tapu Koko
|move|p2a: Tapu Koko|Gigavolt Havoc|p1a: Cradily|[zeffect]
|-resisted|p1a: Cradily
|-damage|p1a: Cradily|72\/295
|move|p1a: Cradily|Rock Slide|p2a: Tapu Koko
|-damage|p2a: Tapu Koko|0 fnt
|faint|p2a: Tapu Koko
|
|-heal|p1a: Cradily|90\/295|[from] item: Leftovers
|upkeep
|c|☆H2OPulse|Okay
|
|t:|1608620186
|switch|p2a: Machamp|Machamp, L84, M|94\/100
|-damage|p2a: Machamp|88\/100|[from] Stealth Rock
|turn|22
|c|☆inkbug1|god u rolled all phys huh
|c|☆inkbug1|i have a fukcin chansey and its just useless
|
|t:|1608620203
|move|p2a: Machamp|Dynamic Punch|p1a: Cradily
|-supereffective|p1a: Cradily
|-damage|p1a: Cradily|0 fnt
|faint|p1a: Cradily
|
|upkeep
|
|t:|1608620209
|switch|p1a: Tangrowth|Tangrowth, L80, F|291\/291
|turn|23
|
|t:|1608620215
|move|p2a: Machamp|Dynamic Punch|p1a: Tangrowth
|-damage|p1a: Tangrowth|126\/291
|-start|p1a: Tangrowth|confusion
|-activate|p1a: Tangrowth|confusion
|move|p1a: Tangrowth|Leaf Storm|p2a: Machamp
|-damage|p2a: Machamp|37\/100
|-unboost|p1a: Tangrowth|spa|2
|
|-fieldend|move: Electric Terrain
|upkeep
|turn|24
|
|t:|1608620228
|switch|p1a: Chansey|Chansey, L82, F|544\/544
|move|p2a: Machamp|Dynamic Punch|p1a: Chansey
|-supereffective|p1a: Chansey
|-damage|p1a: Chansey|0 fnt
|faint|p1a: Chansey
|
|upkeep
|
|t:|1608620235
|switch|p1a: Tangrowth|Tangrowth, L80, F|223\/291
|turn|25
|
|t:|1608620237
|move|p2a: Machamp|Dynamic Punch|p1a: Tangrowth
|-damage|p1a: Tangrowth|72\/291
|-start|p1a: Tangrowth|confusion
|-activate|p1a: Tangrowth|confusion
|move|p1a: Tangrowth|Leaf Storm|p2a: Machamp
|-damage|p2a: Machamp|0 fnt
|-unboost|p1a: Tangrowth|spa|2
|faint|p2a: Machamp
|
|upkeep
|
|t:|1608620254
|switch|p2a: Heracross|Heracross-Mega, L82, F|51\/100
|-damage|p2a: Heracross|39\/100|[from] Stealth Rock
|turn|26
|
|t:|1608620258
|switch|p1a: Rhyperior|Rhyperior, L84, F|329\/330
|move|p2a: Heracross|Close Combat|p1a: Rhyperior
|-supereffective|p1a: Rhyperior
|-damage|p1a: Rhyperior|98\/330
|-unboost|p2a: Heracross|def|1
|-unboost|p2a: Heracross|spd|1
|
|-heal|p1a: Rhyperior|118\/330|[from] item: Leftovers
|upkeep
|turn|27
|
|t:|1608620269
|move|p2a: Heracross|Bullet Seed|p1a: Rhyperior
|-supereffective|p1a: Rhyperior
|-damage|p1a: Rhyperior|52\/330
|-supereffective|p1a: Rhyperior
|-damage|p1a: Rhyperior|0 fnt
|-hitcount|p1a: Rhyperior|2
|faint|p1a: Rhyperior
|
|upkeep
|
|t:|1608620276
|switch|p1a: Tangrowth|Tangrowth, L80, F|169\/291
|turn|28
|
|t:|1608620280
|move|p2a: Heracross|Close Combat|p1a: Tangrowth
|-damage|p1a: Tangrowth|10\/291
|-unboost|p2a: Heracross|def|1
|-unboost|p2a: Heracross|spd|1
|move|p1a: Tangrowth|Hidden Power|p2a: Heracross
|-supereffective|p2a: Heracross
|-damage|p2a: Heracross|0 fnt
|faint|p2a: Heracross
|
|upkeep
|
|t:|1608620284
|switch|p2a: Farfetch’d|Farfetch’d, L88, M|64\/100
|-damage|p2a: Farfetch’d|40\/100|[from] Stealth Rock
|turn|29
|c|☆inkbug1|god tht was close ggs :'D 
|
|t:|1608620293
|move|p2a: Farfetch’d|Brave Bird|p1a: Tangrowth
|-supereffective|p1a: Tangrowth
|-damage|p1a: Tangrowth|0 fnt
|-damage|p2a: Farfetch’d|38\/100|[from] Recoil
|faint|p1a: Tangrowth
|
|win|H2OPulse
|c|☆H2OPulse|Yeah :'D</script>
</div>
<div class="battle-log battle-log-inline"><div class="inner"><div class="battle-options"><div style="padding-top: 3px; padding-right: 3px; text-align: right"><button class="icon button" name="openBattleOptions" title="Options">Battle Options</button></div></div><div class="inner message-log"><div class="chat"><small>☆inkbug1 and ☆H2OPulse joined</small></div><div class=""><small>Format:</small> <br><strong>[Gen 8] M4A Random Battle</strong></div><div class=""><small><em>Dynamax Clause:</em> You cannot dynamax</small></div><div class=""><small><em>Species Clause:</em> Limit one of each Pokémon</small></div><div class=""><small><em>HP Percentage Mod:</em> HP is shown in percentages</small></div><div class=""><small><em>Sleep Clause Mod:</em> Limit one foe put to sleep</small></div><div class="spacer battle-history"><br></div><div class="battle-history">Battle started between inkbug1 and H2OPulse!<br></div><div class="spacer battle-history"><br></div><div class="battle-history">Go! <strong>Rhyperior</strong>!<br></div><div class="spacer battle-history"><br></div><div class="battle-history">H2OPulse sent out <strong>Linoone</strong>!<br></div><div class="spacer battle-history"><br></div><h2 class="battle-history">Turn 1</h2><div class="chat chatmessage-inkbug1 mine"><strong style="color:#e46e0f"><small>☆</small><span class="username" data-name="inkbug1">inkbug1</span>:</strong> <em>oh man i have 1 pokemon thats a mega i havent used yet and got excited</em></div><div class="chat chatmessage-inkbug1 mine"><strong style="color:#e46e0f"><small>☆</small><span class="username" data-name="inkbug1">inkbug1</span>:</strong> <em>but it is one i have used :'D </em></div><div class="chat chatmessage-h2opulse"><strong style="color:#6e8c2b"><small>☆</small><span class="username" data-name="H2OPulse">H2OPulse</span>:</strong> <em>Ooooo ni- oh fair</em></div><div class="spacer battle-history"><br></div><div class="battle-history">H2OPulse withdrew Linoone!<br></div><div class="battle-history">H2OPulse sent out <strong>Machamp</strong>!<br></div><div class="spacer battle-history"><br></div><div class="battle-history">Rhyperior used <strong>Stealth Rock</strong>!<br></div><div class="battle-history"><small>Pointed stones float in the air around the opposing team!</small><br></div><div class="spacer battle-history"><br></div><h2 class="battle-history">Turn 2</h2><div class="chat chatmessage-inkbug1 mine"><strong style="color:#e46e0f"><small>☆</small><span class="username" data-name="inkbug1">inkbug1</span>:</strong> <em>tfw you have a good switch-in but its not megad yet so it doesnt resist</em></div><div class="chat chatmessage-h2opulse"><strong style="color:#6e8c2b"><small>☆</small><span class="username" data-name="H2OPulse">H2OPulse</span>:</strong> <em>why is Machamp</em></div><div class="spacer battle-history"><br></div><div class="battle-history">Rhyperior, come back!<br></div><div class="battle-history">Go! <strong>Tangrowth</strong>!<br></div><div class="spacer battle-history"><br></div><div class="battle-history">The opposing Machamp used <strong>Knock Off</strong>!<br></div><div class="battle-history"><small>(Tangrowth lost <abbr title="−107/291">36.8%</abbr> of its health!)</small><br></div><div class="battle-history"><small>The opposing Machamp knocked off Tangrowth's Assault Vest!</small><br></div><div class="spacer battle-history"><br></div><h2 class="battle-history">Turn 3</h2><div class="spacer battle-history"><br></div><div class="battle-history">H2OPulse withdrew Machamp!<br></div><div class="battle-history">H2OPulse sent out Muk (<strong>Muk-Alola</strong>)!<br></div><div class="battle-history"><small>Pointed stones dug into the opposing Muk!</small><br></div><div class="spacer battle-history"><br></div><div class="battle-history">Tangrowth used <strong>Knock Off</strong>!<br></div><div class="battle-history"><small>It's not very effective...</small><br></div><div class="battle-history"><small>(The opposing Muk lost 11% of its health!)</small><br></div><div class="battle-history"><small>Tangrowth knocked off the opposing Muk's Choice Band!</small><br></div><div class="spacer battle-history"><br></div><h2 class="battle-history">Turn 4</h2><div class="chat chatmessage-inkbug1 mine"><strong style="color:#e46e0f"><small>☆</small><span class="username" data-name="inkbug1">inkbug1</span>:</strong> <em>why <i>is</i> machamp</em></div><div class="chat chatmessage-h2opulse"><strong style="color:#6e8c2b"><small>☆</small><span class="username" data-name="H2OPulse">H2OPulse</span>:</strong> <em>Oh what I was banded</em></div><div class="chat chatmessage-h2opulse"><strong style="color:#6e8c2b"><small>☆</small><span class="username" data-name="H2OPulse">H2OPulse</span>:</strong> <em>I didn't even notice fjjgkg I was gonna play this very badly</em></div><div class="chat chatmessage-inkbug1 mine"><strong style="color:#e46e0f"><small>☆</small><span class="username" data-name="inkbug1">inkbug1</span>:</strong> <em>fair,</em></div><div class="chat chatmessage-h2opulse"><strong style="color:#6e8c2b"><small>☆</small><span class="username" data-name="H2OPulse">H2OPulse</span>:</strong> <em>Thank you for the help :'D</em></div><div class="spacer battle-history"><br></div><div class="battle-history">Tangrowth, come back!<br></div><div class="battle-history">Go! <strong>Rhyperior</strong>!<br></div><div class="spacer battle-history"><br></div><div class="battle-history">The opposing Muk used <strong>Gunk Shot</strong>!<br></div><div class="battle-history"><small>It's not very effective...</small><br></div><div class="battle-history"><small>(Rhyperior lost <abbr title="−21/330">6.4%</abbr> of its health!)</small><br></div><div class="spacer battle-history"><br></div><div class="battle-history"><small>Rhyperior restored a little HP using its Leftovers!</small><br></div><div class="spacer battle-history"><br></div><h2 class="battle-history">Turn 5</h2><div class="chat chatmessage-h2opulse"><strong style="color:#6e8c2b"><small>☆</small><span class="username" data-name="H2OPulse">H2OPulse</span>:</strong> <em>Right I</em></div><div class="chat chatmessage-h2opulse"><strong style="color:#6e8c2b"><small>☆</small><span class="username" data-name="H2OPulse">H2OPulse</span>:</strong> <em>knew you had this</em></div><div class="spacer battle-history"><br></div><div class="battle-history">H2OPulse withdrew Muk!<br></div><div class="battle-history">H2OPulse sent out <strong>Farfetch’d</strong>!<br></div><div class="battle-history"><small>Pointed stones dug into the opposing Farfetch’d!</small><br></div><div class="spacer battle-history"><br></div><div class="battle-history">Rhyperior, come back!<br></div><div class="battle-history">Go! <strong>Boltund</strong>!<br></div><div class="spacer battle-history"><br></div><h2 class="battle-history">Turn 6</h2><div class="spacer battle-history"><br></div><div class="battle-history">H2OPulse withdrew Farfetch’d!<br></div><div class="battle-history">H2OPulse sent out Muk (<strong>Muk-Alola</strong>)!<br></div><div class="battle-history"><small>Pointed stones dug into the opposing Muk!</small><br></div><div class="spacer battle-history"><br></div><div class="battle-history"><small>Boltund's Boltundite is reacting to the Key Stone!</small><br>Boltund has Mega Evolved into Mega Boltund!<br></div><div class="chat"><ul class="utilichart"><li class="result"><span class="col pokemonnamecol" style="white-space: nowrap">Boltund-Mega</span> <span class="col typecol"><img src="https://play.pokemonshowdown.com/sprites/types/Electric.png" alt="Electric" height="14" width="32"><img src="https://play.pokemonshowdown.com/sprites/types/Fairy.png" alt="Fairy" height="14" width="32"></span> <span style="float: left ; min-height: 26px"><span class="col abilitycol">Adrenaline</span><span class="col abilitycol"></span></span><span style="float: left ; min-height: 26px"><span class="col statcol"><em>HP</em><br>69</span> <span class="col statcol"><em>Atk</em><br>140</span> <span class="col statcol"><em>Def</em><br>60</span> <span class="col statcol"><em>SpA</em><br>115</span> <span class="col statcol"><em>SpD</em><br>60</span> <span class="col statcol"><em>Spe</em><br>146</span> </span></li><li style="clear: both"></li></ul></div><div class="spacer battle-history"><br></div><div class="battle-history">Boltund used <strong>Thunder Fang</strong>!<br></div><div class="battle-history"><small>(The opposing Muk lost 37% of its health!)</small><br></div><div class="spacer battle-history"><br></div><h2 class="battle-history">Turn 7</h2><div class="spacer battle-history"><br></div><div class="battle-history">Boltund used <strong>Play Rough</strong>!<br></div><div class="battle-history"><small>(The opposing Muk lost 27% of its health!)</small><br></div><div class="spacer battle-history"><br></div><div class="battle-history">The opposing Muk fainted!<br></div><div class="battle-history"><small>Boltund concentrated intensely!</small><br></div><div class="spacer battle-history"><br></div><div class="battle-history">H2OPulse sent out <strong>Linoone</strong>!<br></div><div class="battle-history"><small>Pointed stones dug into the opposing Linoone!</small><br></div><div class="spacer battle-history"><br></div><h2 class="battle-history">Turn 8</h2><div class="chat chatmessage-h2opulse"><strong style="color:#6e8c2b"><small>☆</small><span class="username" data-name="H2OPulse">H2OPulse</span>:</strong> <em>So I lose now</em></div><div class="chat"><ul class="utilichart"><li class="result"><span class="col movenamecol"><a href="https://dex.pokemonshowdown.com/moves/laserfocus" target="_blank" rel="noopener">Laser Focus</a></span> <span class="col typecol"><img src="//play.pokemonshowdown.com/sprites/types/Normal.png" alt="Normal" width="32" height="14"><img src="//play.pokemonshowdown.com/sprites/categories/Status.png" alt="Status" width="32" height="14"></span> <span class="col widelabelcol"><em>Accuracy</em><br>—</span> <span class="col pplabelcol"><em>PP</em><br>48</span> <span class="col movedesccol">Until the end of the next turn, user's moves crit.</span> </li><li style="clear: both"></li></ul></div><div class="chat"><font size="1"><font color="#686868">Priority:</font> 0&nbsp;|  <font color="#686868">Gen:</font> 7&nbsp;|  <font color="#686868">Z-Effect:</font>  Attack +1&nbsp;|  <font color="#686868">Target:</font> User</font></div><div class="chat chatmessage-inkbug1 mine"><strong style="color:#e46e0f"><small>☆</small><span class="username" data-name="inkbug1">inkbug1</span>:</strong> <em>jahsgdasd</em></div><div class="spacer battle-history"><br></div><div class="battle-history">Boltund used <strong>Thunder Fang</strong>!<br></div><div class="battle-history"><small>A critical hit!</small><br></div><div class="battle-history"><small>(The opposing Linoone lost 75% of its health!)</small><br></div><div class="battle-history"><small>(The opposing Linoone ate its Mago Berry!)</small><br></div><div class="battle-history"><small>The opposing Linoone restored HP using its Mago Berry!</small><br></div><div class="spacer battle-history"><br></div><div class="battle-history">The opposing Linoone used <strong>Stomping Tantrum</strong>!<br></div><div class="battle-history"><small>It's super effective!</small><br></div><div class="battle-history"><small>(Boltund lost <abbr title="−102/265">38.5%</abbr> of its health!)</small><br></div><div class="spacer battle-history"><br></div><h2 class="battle-history">Turn 9</h2><div class="chat chatmessage-inkbug1 mine"><strong style="color:#e46e0f"><small>☆</small><span class="username" data-name="inkbug1">inkbug1</span>:</strong> <em>yo it lived! </em></div><div class="spacer battle-history"><br></div><div class="battle-history">The opposing Linoone used <strong>Extreme Speed</strong>!<br></div><div class="battle-history"><small>(Boltund lost <abbr title="−91/265">34.3%</abbr> of its health!)</small><br></div><div class="spacer battle-history"><br></div><div class="battle-history">Boltund used <strong>Bulk Up</strong>!<br></div><div class="battle-history"><small>Boltund's Attack rose!</small><br></div><div class="battle-history"><small>Boltund's Defense rose!</small><br></div><div class="spacer battle-history"><br></div><h2 class="battle-history">Turn 10</h2><div class="spacer battle-history"><br></div><div class="battle-history">The opposing Linoone used <strong>Extreme Speed</strong>!<br></div><div class="battle-history"><small>(Boltund lost <abbr title="−61/265">23.0%</abbr> of its health!)</small><br></div><div class="spacer battle-history"><br></div><div class="battle-history">Boltund used <strong>Play Rough</strong>!<br></div><div class="battle-history"><small>A critical hit!</small><br></div><div class="battle-history"><small>(The opposing Linoone lost 46% of its health!)</small><br></div><div class="spacer battle-history"><br></div><div class="battle-history">The opposing Linoone fainted!<br></div><div class="battle-history"><small>Boltund concentrated intensely!</small><br></div><div class="chat chatmessage-inkbug1 mine"><strong style="color:#e46e0f"><small>☆</small><span class="username" data-name="inkbug1">inkbug1</span>:</strong> <em>why </em></div><div class="chat chatmessage-inkbug1 mine"><strong style="color:#e46e0f"><small>☆</small><span class="username" data-name="inkbug1">inkbug1</span>:</strong> <em>why did you crit that</em></div><div class="spacer battle-history"><br></div><div class="battle-history">H2OPulse sent out <strong>Machamp</strong>!<br></div><div class="battle-history"><small>Pointed stones dug into the opposing Machamp!</small><br></div><div class="spacer battle-history"><br></div><h2 class="battle-history">Turn 11</h2><div class="chat chatmessage-inkbug1 mine"><strong style="color:#e46e0f"><small>☆</small><span class="username" data-name="inkbug1">inkbug1</span>:</strong> <em>you did not need to</em></div><div class="spacer battle-history"><br></div><div class="battle-history">The opposing Machamp used <strong>Bullet Punch</strong>!<br></div><div class="battle-history"><small>(Boltund lost <abbr title="−11/265">4.2%</abbr> of its health!)</small><br></div><div class="spacer battle-history"><br></div><div class="battle-history">Boltund fainted!<br></div><div class="chat chatmessage-inkbug1 mine"><strong style="color:#e46e0f"><small>☆</small><span class="username" data-name="inkbug1">inkbug1</span>:</strong> <em>ok fair</em></div><div class="chat chatmessage-inkbug1 mine"><strong style="color:#e46e0f"><small>☆</small><span class="username" data-name="inkbug1">inkbug1</span>:</strong> <em>i definitely couldve played that better haha</em></div><div class="spacer battle-history"><br></div><div class="battle-history">Go! <strong>Samurott</strong>!<br></div><div class="spacer battle-history"><br></div><h2 class="battle-history">Turn 12</h2><div class="spacer battle-history"><br></div><div class="battle-history">H2OPulse withdrew Machamp!<br></div><div class="battle-history">H2OPulse sent out <strong>Heracross</strong>!<br></div><div class="battle-history"><small>Pointed stones dug into the opposing Heracross!</small><br></div><div class="spacer battle-history"><br></div><div class="battle-history">Samurott used <strong>Swords Dance</strong>!<br></div><div class="battle-history"><small>Samurott's Attack rose sharply!</small><br></div><div class="spacer battle-history"><br></div><h2 class="battle-history">Turn 13</h2><div class="spacer battle-history"><br></div><div class="battle-history"><small>The opposing Heracross's Heracronite is reacting to the Key Stone!</small><br>The opposing Heracross has Mega Evolved into Mega Heracross!<br></div><div class="chat"><ul class="utilichart"><li class="result"><span class="col pokemonnamecol" style="white-space: nowrap">Heracross-Mega</span> <span class="col typecol"><img src="https://play.pokemonshowdown.com/sprites/types/Bug.png" alt="Bug" height="14" width="32"><img src="https://play.pokemonshowdown.com/sprites/types/Fighting.png" alt="Fighting" height="14" width="32"></span> <span style="float: left ; min-height: 26px"><span class="col abilitycol">Skill Link</span><span class="col abilitycol"></span></span><span style="float: left ; min-height: 26px"><span class="col statcol"><em>HP</em><br>80</span> <span class="col statcol"><em>Atk</em><br>185</span> <span class="col statcol"><em>Def</em><br>115</span> <span class="col statcol"><em>SpA</em><br>40</span> <span class="col statcol"><em>SpD</em><br>105</span> <span class="col statcol"><em>Spe</em><br>75</span> </span></li><li style="clear: both"></li></ul></div><div class="spacer battle-history"><br></div><div class="battle-history">Samurott used <strong>Aqua Jet</strong>!<br></div><div class="battle-history"><small>(The opposing Heracross lost 37% of its health!)</small><br></div><div class="battle-history"><small>Samurott lost some of its HP!</small><br></div><div class="spacer battle-history"><br></div><div class="battle-history">The opposing Heracross used <strong>Bullet Seed</strong>!<br></div><div class="battle-history"><small>It's super effective!</small><br></div><div class="battle-history"><small>(Samurott lost <abbr title="−54/304">17.8%</abbr> of its health!)</small><br></div><div class="battle-history"><small>It's super effective!</small><br></div><div class="battle-history"><small>(Samurott lost <abbr title="−56/304">18.4%</abbr> of its health!)</small><br></div><div class="battle-history"><small>It's super effective!</small><br></div><div class="battle-history"><small>(Samurott lost <abbr title="−60/304">19.7%</abbr> of its health!)</small><br></div><div class="battle-history"><small>It's super effective!</small><br></div><div class="battle-history"><small>(Samurott lost <abbr title="−62/304">20.4%</abbr> of its health!)</small><br></div><div class="battle-history"><small>It's super effective!</small><br></div><div class="battle-history"><small>(Samurott lost <abbr title="−42/304">13.8%</abbr> of its health!)</small><br></div><div class="battle-history"><small>The Pokémon was hit 5 times!</small><br></div><div class="spacer battle-history"><br></div><div class="battle-history">Samurott fainted!<br></div><div class="chat chatmessage-inkbug1 mine"><strong style="color:#e46e0f"><small>☆</small><span class="username" data-name="inkbug1">inkbug1</span>:</strong> <em>god i fear this thing</em></div><div class="spacer battle-history"><br></div><div class="battle-history">Go! <strong>Tangrowth</strong>!<br></div><div class="spacer battle-history"><br></div><h2 class="battle-history">Turn 14</h2><div class="spacer battle-history"><br></div><div class="battle-history">H2OPulse withdrew Heracross!<br></div><div class="battle-history">H2OPulse sent out <strong>Farfetch’d</strong>!<br></div><div class="battle-history"><small>Pointed stones dug into the opposing Farfetch’d!</small><br></div><div class="spacer battle-history"><br></div><div class="battle-history">Tangrowth used <strong>Hidden Power</strong>!<br></div><div class="battle-history"><small>(The opposing Farfetch’d lost 22% of its health!)</small><br></div><div class="spacer battle-history"><br></div><h2 class="battle-history">Turn 15</h2><div class="spacer battle-history"><br></div><div class="battle-history">The opposing Farfetch’d used <strong>Roost</strong>!<br></div><div class="battle-history"><small>The opposing Farfetch’d had its HP restored.</small><br></div><div class="battle-history"><small>(The opposing Farfetch’d loses Flying type this turn.)</small><br></div><div class="spacer battle-history"><br></div><div class="battle-history">Tangrowth used <strong>Knock Off</strong>!<br></div><div class="battle-history"><small>(The opposing Farfetch’d lost 36% of its health!)</small><br></div><div class="battle-history"><small>Tangrowth knocked off the opposing Farfetch’d's Leek!</small><br></div><div class="spacer battle-history"><br></div><h2 class="battle-history">Turn 16</h2><div class="chat chatmessage-inkbug1 mine"><strong style="color:#e46e0f"><small>☆</small><span class="username" data-name="inkbug1">inkbug1</span>:</strong> <em>no sticks</em></div><div class="spacer battle-history"><br></div><div class="battle-history">Tangrowth, come back!<br></div><div class="battle-history">Go! <strong>Cradily</strong>!<br></div><div class="spacer battle-history"><br></div><div class="battle-history">The opposing Farfetch’d used <strong>Roost</strong>!<br></div><div class="battle-history"><small>The opposing Farfetch’d had its HP restored.</small><br></div><div class="battle-history"><small>(The opposing Farfetch’d loses Flying type this turn.)</small><br></div><div class="spacer battle-history"><br></div><h2 class="battle-history">Turn 17</h2><div class="spacer battle-history"><br></div><div class="battle-history">The opposing Farfetch’d used <strong>Brave Bird</strong>!<br></div><div class="battle-history"><small>(Cradily lost <abbr title="−121/295">41.0%</abbr> of its health!)</small><br></div><div class="battle-history"><small>The opposing Farfetch’d was damaged by the recoil!</small><br></div><div class="spacer battle-history"><br></div><div class="battle-history">Cradily used <strong>Curse</strong>!<br></div><div class="battle-history"><small>Cradily's Speed fell!</small><br></div><div class="battle-history"><small>Cradily's Attack rose!</small><br></div><div class="battle-history"><small>Cradily's Defense rose!</small><br></div><div class="spacer battle-history"><br></div><div class="battle-history"><small>Cradily restored a little HP using its Leftovers!</small><br></div><div class="spacer battle-history"><br></div><h2 class="battle-history">Turn 18</h2><div class="spacer battle-history"><br></div><div class="battle-history">The opposing Farfetch’d used <strong>Brave Bird</strong>!<br></div><div class="battle-history"><small>(Cradily lost <abbr title="−84/295">28.5%</abbr> of its health!)</small><br></div><div class="battle-history"><small>The opposing Farfetch’d was damaged by the recoil!</small><br></div><div class="spacer battle-history"><br></div><div class="battle-history">Cradily used <strong>Recover</strong>!<br></div><div class="battle-history"><small>Cradily had its HP restored.</small><br></div><div class="spacer battle-history"><br></div><div class="battle-history"><small>Cradily restored a little HP using its Leftovers!</small><br></div><div class="spacer battle-history"><br></div><h2 class="battle-history">Turn 19</h2><div class="spacer battle-history"><br></div><div class="battle-history">H2OPulse withdrew Farfetch’d!<br></div><div class="battle-history">H2OPulse sent out <strong>Tapu Koko</strong>!<br></div><div class="battle-history"><small>Pointed stones dug into the opposing Tapu Koko!</small><br></div><div class="battle-history">[The opposing Tapu Koko's Electric Surge]<br><small>An electric current ran across the battlefield!</small><br></div><div class="spacer battle-history"><br></div><div class="battle-history">Cradily used <strong>Curse</strong>!<br></div><div class="battle-history"><small>Cradily's Speed fell!</small><br></div><div class="battle-history"><small>Cradily's Attack rose!</small><br></div><div class="battle-history"><small>Cradily's Defense rose!</small><br></div><div class="spacer battle-history"><br></div><div class="battle-history"><small>Cradily restored a little HP using its Leftovers!</small><br></div><div class="spacer battle-history"><br></div><h2 class="battle-history">Turn 20</h2><div class="spacer battle-history"><br></div><div class="battle-history">The opposing Tapu Koko used <strong>Nature's Madness</strong>!<br></div><div class="battle-history"><small>(Cradily lost <abbr title="−146/295">49.5%</abbr> of its health!)</small><br></div><div class="spacer battle-history"><br></div><div class="battle-history">Cradily used <strong>Rock Slide</strong>!<br></div><div class="battle-history"><small>(The opposing Tapu Koko lost 62% of its health!)</small><br></div><div class="spacer battle-history"><br></div><div class="battle-history"><small>Cradily restored a little HP using its Leftovers!</small><br></div><div class="spacer battle-history"><br></div><h2 class="battle-history">Turn 21</h2><div class="spacer battle-history"><br></div><div class="battle-history"><small>The opposing Tapu Koko surrounded itself with its Z-Power!</small><br></div><div class="spacer battle-history"><br></div><div class="battle-history"><small>The opposing Tapu Koko unleashes its full-force Z-Move!</small><br>The opposing Tapu Koko used <strong>Gigavolt Havoc</strong>!<br></div><div class="battle-history"><small>It's not very effective...</small><br></div><div class="battle-history"><small>(Cradily lost <abbr title="−92/295">31.2%</abbr> of its health!)</small><br></div><div class="spacer battle-history"><br></div><div class="battle-history">Cradily used <strong>Rock Slide</strong>!<br></div><div class="battle-history"><small>(The opposing Tapu Koko lost 26% of its health!)</small><br></div><div class="spacer battle-history"><br></div><div class="battle-history">The opposing Tapu Koko fainted!<br></div><div class="spacer battle-history"><br></div><div class="battle-history"><small>Cradily restored a little HP using its Leftovers!</small><br></div><div class="chat chatmessage-h2opulse"><strong style="color:#6e8c2b"><small>☆</small><span class="username" data-name="H2OPulse">H2OPulse</span>:</strong> <em>Okay</em></div><div class="spacer battle-history"><br></div><div class="battle-history">H2OPulse sent out <strong>Machamp</strong>!<br></div><div class="battle-history"><small>Pointed stones dug into the opposing Machamp!</small><br></div><div class="spacer battle-history"><br></div><h2 class="battle-history">Turn 22</h2><div class="chat chatmessage-inkbug1 mine"><strong style="color:#e46e0f"><small>☆</small><span class="username" data-name="inkbug1">inkbug1</span>:</strong> <em>god u rolled all phys huh</em></div><div class="chat chatmessage-inkbug1 mine"><strong style="color:#e46e0f"><small>☆</small><span class="username" data-name="inkbug1">inkbug1</span>:</strong> <em>i have a fukcin chansey and its just useless</em></div><div class="spacer battle-history"><br></div><div class="battle-history">The opposing Machamp used <strong>Dynamic Punch</strong>!<br></div><div class="battle-history"><small>It's super effective!</small><br></div><div class="battle-history"><small>(Cradily lost <abbr title="−90/295">30.5%</abbr> of its health!)</small><br></div><div class="spacer battle-history"><br></div><div class="battle-history">Cradily fainted!<br></div><div class="spacer battle-history"><br></div><div class="battle-history">Go! <strong>Tangrowth</strong>!<br></div><div class="spacer battle-history"><br></div><h2 class="battle-history">Turn 23</h2><div class="spacer battle-history"><br></div><div class="battle-history">The opposing Machamp used <strong>Dynamic Punch</strong>!<br></div><div class="battle-history"><small>(Tangrowth lost <abbr title="−165/291">56.7%</abbr> of its health!)</small><br></div><div class="battle-history"><small>Tangrowth became confused!</small><br></div><div class="spacer battle-history"><br></div><div class="battle-history"><small>Tangrowth is confused!</small><br></div><div class="battle-history">Tangrowth used <strong>Leaf Storm</strong>!<br></div><div class="battle-history"><small>(The opposing Machamp lost 51% of its health!)</small><br></div><div class="battle-history"><small>Tangrowth's Sp. Atk fell harshly!</small><br></div><div class="spacer battle-history"><br></div><div class="battle-history"><small>The electricity disappeared from the battlefield.</small><br></div><div class="spacer battle-history"><br></div><h2 class="battle-history">Turn 24</h2><div class="spacer battle-history"><br></div><div class="battle-history">Tangrowth, come back!<br></div><div class="battle-history">Go! <strong>Chansey</strong>!<br></div><div class="spacer battle-history"><br></div><div class="battle-history">The opposing Machamp used <strong>Dynamic Punch</strong>!<br></div><div class="battle-history"><small>It's super effective!</small><br></div><div class="battle-history"><small>(Chansey lost <abbr title="−544/544">100%</abbr> of its health!)</small><br></div><div class="spacer battle-history"><br></div><div class="battle-history">Chansey fainted!<br></div><div class="spacer battle-history"><br></div><div class="battle-history">Go! <strong>Tangrowth</strong>!<br></div><div class="spacer battle-history"><br></div><h2 class="battle-history">Turn 25</h2><div class="spacer battle-history"><br></div><div class="battle-history">The opposing Machamp used <strong>Dynamic Punch</strong>!<br></div><div class="battle-history"><small>(Tangrowth lost <abbr title="−151/291">51.9%</abbr> of its health!)</small><br></div><div class="battle-history"><small>Tangrowth became confused!</small><br></div><div class="spacer battle-history"><br></div><div class="battle-history"><small>Tangrowth is confused!</small><br></div><div class="battle-history">Tangrowth used <strong>Leaf Storm</strong>!<br></div><div class="battle-history"><small>(The opposing Machamp lost 37% of its health!)</small><br></div><div class="battle-history"><small>Tangrowth's Sp. Atk fell harshly!</small><br></div><div class="spacer battle-history"><br></div><div class="battle-history">The opposing Machamp fainted!<br></div><div class="spacer battle-history"><br></div><div class="battle-history">H2OPulse sent out Heracross (<strong>Heracross-Mega</strong>)!<br></div><div class="battle-history"><small>Pointed stones dug into the opposing Heracross!</small><br></div><div class="spacer battle-history"><br></div><h2 class="battle-history">Turn 26</h2><div class="spacer battle-history"><br></div><div class="battle-history">Tangrowth, come back!<br></div><div class="battle-history">Go! <strong>Rhyperior</strong>!<br></div><div class="spacer battle-history"><br></div><div class="battle-history">The opposing Heracross used <strong>Close Combat</strong>!<br></div><div class="battle-history"><small>It's super effective!</small><br></div><div class="battle-history"><small>(Rhyperior lost <abbr title="−231/330">70%</abbr> of its health!)</small><br></div><div class="battle-history"><small>The opposing Heracross's Defense fell!</small><br></div><div class="battle-history"><small>The opposing Heracross's Sp. Def fell!</small><br></div><div class="spacer battle-history"><br></div><div class="battle-history"><small>Rhyperior restored a little HP using its Leftovers!</small><br></div><div class="spacer battle-history"><br></div><h2 class="battle-history">Turn 27</h2><div class="spacer battle-history"><br></div><div class="battle-history">The opposing Heracross used <strong>Bullet Seed</strong>!<br></div><div class="battle-history"><small>It's super effective!</small><br></div><div class="battle-history"><small>(Rhyperior lost <abbr title="−66/330">20%</abbr> of its health!)</small><br></div><div class="battle-history"><small>It's super effective!</small><br></div><div class="battle-history"><small>(Rhyperior lost <abbr title="−52/330">15.8%</abbr> of its health!)</small><br></div><div class="battle-history"><small>The Pokémon was hit 2 times!</small><br></div><div class="spacer battle-history"><br></div><div class="battle-history">Rhyperior fainted!<br></div><div class="spacer battle-history"><br></div><div class="battle-history">Go! <strong>Tangrowth</strong>!<br></div><div class="spacer battle-history"><br></div><h2 class="battle-history">Turn 28</h2><div class="spacer battle-history"><br></div><div class="battle-history">The opposing Heracross used <strong>Close Combat</strong>!<br></div><div class="battle-history"><small>(Tangrowth lost <abbr title="−159/291">54.6%</abbr> of its health!)</small><br></div><div class="battle-history"><small>The opposing Heracross's Defense fell!</small><br></div><div class="battle-history"><small>The opposing Heracross's Sp. Def fell!</small><br></div><div class="spacer battle-history"><br></div><div class="battle-history">Tangrowth used <strong>Hidden Power</strong>!<br></div><div class="battle-history"><small>It's super effective!</small><br></div><div class="battle-history"><small>(The opposing Heracross lost 39% of its health!)</small><br></div><div class="spacer battle-history"><br></div><div class="battle-history">The opposing Heracross fainted!<br></div><div class="spacer battle-history"><br></div><div class="battle-history">H2OPulse sent out <strong>Farfetch’d</strong>!<br></div><div class="battle-history"><small>Pointed stones dug into the opposing Farfetch’d!</small><br></div><div class="spacer battle-history"><br></div><h2 class="battle-history">Turn 29</h2><div class="chat chatmessage-inkbug1 mine"><strong style="color:#e46e0f"><small>☆</small><span class="username" data-name="inkbug1">inkbug1</span>:</strong> <em>god tht was close ggs :'D </em></div><div class="spacer battle-history"><br></div><div class="battle-history">The opposing Farfetch’d used <strong>Brave Bird</strong>!<br></div><div class="battle-history"><small>It's super effective!</small><br></div><div class="battle-history"><small>(Tangrowth lost <abbr title="−10/291">3.4%</abbr> of its health!)</small><br></div><div class="battle-history"><small>The opposing Farfetch’d was damaged by the recoil!</small><br></div><div class="spacer battle-history"><br></div><div class="battle-history">Tangrowth fainted!<br></div><div class="spacer battle-history"><br></div><div class="battle-history"><strong>H2OPulse</strong> won the battle!<br></div><div class="chat chatmessage-h2opulse"><strong style="color:#6e8c2b"><small>☆</small><span class="username" data-name="H2OPulse">H2OPulse</span>:</strong> <em>Yeah :'D</em></div></div><div class="inner-preempt message-log"></div></div></div>
</div>
<script>
let daily = Math.floor(Date.now()/1000/60/60/24);document.write('<script src="https://play.pokemonshowdown.com/js/replay-embed.js?version'+daily+'"></'+'script>');
</script>
