<!DOCTYPE html>
<meta charset="utf-8" />
<!-- version 1 -->
<title>[Gen 8] Megas for All replay: BlaueBrause vs. pupugugu</title>
<style>
html,body {font-family:Verdana, sans-serif;font-size:10pt;margin:0;padding:0;}body{padding:12px 0;} .battle-log {font-family:Verdana, sans-serif;font-size:10pt;} .battle-log-inline {border:1px solid #AAAAAA;background:#EEF2F5;color:black;max-width:640px;margin:0 auto 80px;padding-bottom:5px;} .battle-log .inner {padding:4px 8px 0px 8px;} .battle-log .inner-preempt {padding:0 8px 4px 8px;} .battle-log .inner-after {margin-top:0.5em;} .battle-log h2 {margin:0.5em -8px;padding:4px 8px;border:1px solid #AAAAAA;background:#E0E7EA;border-left:0;border-right:0;font-family:Verdana, sans-serif;font-size:13pt;} .battle-log .chat {vertical-align:middle;padding:3px 0 3px 0;font-size:8pt;} .battle-log .chat strong {color:#40576A;} .battle-log .chat em {padding:1px 4px 1px 3px;color:#000000;font-style:normal;} .chat.mine {background:rgba(0,0,0,0.05);margin-left:-8px;margin-right:-8px;padding-left:8px;padding-right:8px;} .spoiler {color:#BBBBBB;background:#BBBBBB;padding:0px 3px;} .spoiler:hover, .spoiler:active, .spoiler-shown {color:#000000;background:#E2E2E2;padding:0px 3px;} .spoiler a {color:#BBBBBB;} .spoiler:hover a, .spoiler:active a, .spoiler-shown a {color:#2288CC;} .chat code, .chat .spoiler:hover code, .chat .spoiler:active code, .chat .spoiler-shown code {border:1px solid #C0C0C0;background:#EEEEEE;color:black;padding:0 2px;} .chat .spoiler code {border:1px solid #CCCCCC;background:#CCCCCC;color:#CCCCCC;} .battle-log .rated {padding:3px 4px;} .battle-log .rated strong {color:white;background:#89A;padding:1px 4px;border-radius:4px;} .spacer {margin-top:0.5em;} .message-announce {background:#6688AA;color:white;padding:1px 4px 2px;} .message-announce a, .broadcast-green a, .broadcast-blue a, .broadcast-red a {color:#DDEEFF;} .broadcast-green {background-color:#559955;color:white;padding:2px 4px;} .broadcast-blue {background-color:#6688AA;color:white;padding:2px 4px;} .infobox {border:1px solid #6688AA;padding:2px 4px;} .infobox-limited {max-height:200px;overflow:auto;overflow-x:hidden;} .broadcast-red {background-color:#AA5544;color:white;padding:2px 4px;} .message-learn-canlearn {font-weight:bold;color:#228822;text-decoration:underline;} .message-learn-cannotlearn {font-weight:bold;color:#CC2222;text-decoration:underline;} .message-effect-weak {font-weight:bold;color:#CC2222;} .message-effect-resist {font-weight:bold;color:#6688AA;} .message-effect-immune {font-weight:bold;color:#666666;} .message-learn-list {margin-top:0;margin-bottom:0;} .message-throttle-notice, .message-error {color:#992222;} .message-overflow, .chat small.message-overflow {font-size:0pt;} .message-overflow::before {font-size:9pt;content:'...';} .subtle {color:#3A4A66;}
</style>
<div class="wrapper replay-wrapper" style="max-width:1180px;margin:0 auto">
<input type="hidden" name="replayid" value="dragonheaven-gen8megasforall-1351" />
<div class="battle"></div><div class="battle-log"></div><div class="replay-controls"></div><div class="replay-controls-2"></div>
<h1 style="font-weight:normal;text-align:center"><strong>[Gen 8] Megas for All</strong><br /><a href="http://pokemonshowdown.com/users/blauebrause" class="subtle" target="_blank">BlaueBrause</a> vs. <a href="http://pokemonshowdown.com/users/pupugugu" class="subtle" target="_blank">pupugugu</a></h1>
<script type="text/plain" class="battle-log-data">|j|☆BlaueBrause

|j|☆pupugugu
|t:|1611440768
|player|p1|BlaueBrause|psychic|
|player|p2|pupugugu|acetrainerf|
|teamsize|p1|6
|teamsize|p2|6
|gametype|singles
|gen|8
|tier|[Gen 8] Megas for All
|clearpoke
|poke|p1|Toxtricity-Low-Key, M|
|poke|p1|Corviknight, F|
|poke|p1|Slowking, F|
|poke|p1|Tyranitar, F|
|poke|p1|Kartana|
|poke|p1|Garchomp, M|
|poke|p2|Indeedee, M|
|poke|p2|Garchomp, F|
|poke|p2|Hydreigon, F|
|poke|p2|Chandelure, M|
|poke|p2|Tangrowth, M|
|poke|p2|Azumarill, M|
|rule|HP Percentage Mod: HP is shown in percentages
|rule|Endless Battle Clause: Forcing endless battles is banned
|rule|OHKO Clause: OHKO moves are banned
|rule|Evasion Moves Clause: Evasion moves are banned
|rule|Species Clause: Limit one of each Pokémon
|rule|Dynamax Clause: You cannot dynamax
|rule|Sleep Clause Mod: Limit one foe put to sleep
|rule|Freeze Clause Mod: Limit one foe frozen
|raw|<img src="https:\/\/www.smogon.com\/forums\/attachments\/banner_2-png.302358\/" height="65" width="381">
|-message|Welcome to Megas for All!
|-message|This is a National Dex-based format where we aim to give a new Mega Evolution to every Pokémon.
|-message|Just like any official format, you can still only Mega Evolve one Pokémon per team!
|-message|You can find our thread and metagame resources here:
|-message|https:\/\/www.smogon.com\/forums\/threads\/3671140\/
|teampreview
|c|☆pupugugu|Glhf!
|c|☆BlaueBrause|glhf!
|
|t:|1611440788
|start
|switch|p1a: Fidelis|Corviknight, F|400\/400
|switch|p2a: Garchomp|Garchomp, F|100\/100
|-ability|p1a: Fidelis|Pressure
|turn|1
|
|t:|1611440807
|move|p2a: Garchomp|Swords Dance|p2a: Garchomp
|-boost|p2a: Garchomp|atk|2
|move|p1a: Fidelis|Brave Bird|p2a: Garchomp
|-damage|p2a: Garchomp|67\/100
|-damage|p1a: Fidelis|350\/400|[from] ability: Rough Skin|[of] p2a: Garchomp
|-damage|p1a: Fidelis|310\/400|[from] Recoil
|
|-heal|p1a: Fidelis|335\/400|[from] item: Leftovers
|upkeep
|turn|2
|
|t:|1611440821
|switch|p1a: Rawr|Tyranitar, F|391\/391
|-weather|Sandstorm|[from] ability: Sand Stream|[of] p1a: Rawr
|-zpower|p2a: Garchomp
|move|p2a: Garchomp|Continental Crush|p1a: Rawr|[zeffect]
|-damage|p1a: Rawr|12\/391
|
|-weather|Sandstorm|[upkeep]
|upkeep
|turn|3
|
|t:|1611440839
|switch|p1a: Fidelis|Corviknight, F|335\/400
|-ability|p1a: Fidelis|Pressure
|move|p2a: Garchomp|Earthquake|p1a: Fidelis
|-immune|p1a: Fidelis
|
|-weather|Sandstorm|[upkeep]
|-heal|p1a: Fidelis|360\/400|[from] item: Leftovers
|upkeep
|turn|4
|j| ViZarPKMN
|
|t:|1611440894
|move|p2a: Garchomp|Stone Edge|p1a: Fidelis
|-damage|p1a: Fidelis|183\/400
|move|p1a: Fidelis|U-turn|p2a: Garchomp
|-damage|p2a: Garchomp|53\/100
|-damage|p1a: Fidelis|133\/400|[from] ability: Rough Skin|[of] p2a: Garchomp
|
|t:|1611440903
|switch|p1a: Divine Blades|Kartana|259\/259
|
|-weather|Sandstorm|[upkeep]
|upkeep
|turn|5
|
|t:|1611440909
|switch|p2a: Tangrowth|Tangrowth, M|100\/100
|move|p1a: Divine Blades|Leaf Blade|p2a: Tangrowth
|-resisted|p2a: Tangrowth
|-damage|p2a: Tangrowth|83\/100
|-damage|p1a: Divine Blades|216\/259|[from] item: Rocky Helmet|[of] p2a: Tangrowth
|
|-weather|Sandstorm|[upkeep]
|-damage|p2a: Tangrowth|76\/100|[from] Sandstorm
|upkeep
|turn|6
|
|t:|1611440923
|switch|p1a: Toxtricroak?|Toxtricity-Low-Key, M|354\/354
|move|p2a: Tangrowth|Knock Off|p1a: Toxtricroak?
|-damage|p1a: Toxtricroak?|286\/354
|
|-weather|none
|upkeep
|turn|7
|
|t:|1611440932
|switch|p2a: Indeedee|Indeedee, M|100\/100
|-fieldstart|move: Psychic Terrain|[from] ability: Psychic Surge|[of] p2a: Indeedee
|detailschange|p1a: Toxtricroak?|Toxtricity-Low-Key-Mega, M
|-mega|p1a: Toxtricroak?|Toxtricity|Toxtricitite
|-status|p2a: Indeedee|psn|[from] ability: Acid Rock|[of] p1a: Toxtricroak?
|-start|p1a: Toxtricroak?|typechange|Electric\/Poison|[silent]
|raw|<ul class="utilichart"><li class="result"><span class="col pokemonnamecol" style="white-space: nowrap">Toxtricity-Low-Key-Mega<\/span> <span class="col typecol"><img src="https:\/\/play.pokemonshowdown.com\/sprites\/types\/Electric.png" alt="Electric" height="14" width="32"><img src="https:\/\/play.pokemonshowdown.com\/sprites\/types\/Poison.png" alt="Poison" height="14" width="32"><\/span> <span style="float: left ; min-height: 26px"><span class="col abilitycol">Acid Rock<\/span><span class="col abilitycol"><\/span><\/span><span style="float: left ; min-height: 26px"><span class="col statcol"><em>HP<\/em><br>75<\/span> <span class="col statcol"><em>Atk<\/em><br>98<\/span> <span class="col statcol"><em>Def<\/em><br>100<\/span> <span class="col statcol"><em>SpA<\/em><br>114<\/span> <span class="col statcol"><em>SpD<\/em><br>140<\/span> <span class="col statcol"><em>Spe<\/em><br>75<\/span> <\/span><\/li><li style="clear: both"><\/li><\/ul>
|move|p1a: Toxtricroak?|Volt Switch|p2a: Indeedee
|-damage|p2a: Indeedee|63\/100 psn
|
|t:|1611440945
|switch|p1a: Divine Blades|Kartana|216\/259
|
|-damage|p2a: Indeedee|50\/100 psn|[from] psn
|upkeep
|turn|8
|
|t:|1611440996
|switch|p2a: Hydreigon|Hydreigon, F|100\/100
|move|p1a: Divine Blades|Knock Off|p2a: Hydreigon
|-resisted|p2a: Hydreigon
|-damage|p2a: Hydreigon|80\/100
|-enditem|p2a: Hydreigon|Leftovers|[from] move: Knock Off|[of] p1a: Divine Blades
|
|upkeep
|turn|9
|
|t:|1611441007
|switch|p1a: Rawr|Tyranitar, F|12\/391
|-weather|Sandstorm|[from] ability: Sand Stream|[of] p1a: Rawr
|move|p2a: Hydreigon|Dark Pulse|p1a: Rawr
|-resisted|p1a: Rawr
|-damage|p1a: Rawr|0 fnt
|faint|p1a: Rawr
|
|-weather|Sandstorm|[upkeep]
|-damage|p2a: Hydreigon|74\/100|[from] Sandstorm
|upkeep
|
|t:|1611441017
|switch|p1a: Toxtricroak?|Toxtricity-Low-Key-Mega, M|286\/354
|-start|p1a: Toxtricroak?|typechange|Electric\/Poison|[silent]
|-status|p2a: Hydreigon|psn|[from] ability: Acid Rock|[of] p1a: Toxtricroak?
|turn|10
|
|t:|1611441023
|switch|p1a: Louis|Slowking, F|394\/394
|move|p2a: Hydreigon|Earth Power|p1a: Louis
|-damage|p1a: Louis|328\/394
|
|-weather|Sandstorm|[upkeep]
|-damage|p2a: Hydreigon|68\/100 psn|[from] Sandstorm
|-damage|p1a: Louis|304\/394|[from] Sandstorm
|-damage|p2a: Hydreigon|56\/100 psn|[from] psn
|upkeep
|turn|11
|
|t:|1611441064
|move|p2a: Hydreigon|Dark Pulse|p1a: Louis
|-supereffective|p1a: Louis
|-damage|p1a: Louis|136\/394
|cant|p1a: Louis|flinch
|
|-weather|Sandstorm|[upkeep]
|-damage|p2a: Hydreigon|50\/100 psn|[from] Sandstorm
|-damage|p1a: Louis|112\/394|[from] Sandstorm
|-damage|p2a: Hydreigon|38\/100 psn|[from] psn
|-fieldend|move: Psychic Terrain
|upkeep
|turn|12
|c|☆pupugugu|Sry
|
|t:|1611441074
|switch|p1a: Nemo|Garchomp, M|357\/357
|move|p2a: Hydreigon|Dark Pulse|p1a: Nemo
|-damage|p1a: Nemo|215\/357
|
|-weather|Sandstorm|[upkeep]
|-damage|p2a: Hydreigon|32\/100 psn|[from] Sandstorm
|-damage|p2a: Hydreigon|19\/100 psn|[from] psn
|upkeep
|turn|13
|
|t:|1611441086
|-zpower|p1a: Nemo
|move|p1a: Nemo|Continental Crush|p2a: Hydreigon|[zeffect]
|-damage|p2a: Hydreigon|0 fnt
|faint|p2a: Hydreigon
|
|-weather|none
|upkeep
|
|t:|1611441089
|switch|p2a: Indeedee|Indeedee, M|50\/100 psn
|-fieldstart|move: Psychic Terrain|[from] ability: Psychic Surge|[of] p2a: Indeedee
|turn|14
|
|t:|1611441098
|switch|p1a: Louis|Slowking, F|243\/394
|move|p2a: Indeedee|Expanding Force|p1a: Louis
|-resisted|p1a: Louis
|-damage|p1a: Louis|162\/394
|
|-damage|p2a: Indeedee|38\/100 psn|[from] psn
|upkeep
|turn|15
|c| ViZarPKMN|that was overkill buddy
|
|t:|1611441105
|switch|p2a: Tangrowth|Tangrowth, M|100\/100
|move|p1a: Louis|Slack Off|p1a: Louis
|-heal|p1a: Louis|359\/394
|
|upkeep
|turn|16
|
|t:|1611441113
|switch|p2a: Garchomp|Garchomp, F|53\/100
|move|p1a: Louis|Teleport|p1a: Louis
|
|t:|1611441125
|switch|p1a: Toxtricroak?|Toxtricity-Low-Key-Mega, M|286\/354
|-start|p1a: Toxtricroak?|typechange|Electric\/Poison|[silent]
|-status|p2a: Garchomp|psn|[from] ability: Acid Rock|[of] p1a: Toxtricroak?
|
|-damage|p2a: Garchomp|41\/100 psn|[from] psn
|upkeep
|turn|17
|
|t:|1611441142
|switch|p2a: Chandelure|Chandelure, M|100\/100
|switch|p1a: Divine Blades|Kartana|216\/259
|
|upkeep
|turn|18
|
|t:|1611441167
|switch|p1a: Toxtricroak?|Toxtricity-Low-Key-Mega, M|286\/354
|-start|p1a: Toxtricroak?|typechange|Electric\/Poison|[silent]
|-status|p2a: Chandelure|psn|[from] ability: Acid Rock|[of] p1a: Toxtricroak?
|switch|p2a: Tangrowth|Tangrowth, M|100\/100
|
|-fieldend|move: Psychic Terrain
|upkeep
|turn|19
|
|t:|1611441177
|switch|p1a: Fidelis|Corviknight, F|133\/400
|-ability|p1a: Fidelis|Pressure
|switch|p2a: Garchomp|Garchomp, F|41\/100 psn
|
|-heal|p1a: Fidelis|158\/400|[from] item: Leftovers
|-damage|p2a: Garchomp|28\/100 psn|[from] psn
|upkeep
|turn|20
|c|☆pupugugu|THESE DOUBLES
|
|t:|1611441193
|switch|p2a: Tangrowth|Tangrowth, M|100\/100
|move|p1a: Fidelis|Roost|p1a: Fidelis
|-heal|p1a: Fidelis|358\/400
|-singleturn|p1a: Fidelis|move: Roost
|
|-heal|p1a: Fidelis|383\/400|[from] item: Leftovers
|upkeep
|turn|21
|
|t:|1611441200
|switch|p2a: Garchomp|Garchomp, F|28\/100 psn
|move|p1a: Fidelis|U-turn|p2a: Garchomp
|-damage|p2a: Garchomp|15\/100 psn
|-damage|p1a: Fidelis|333\/400|[from] ability: Rough Skin|[of] p2a: Garchomp
|
|t:|1611441208
|switch|p1a: Divine Blades|Kartana|216\/259
|
|-damage|p2a: Garchomp|2\/100 psn|[from] psn
|upkeep
|turn|22
|
|t:|1611441214
|switch|p2a: Tangrowth|Tangrowth, M|100\/100
|move|p1a: Divine Blades|Knock Off|p2a: Tangrowth
|-damage|p2a: Tangrowth|75\/100
|-damage|p1a: Divine Blades|173\/259|[from] item: Rocky Helmet|[of] p2a: Tangrowth
|-enditem|p2a: Tangrowth|Rocky Helmet|[from] move: Knock Off|[of] p1a: Divine Blades
|
|upkeep
|turn|23
|
|t:|1611441227
|switch|p1a: Fidelis|Corviknight, F|333\/400
|-ability|p1a: Fidelis|Pressure
|switch|p2a: Indeedee|Indeedee, M|38\/100 psn
|-fieldstart|move: Psychic Terrain|[from] ability: Psychic Surge|[of] p2a: Indeedee
|
|-heal|p1a: Fidelis|358\/400|[from] item: Leftovers
|-damage|p2a: Indeedee|26\/100 psn|[from] psn
|upkeep
|turn|24
|
|t:|1611441239
|move|p2a: Indeedee|Trick|p1a: Fidelis
|-activate|p2a: Indeedee|move: Trick|[of] p1a: Fidelis
|-item|p1a: Fidelis|Choice Scarf|[from] move: Trick
|-item|p2a: Indeedee|Leftovers|[from] move: Trick
|move|p1a: Fidelis|Roost|p1a: Fidelis
|-heal|p1a: Fidelis|400\/400
|-singleturn|p1a: Fidelis|move: Roost
|
|-heal|p2a: Indeedee|32\/100 psn|[from] item: Leftovers
|-damage|p2a: Indeedee|20\/100 psn|[from] psn
|upkeep
|turn|25
|
|t:|1611441252
|switch|p2a: Azumarill|Azumarill, M|100\/100
|switch|p1a: Louis|Slowking, F|394\/394
|
|upkeep
|turn|26
|
|t:|1611441269
|move|p2a: Azumarill|Knock Off|p1a: Louis
|-supereffective|p1a: Louis
|-damage|p1a: Louis|78\/394
|-enditem|p1a: Louis|Heavy-Duty Boots|[from] move: Knock Off|[of] p2a: Azumarill
|move|p1a: Louis|Scald|p2a: Azumarill
|-resisted|p2a: Azumarill
|-damage|p2a: Azumarill|86\/100
|
|upkeep
|turn|27
|
|t:|1611441279
|switch|p1a: Toxtricroak?|Toxtricity-Low-Key-Mega, M|286\/354
|-start|p1a: Toxtricroak?|typechange|Electric\/Poison|[silent]
|-status|p2a: Azumarill|psn|[from] ability: Acid Rock|[of] p1a: Toxtricroak?
|move|p2a: Azumarill|Knock Off|p1a: Toxtricroak?
|-damage|p1a: Toxtricroak?|188\/354
|
|-damage|p2a: Azumarill|73\/100 psn|[from] psn
|-fieldend|move: Psychic Terrain
|upkeep
|turn|28
|
|t:|1611441291
|switch|p2a: Garchomp|Garchomp, F|2\/100 psn
|move|p1a: Toxtricroak?|Slack Off|p1a: Toxtricroak?
|-heal|p1a: Toxtricroak?|354\/354
|
|-damage|p2a: Garchomp|0 fnt|[from] psn
|faint|p2a: Garchomp
|upkeep
|
|t:|1611441294
|switch|p2a: Chandelure|Chandelure, M|100\/100 psn
|turn|29
|j| NotPalpitoadChamp
|
|t:|1611441304
|detailschange|p2a: Chandelure|Chandelure-Mega, M
|-mega|p2a: Chandelure|Chandelure|Chandelite
|-start|p2a: Chandelure|typechange|Ghost\/Fire|[silent]
|raw|<ul class="utilichart"><li class="result"><span class="col pokemonnamecol" style="white-space: nowrap">Chandelure-Mega<\/span> <span class="col typecol"><img src="https:\/\/play.pokemonshowdown.com\/sprites\/types\/Ghost.png" alt="Ghost" height="14" width="32"><img src="https:\/\/play.pokemonshowdown.com\/sprites\/types\/Fire.png" alt="Fire" height="14" width="32"><\/span> <span style="float: left ; min-height: 26px"><span class="col abilitycol">Nightmare Heart<\/span><span class="col abilitycol"><\/span><\/span><span style="float: left ; min-height: 26px"><span class="col statcol"><em>HP<\/em><br>60<\/span> <span class="col statcol"><em>Atk<\/em><br>57<\/span> <span class="col statcol"><em>Def<\/em><br>108<\/span> <span class="col statcol"><em>SpA<\/em><br>185<\/span> <span class="col statcol"><em>SpD<\/em><br>108<\/span> <span class="col statcol"><em>Spe<\/em><br>102<\/span> <\/span><\/li><li style="clear: both"><\/li><\/ul>
|move|p2a: Chandelure|Shadow Ball|p1a: Toxtricroak?
|-damage|p1a: Toxtricroak?|251\/354
|move|p1a: Toxtricroak?|Volt Switch|p2a: Chandelure
|-damage|p2a: Chandelure|67\/100 psn
|c|☆pupugugu|So fat ;;
|
|t:|1611441329
|switch|p1a: Nemo|Garchomp, M|215\/357
|
|-damage|p2a: Chandelure|55\/100 psn|[from] psn
|upkeep
|turn|30
|
|t:|1611441338
|switch|p1a: Toxtricroak?|Toxtricity-Low-Key-Mega, M|251\/354
|-start|p1a: Toxtricroak?|typechange|Electric\/Poison|[silent]
|move|p2a: Chandelure|Energy Ball|p1a: Toxtricroak?
|-resisted|p1a: Toxtricroak?
|-damage|p1a: Toxtricroak?|211\/354
|
|-damage|p2a: Chandelure|42\/100 psn|[from] psn
|upkeep
|turn|31
|
|t:|1611441350
|move|p2a: Chandelure|Flamethrower|p1a: Toxtricroak?
|-damage|p1a: Toxtricroak?|88\/354
|move|p1a: Toxtricroak?|Slack Off|p1a: Toxtricroak?
|-heal|p1a: Toxtricroak?|265\/354
|
|-damage|p2a: Chandelure|30\/100 psn|[from] psn
|upkeep
|turn|32
|
|t:|1611441358
|move|p2a: Chandelure|Mind Blown|p1a: Toxtricroak?
|-damage|p1a: Toxtricroak?|67\/354
|-damage|p2a: Chandelure|0 fnt|[from] mindblown
|faint|p2a: Chandelure
|move|p1a: Toxtricroak?|Slack Off|p1a: Toxtricroak?
|-heal|p1a: Toxtricroak?|244\/354
|
|upkeep
|
|t:|1611441361
|switch|p2a: Indeedee|Indeedee, M|20\/100 psn
|-fieldstart|move: Psychic Terrain|[from] ability: Psychic Surge|[of] p2a: Indeedee
|turn|33
|
|t:|1611441370
|switch|p1a: Fidelis|Corviknight, F|400\/400
|-ability|p1a: Fidelis|Pressure
|move|p2a: Indeedee|Expanding Force|p1a: Fidelis
|-resisted|p1a: Fidelis
|-damage|p1a: Fidelis|272\/400
|
|-heal|p2a: Indeedee|26\/100 psn|[from] item: Leftovers
|-damage|p2a: Indeedee|14\/100 psn|[from] psn
|upkeep
|turn|34
|
|t:|1611441380
|move|p2a: Indeedee|Expanding Force|p1a: Fidelis
|-resisted|p1a: Fidelis
|-damage|p1a: Fidelis|140\/400
|move|p1a: Fidelis|U-turn|p2a: Indeedee
|-supereffective|p2a: Indeedee
|-damage|p2a: Indeedee|0 fnt
|faint|p2a: Indeedee
|
|t:|1611441390
|switch|p1a: Nemo|Garchomp, M|215\/357
|
|upkeep
|c|☆pupugugu|Hmm gg
|c|☆BlaueBrause|you could still win
|c|☆pupugugu|Ehh
|c|☆pupugugu|I'll try xd
|
|t:|1611441413
|switch|p2a: Tangrowth|Tangrowth, M|100\/100
|turn|35
|
|t:|1611441425
|switch|p1a: Fidelis|Corviknight, F|140\/400
|-ability|p1a: Fidelis|Pressure
|move|p2a: Tangrowth|Hidden Power|p1a: Fidelis
|-damage|p1a: Fidelis|90\/400
|
|upkeep
|turn|36
|
|t:|1611441432
|move|p1a: Fidelis|Roost|p1a: Fidelis
|-heal|p1a: Fidelis|290\/400
|-singleturn|p1a: Fidelis|move: Roost
|move|p2a: Tangrowth|Sludge Bomb|p1a: Fidelis
|-immune|p1a: Fidelis
|
|upkeep
|turn|37
|
|t:|1611441463
|move|p1a: Fidelis|Roost|p1a: Fidelis
|-heal|p1a: Fidelis|400\/400
|-singleturn|p1a: Fidelis|move: Roost
|move|p2a: Tangrowth|Hidden Power|p1a: Fidelis
|-resisted|p1a: Fidelis
|-damage|p1a: Fidelis|373\/400
|
|-fieldend|move: Psychic Terrain
|upkeep
|turn|38
|
|t:|1611441471
|switch|p2a: Azumarill|Azumarill, M|73\/100 psn
|move|p1a: Fidelis|Roost|p1a: Fidelis
|-heal|p1a: Fidelis|400\/400
|-singleturn|p1a: Fidelis|move: Roost
|
|-damage|p2a: Azumarill|61\/100 psn|[from] psn
|upkeep
|turn|39
|
|t:|1611441481
|switch|p1a: Nemo|Garchomp, M|215\/357
|move|p2a: Azumarill|Belly Drum|p2a: Azumarill
|-damage|p2a: Azumarill|11\/100 psn
|-setboost|p2a: Azumarill|atk|6|[from] move: Belly Drum
|-enditem|p2a: Azumarill|Sitrus Berry|[eat]
|-heal|p2a: Azumarill|36\/100 psn|[from] item: Sitrus Berry
|
|-damage|p2a: Azumarill|23\/100 psn|[from] psn
|upkeep
|turn|40
|c|☆pupugugu|Gg
|
|t:|1611441491
|move|p2a: Azumarill|Aqua Jet|p1a: Nemo
|-damage|p1a: Nemo|0 fnt
|-damage|p2a: Azumarill|11\/100 psn|[from] ability: Rough Skin|[of] p1a: Nemo
|faint|p1a: Nemo
|
|-damage|p2a: Azumarill|0 fnt|[from] psn
|faint|p2a: Azumarill
|upkeep
|c|☆BlaueBrause|gg
|-message|pupugugu forfeited.
|
|win|BlaueBrause
|l|☆pupugugu</script>
</div>
<div class="battle-log battle-log-inline"><div class="inner"><div class="battle-options"><div style="padding-top: 3px; padding-right: 3px; text-align: right"><button class="icon button" name="openBattleOptions" title="Options">Battle Options</button></div></div><div class="inner message-log"><div class="chat"><small>☆BlaueBrause and ☆pupugugu joined</small></div><div class=""><small>Format:</small> <br><strong>[Gen 8] Megas for All</strong></div><div class=""><small><em>HP Percentage Mod:</em> HP is shown in percentages</small></div><div class=""><small><em>Endless Battle Clause:</em> Forcing endless battles is banned</small></div><div class=""><small><em>OHKO Clause:</em> OHKO moves are banned</small></div><div class=""><small><em>Evasion Moves Clause:</em> Evasion moves are banned</small></div><div class=""><small><em>Species Clause:</em> Limit one of each Pokémon</small></div><div class=""><small><em>Dynamax Clause:</em> You cannot dynamax</small></div><div class=""><small><em>Sleep Clause Mod:</em> Limit one foe put to sleep</small></div><div class=""><small><em>Freeze Clause Mod:</em> Limit one foe frozen</small></div><div class="chat"><img src="https://www.smogon.com/forums/attachments/banner_2-png.302358/" height="65" width="381"></div><div class="spacer battle-history"><br></div><div class="battle-history"><small>Welcome to Megas for All!</small><br></div><div class="battle-history"><small>This is a National Dex-based format where we aim to give a new Mega Evolution to every Pokémon.</small><br></div><div class="battle-history"><small>Just like any official format, you can still only Mega Evolve one Pokémon per team!</small><br></div><div class="battle-history"><small>You can find our thread and metagame resources here:</small><br></div><div class="battle-history"><small>https://www.smogon.com/forums/threads/3671140/</small><br></div><div class="chat battle-history"><strong>BlaueBrause's team:</strong> <em style="color:#445566;display:block;">Toxtricity-Low-Key / Corviknight / Slowking / Tyranitar / Kartana / Garchomp</em></div><div class="chat battle-history"><strong>pupugugu's team:</strong> <em style="color:#445566;display:block;">Indeedee / Garchomp / Hydreigon / Chandelure / Tangrowth / Azumarill</em></div><div class="chat chatmessage-pupugugu"><strong style="color:#2b7b91"><small>☆</small><span class="username" data-name="pupugugu">pupugugu</span>:</strong> <em>Glhf!</em></div><div class="chat chatmessage-blauebrause mine"><strong style="color:#6b66e4"><small>☆</small><span class="username" data-name="BlaueBrause">BlaueBrause</span>:</strong> <em>glhf!</em></div><div class="spacer battle-history"><br></div><div class="battle-history">Battle started between BlaueBrause and pupugugu!<br></div><div class="spacer battle-history"><br></div><div class="battle-history">Go! Fidelis (<strong>Corviknight</strong>)!<br></div><div class="spacer battle-history"><br></div><div class="battle-history">pupugugu sent out <strong>Garchomp</strong>!<br></div><div class="battle-history">[Fidelis's Pressure]<br><small>Fidelis is exerting its pressure!</small><br></div><div class="spacer battle-history"><br></div><h2 class="battle-history">Turn 1</h2><div class="spacer battle-history"><br></div><div class="battle-history">The opposing Garchomp used <strong>Swords Dance</strong>!<br></div><div class="battle-history"><small>The opposing Garchomp's Attack rose sharply!</small><br></div><div class="spacer battle-history"><br></div><div class="battle-history">Fidelis used <strong>Brave Bird</strong>!<br></div><div class="battle-history"><small>(The opposing Garchomp lost 33% of its health!)</small><br></div><div class="battle-history">[The opposing Garchomp's Rough Skin]<br><small>Fidelis was hurt!</small><br></div><div class="battle-history"><small>Fidelis was damaged by the recoil!</small><br></div><div class="spacer battle-history"><br></div><div class="battle-history"><small>Fidelis restored a little HP using its Leftovers!</small><br></div><div class="spacer battle-history"><br></div><h2 class="battle-history">Turn 2</h2><div class="spacer battle-history"><br></div><div class="battle-history">Fidelis, come back!<br></div><div class="battle-history">Go! Rawr (<strong>Tyranitar</strong>)!<br></div><div class="battle-history">[Rawr's Sand Stream]<br><small>A sandstorm kicked up!</small><br></div><div class="battle-history"><small>The opposing Garchomp surrounded itself with its Z-Power!</small><br></div><div class="spacer battle-history"><br></div><div class="battle-history"><small>The opposing Garchomp unleashes its full-force Z-Move!</small><br>The opposing Garchomp used <strong>Continental Crush</strong>!<br></div><div class="battle-history"><small>(Rawr lost <abbr title="−379/391">96.9%</abbr> of its health!)</small><br></div><div class="spacer battle-history"><br></div><div class="battle-history"><small>(The sandstorm is raging.)</small><br></div><div class="spacer battle-history"><br></div><h2 class="battle-history">Turn 3</h2><div class="spacer battle-history"><br></div><div class="battle-history">Rawr, come back!<br></div><div class="battle-history">Go! Fidelis (<strong>Corviknight</strong>)!<br></div><div class="battle-history">[Fidelis's Pressure]<br><small>Fidelis is exerting its pressure!</small><br></div><div class="spacer battle-history"><br></div><div class="battle-history">The opposing Garchomp used <strong>Earthquake</strong>!<br></div><div class="battle-history"><small>It doesn't affect Fidelis...</small><br></div><div class="spacer battle-history"><br></div><div class="battle-history"><small>(The sandstorm is raging.)</small><br></div><div class="battle-history"><small>Fidelis restored a little HP using its Leftovers!</small><br></div><div class="spacer battle-history"><br></div><h2 class="battle-history">Turn 4</h2><div class="chat"><small> ViZarPKMN joined</small></div><div class="spacer battle-history"><br></div><div class="battle-history">The opposing Garchomp used <strong>Stone Edge</strong>!<br></div><div class="battle-history"><small>(Fidelis lost <abbr title="−177/400">44.3%</abbr> of its health!)</small><br></div><div class="spacer battle-history"><br></div><div class="battle-history">Fidelis used <strong>U-turn</strong>!<br></div><div class="battle-history"><small>(The opposing Garchomp lost 14% of its health!)</small><br></div><div class="battle-history">[The opposing Garchomp's Rough Skin]<br><small>Fidelis was hurt!</small><br></div><div class="spacer battle-history"><br></div><div class="battle-history">Fidelis went back to BlaueBrause!<br></div><div class="battle-history">Go! Divine Blades (<strong>Kartana</strong>)!<br></div><div class="spacer battle-history"><br></div><div class="battle-history"><small>(The sandstorm is raging.)</small><br></div><div class="spacer battle-history"><br></div><h2 class="battle-history">Turn 5</h2><div class="spacer battle-history"><br></div><div class="battle-history">pupugugu withdrew Garchomp!<br></div><div class="battle-history">pupugugu sent out <strong>Tangrowth</strong>!<br></div><div class="spacer battle-history"><br></div><div class="battle-history">Divine Blades used <strong>Leaf Blade</strong>!<br></div><div class="battle-history"><small>It's not very effective...</small><br></div><div class="battle-history"><small>(The opposing Tangrowth lost 17% of its health!)</small><br></div><div class="battle-history"><small>Divine Blades was hurt by the Rocky Helmet!</small><br></div><div class="spacer battle-history"><br></div><div class="battle-history"><small>(The sandstorm is raging.)</small><br></div><div class="battle-history"><small>The opposing Tangrowth is buffeted by the sandstorm!</small><br></div><div class="spacer battle-history"><br></div><h2 class="battle-history">Turn 6</h2><div class="spacer battle-history"><br></div><div class="battle-history">Divine Blades, come back!<br></div><div class="battle-history">Go! Toxtricroak? (<strong>Toxtricity-Low-Key</strong>)!<br></div><div class="spacer battle-history"><br></div><div class="battle-history">The opposing Tangrowth used <strong>Knock Off</strong>!<br></div><div class="battle-history"><small>(Toxtricroak? lost <abbr title="−68/354">19.2%</abbr> of its health!)</small><br></div><div class="spacer battle-history"><br></div><div class="battle-history"><small>The sandstorm subsided.</small><br></div><div class="spacer battle-history"><br></div><h2 class="battle-history">Turn 7</h2><div class="spacer battle-history"><br></div><div class="battle-history">pupugugu withdrew Tangrowth!<br></div><div class="battle-history">pupugugu sent out <strong>Indeedee</strong>!<br></div><div class="battle-history">[The opposing Indeedee's Psychic Surge]<br><small>The battlefield got weird!</small><br></div><div class="spacer battle-history"><br></div><div class="battle-history"><small>Toxtricroak?'s Toxtricitite is reacting to the Key Stone!</small><br>Toxtricroak? has Mega Evolved into Mega Toxtricity!<br></div><div class="battle-history">[Toxtricroak?'s Acid Rock]<br><small>The opposing Indeedee was poisoned!</small><br></div><div class="chat"><ul class="utilichart"><li class="result"><span class="col pokemonnamecol" style="white-space: nowrap">Toxtricity-Low-Key-Mega</span> <span class="col typecol"><img src="https://play.pokemonshowdown.com/sprites/types/Electric.png" alt="Electric" height="14" width="32"><img src="https://play.pokemonshowdown.com/sprites/types/Poison.png" alt="Poison" height="14" width="32"></span> <span style="float: left ; min-height: 26px"><span class="col abilitycol">Acid Rock</span><span class="col abilitycol"></span></span><span style="float: left ; min-height: 26px"><span class="col statcol"><em>HP</em><br>75</span> <span class="col statcol"><em>Atk</em><br>98</span> <span class="col statcol"><em>Def</em><br>100</span> <span class="col statcol"><em>SpA</em><br>114</span> <span class="col statcol"><em>SpD</em><br>140</span> <span class="col statcol"><em>Spe</em><br>75</span> </span></li><li style="clear: both"></li></ul></div><div class="spacer battle-history"><br></div><div class="battle-history">Toxtricroak? used <strong>Volt Switch</strong>!<br></div><div class="battle-history"><small>(The opposing Indeedee lost 37% of its health!)</small><br></div><div class="spacer battle-history"><br></div><div class="battle-history">Toxtricroak? went back to BlaueBrause!<br></div><div class="battle-history">Go! Divine Blades (<strong>Kartana</strong>)!<br></div><div class="spacer battle-history"><br></div><div class="battle-history"><small>The opposing Indeedee was hurt by poison!</small><br></div><div class="spacer battle-history"><br></div><h2 class="battle-history">Turn 8</h2><div class="spacer battle-history"><br></div><div class="battle-history">pupugugu withdrew Indeedee!<br></div><div class="battle-history">pupugugu sent out <strong>Hydreigon</strong>!<br></div><div class="spacer battle-history"><br></div><div class="battle-history">Divine Blades used <strong>Knock Off</strong>!<br></div><div class="battle-history"><small>It's not very effective...</small><br></div><div class="battle-history"><small>(The opposing Hydreigon lost 20% of its health!)</small><br></div><div class="battle-history"><small>Divine Blades knocked off the opposing Hydreigon's Leftovers!</small><br></div><div class="spacer battle-history"><br></div><h2 class="battle-history">Turn 9</h2><div class="spacer battle-history"><br></div><div class="battle-history">Divine Blades, come back!<br></div><div class="battle-history">Go! Rawr (<strong>Tyranitar</strong>)!<br></div><div class="battle-history">[Rawr's Sand Stream]<br><small>A sandstorm kicked up!</small><br></div><div class="spacer battle-history"><br></div><div class="battle-history">The opposing Hydreigon used <strong>Dark Pulse</strong>!<br></div><div class="battle-history"><small>It's not very effective...</small><br></div><div class="battle-history"><small>(Rawr lost <abbr title="−12/391">3.1%</abbr> of its health!)</small><br></div><div class="spacer battle-history"><br></div><div class="battle-history">Rawr fainted!<br></div><div class="spacer battle-history"><br></div><div class="battle-history"><small>(The sandstorm is raging.)</small><br></div><div class="battle-history"><small>The opposing Hydreigon is buffeted by the sandstorm!</small><br></div><div class="spacer battle-history"><br></div><div class="battle-history">Go! Toxtricroak? (<strong>Toxtricity-Low-Key-Mega</strong>)!<br></div><div class="battle-history">[Toxtricroak?'s Acid Rock]<br><small>The opposing Hydreigon was poisoned!</small><br></div><div class="spacer battle-history"><br></div><h2 class="battle-history">Turn 10</h2><div class="spacer battle-history"><br></div><div class="battle-history">Toxtricroak?, come back!<br></div><div class="battle-history">Go! Louis (<strong>Slowking</strong>)!<br></div><div class="spacer battle-history"><br></div><div class="battle-history">The opposing Hydreigon used <strong>Earth Power</strong>!<br></div><div class="battle-history"><small>(Louis lost <abbr title="−66/394">16.8%</abbr> of its health!)</small><br></div><div class="spacer battle-history"><br></div><div class="battle-history"><small>(The sandstorm is raging.)</small><br></div><div class="battle-history"><small>The opposing Hydreigon is buffeted by the sandstorm!</small><br></div><div class="battle-history"><small>Louis is buffeted by the sandstorm!</small><br></div><div class="battle-history"><small>The opposing Hydreigon was hurt by poison!</small><br></div><div class="spacer battle-history"><br></div><h2 class="battle-history">Turn 11</h2><div class="spacer battle-history"><br></div><div class="battle-history">The opposing Hydreigon used <strong>Dark Pulse</strong>!<br></div><div class="battle-history"><small>It's super effective!</small><br></div><div class="battle-history"><small>(Louis lost <abbr title="−168/394">42.6%</abbr> of its health!)</small><br></div><div class="spacer battle-history"><br></div><div class="battle-history">Louis flinched and couldn't move!<br></div><div class="spacer battle-history"><br></div><div class="battle-history"><small>(The sandstorm is raging.)</small><br></div><div class="battle-history"><small>The opposing Hydreigon is buffeted by the sandstorm!</small><br></div><div class="battle-history"><small>Louis is buffeted by the sandstorm!</small><br></div><div class="battle-history"><small>The opposing Hydreigon was hurt by poison!</small><br></div><div class="battle-history"><small>The weirdness disappeared from the battlefield!</small><br></div><div class="spacer battle-history"><br></div><h2 class="battle-history">Turn 12</h2><div class="chat chatmessage-pupugugu"><strong style="color:#2b7b91"><small>☆</small><span class="username" data-name="pupugugu">pupugugu</span>:</strong> <em>Sry</em></div><div class="spacer battle-history"><br></div><div class="battle-history">Louis, come back!<br></div><div class="battle-history">Go! Nemo (<strong>Garchomp</strong>)!<br></div><div class="spacer battle-history"><br></div><div class="battle-history">The opposing Hydreigon used <strong>Dark Pulse</strong>!<br></div><div class="battle-history"><small>(Nemo lost <abbr title="−142/357">39.8%</abbr> of its health!)</small><br></div><div class="spacer battle-history"><br></div><div class="battle-history"><small>(The sandstorm is raging.)</small><br></div><div class="battle-history"><small>The opposing Hydreigon is buffeted by the sandstorm!</small><br></div><div class="battle-history"><small>The opposing Hydreigon was hurt by poison!</small><br></div><div class="spacer battle-history"><br></div><h2 class="battle-history">Turn 13</h2><div class="spacer battle-history"><br></div><div class="battle-history"><small>Nemo surrounded itself with its Z-Power!</small><br></div><div class="spacer battle-history"><br></div><div class="battle-history"><small>Nemo unleashes its full-force Z-Move!</small><br>Nemo used <strong>Continental Crush</strong>!<br></div><div class="battle-history"><small>(The opposing Hydreigon lost 19% of its health!)</small><br></div><div class="spacer battle-history"><br></div><div class="battle-history">The opposing Hydreigon fainted!<br></div><div class="spacer battle-history"><br></div><div class="battle-history"><small>The sandstorm subsided.</small><br></div><div class="spacer battle-history"><br></div><div class="battle-history">pupugugu sent out <strong>Indeedee</strong>!<br></div><div class="battle-history">[The opposing Indeedee's Psychic Surge]<br><small>The battlefield got weird!</small><br></div><div class="spacer battle-history"><br></div><h2 class="battle-history">Turn 14</h2><div class="spacer battle-history"><br></div><div class="battle-history">Nemo, come back!<br></div><div class="battle-history">Go! Louis (<strong>Slowking</strong>)!<br></div><div class="spacer battle-history"><br></div><div class="battle-history">The opposing Indeedee used <strong>Expanding Force</strong>!<br></div><div class="battle-history"><small>It's not very effective...</small><br></div><div class="battle-history"><small>(Louis lost <abbr title="−81/394">20.6%</abbr> of its health!)</small><br></div><div class="spacer battle-history"><br></div><div class="battle-history"><small>The opposing Indeedee was hurt by poison!</small><br></div><div class="spacer battle-history"><br></div><h2 class="battle-history">Turn 15</h2><div class="chat chatmessage-vizarpkmn"><strong style="color:#4f78c0"><small> </small><span class="username" data-name="ViZarPKMN">ViZarPKMN</span>:</strong> <em>that was overkill buddy</em></div><div class="spacer battle-history"><br></div><div class="battle-history">pupugugu withdrew Indeedee!<br></div><div class="battle-history">pupugugu sent out <strong>Tangrowth</strong>!<br></div><div class="spacer battle-history"><br></div><div class="battle-history">Louis used <strong>Slack Off</strong>!<br></div><div class="battle-history"><small>Louis had its HP restored.</small><br></div><div class="spacer battle-history"><br></div><h2 class="battle-history">Turn 16</h2><div class="spacer battle-history"><br></div><div class="battle-history">pupugugu withdrew Tangrowth!<br></div><div class="battle-history">pupugugu sent out <strong>Garchomp</strong>!<br></div><div class="spacer battle-history"><br></div><div class="battle-history">Louis used <strong>Teleport</strong>!<br></div><div class="spacer battle-history"><br></div><div class="battle-history">Louis, come back!<br></div><div class="battle-history">Go! Toxtricroak? (<strong>Toxtricity-Low-Key-Mega</strong>)!<br></div><div class="battle-history">[Toxtricroak?'s Acid Rock]<br><small>The opposing Garchomp was poisoned!</small><br></div><div class="spacer battle-history"><br></div><div class="battle-history"><small>The opposing Garchomp was hurt by poison!</small><br></div><div class="spacer battle-history"><br></div><h2 class="battle-history">Turn 17</h2><div class="spacer battle-history"><br></div><div class="battle-history">pupugugu withdrew Garchomp!<br></div><div class="battle-history">pupugugu sent out <strong>Chandelure</strong>!<br></div><div class="spacer battle-history"><br></div><div class="battle-history">Toxtricroak?, come back!<br></div><div class="battle-history">Go! Divine Blades (<strong>Kartana</strong>)!<br></div><div class="spacer battle-history"><br></div><h2 class="battle-history">Turn 18</h2><div class="spacer battle-history"><br></div><div class="battle-history">Divine Blades, come back!<br></div><div class="battle-history">Go! Toxtricroak? (<strong>Toxtricity-Low-Key-Mega</strong>)!<br></div><div class="battle-history">[Toxtricroak?'s Acid Rock]<br><small>The opposing Chandelure was poisoned!</small><br></div><div class="spacer battle-history"><br></div><div class="battle-history">pupugugu withdrew Chandelure!<br></div><div class="battle-history">pupugugu sent out <strong>Tangrowth</strong>!<br></div><div class="spacer battle-history"><br></div><div class="battle-history"><small>The weirdness disappeared from the battlefield!</small><br></div><div class="spacer battle-history"><br></div><h2 class="battle-history">Turn 19</h2><div class="spacer battle-history"><br></div><div class="battle-history">Toxtricroak?, come back!<br></div><div class="battle-history">Go! Fidelis (<strong>Corviknight</strong>)!<br></div><div class="battle-history">[Fidelis's Pressure]<br><small>Fidelis is exerting its pressure!</small><br></div><div class="spacer battle-history"><br></div><div class="battle-history">pupugugu withdrew Tangrowth!<br></div><div class="battle-history">pupugugu sent out <strong>Garchomp</strong>!<br></div><div class="spacer battle-history"><br></div><div class="battle-history"><small>Fidelis restored a little HP using its Leftovers!</small><br></div><div class="battle-history"><small>The opposing Garchomp was hurt by poison!</small><br></div><div class="spacer battle-history"><br></div><h2 class="battle-history">Turn 20</h2><div class="chat chatmessage-pupugugu"><strong style="color:#2b7b91"><small>☆</small><span class="username" data-name="pupugugu">pupugugu</span>:</strong> <em>THESE DOUBLES</em></div><div class="spacer battle-history"><br></div><div class="battle-history">pupugugu withdrew Garchomp!<br></div><div class="battle-history">pupugugu sent out <strong>Tangrowth</strong>!<br></div><div class="spacer battle-history"><br></div><div class="battle-history">Fidelis used <strong>Roost</strong>!<br></div><div class="battle-history"><small>Fidelis had its HP restored.</small><br></div><div class="battle-history"><small>(Fidelis loses Flying type this turn.)</small><br></div><div class="spacer battle-history"><br></div><div class="battle-history"><small>Fidelis restored a little HP using its Leftovers!</small><br></div><div class="spacer battle-history"><br></div><h2 class="battle-history">Turn 21</h2><div class="spacer battle-history"><br></div><div class="battle-history">pupugugu withdrew Tangrowth!<br></div><div class="battle-history">pupugugu sent out <strong>Garchomp</strong>!<br></div><div class="spacer battle-history"><br></div><div class="battle-history">Fidelis used <strong>U-turn</strong>!<br></div><div class="battle-history"><small>(The opposing Garchomp lost 13% of its health!)</small><br></div><div class="battle-history">[The opposing Garchomp's Rough Skin]<br><small>Fidelis was hurt!</small><br></div><div class="spacer battle-history"><br></div><div class="battle-history">Fidelis went back to BlaueBrause!<br></div><div class="battle-history">Go! Divine Blades (<strong>Kartana</strong>)!<br></div><div class="spacer battle-history"><br></div><div class="battle-history"><small>The opposing Garchomp was hurt by poison!</small><br></div><div class="spacer battle-history"><br></div><h2 class="battle-history">Turn 22</h2><div class="spacer battle-history"><br></div><div class="battle-history">pupugugu withdrew Garchomp!<br></div><div class="battle-history">pupugugu sent out <strong>Tangrowth</strong>!<br></div><div class="spacer battle-history"><br></div><div class="battle-history">Divine Blades used <strong>Knock Off</strong>!<br></div><div class="battle-history"><small>(The opposing Tangrowth lost 25% of its health!)</small><br></div><div class="battle-history"><small>Divine Blades was hurt by the Rocky Helmet!</small><br></div><div class="battle-history"><small>Divine Blades knocked off the opposing Tangrowth's Rocky Helmet!</small><br></div><div class="spacer battle-history"><br></div><h2 class="battle-history">Turn 23</h2><div class="spacer battle-history"><br></div><div class="battle-history">Divine Blades, come back!<br></div><div class="battle-history">Go! Fidelis (<strong>Corviknight</strong>)!<br></div><div class="battle-history">[Fidelis's Pressure]<br><small>Fidelis is exerting its pressure!</small><br></div><div class="spacer battle-history"><br></div><div class="battle-history">pupugugu withdrew Tangrowth!<br></div><div class="battle-history">pupugugu sent out <strong>Indeedee</strong>!<br></div><div class="battle-history">[The opposing Indeedee's Psychic Surge]<br><small>The battlefield got weird!</small><br></div><div class="spacer battle-history"><br></div><div class="battle-history"><small>Fidelis restored a little HP using its Leftovers!</small><br></div><div class="battle-history"><small>The opposing Indeedee was hurt by poison!</small><br></div><div class="spacer battle-history"><br></div><h2 class="battle-history">Turn 24</h2><div class="spacer battle-history"><br></div><div class="battle-history">The opposing Indeedee used <strong>Trick</strong>!<br></div><div class="battle-history"><small>The opposing Indeedee switched items with its target!</small><br></div><div class="battle-history"><small>Fidelis obtained one Choice Scarf.</small><br></div><div class="battle-history"><small>The opposing Indeedee obtained one Leftovers.</small><br></div><div class="spacer battle-history"><br></div><div class="battle-history">Fidelis used <strong>Roost</strong>!<br></div><div class="battle-history"><small>Fidelis had its HP restored.</small><br></div><div class="battle-history"><small>(Fidelis loses Flying type this turn.)</small><br></div><div class="spacer battle-history"><br></div><div class="battle-history"><small>The opposing Indeedee restored a little HP using its Leftovers!</small><br></div><div class="battle-history"><small>The opposing Indeedee was hurt by poison!</small><br></div><div class="spacer battle-history"><br></div><h2 class="battle-history">Turn 25</h2><div class="spacer battle-history"><br></div><div class="battle-history">pupugugu withdrew Indeedee!<br></div><div class="battle-history">pupugugu sent out <strong>Azumarill</strong>!<br></div><div class="spacer battle-history"><br></div><div class="battle-history">Fidelis, come back!<br></div><div class="battle-history">Go! Louis (<strong>Slowking</strong>)!<br></div><div class="spacer battle-history"><br></div><h2 class="battle-history">Turn 26</h2><div class="spacer battle-history"><br></div><div class="battle-history">The opposing Azumarill used <strong>Knock Off</strong>!<br></div><div class="battle-history"><small>It's super effective!</small><br></div><div class="battle-history"><small>(Louis lost <abbr title="−316/394">80.2%</abbr> of its health!)</small><br></div><div class="battle-history"><small>The opposing Azumarill knocked off Louis's Heavy-Duty Boots!</small><br></div><div class="spacer battle-history"><br></div><div class="battle-history">Louis used <strong>Scald</strong>!<br></div><div class="battle-history"><small>It's not very effective...</small><br></div><div class="battle-history"><small>(The opposing Azumarill lost 14% of its health!)</small><br></div><div class="spacer battle-history"><br></div><h2 class="battle-history">Turn 27</h2><div class="spacer battle-history"><br></div><div class="battle-history">Louis, come back!<br></div><div class="battle-history">Go! Toxtricroak? (<strong>Toxtricity-Low-Key-Mega</strong>)!<br></div><div class="battle-history">[Toxtricroak?'s Acid Rock]<br><small>The opposing Azumarill was poisoned!</small><br></div><div class="spacer battle-history"><br></div><div class="battle-history">The opposing Azumarill used <strong>Knock Off</strong>!<br></div><div class="battle-history"><small>(Toxtricroak? lost <abbr title="−98/354">27.7%</abbr> of its health!)</small><br></div><div class="spacer battle-history"><br></div><div class="battle-history"><small>The opposing Azumarill was hurt by poison!</small><br></div><div class="battle-history"><small>The weirdness disappeared from the battlefield!</small><br></div><div class="spacer battle-history"><br></div><h2 class="battle-history">Turn 28</h2><div class="spacer battle-history"><br></div><div class="battle-history">pupugugu withdrew Azumarill!<br></div><div class="battle-history">pupugugu sent out <strong>Garchomp</strong>!<br></div><div class="spacer battle-history"><br></div><div class="battle-history">Toxtricroak? used <strong>Slack Off</strong>!<br></div><div class="battle-history"><small>Toxtricroak? had its HP restored.</small><br></div><div class="spacer battle-history"><br></div><div class="battle-history"><small>The opposing Garchomp was hurt by poison!</small><br></div><div class="spacer battle-history"><br></div><div class="battle-history">The opposing Garchomp fainted!<br></div><div class="spacer battle-history"><br></div><div class="battle-history">pupugugu sent out <strong>Chandelure</strong>!<br></div><div class="spacer battle-history"><br></div><h2 class="battle-history">Turn 29</h2><div class="chat"><small> NotPalpitoadChamp joined</small></div><div class="spacer battle-history"><br></div><div class="battle-history"><small>The opposing Chandelure's Chandelite is reacting to the Key Stone!</small><br>The opposing Chandelure has Mega Evolved into Mega Chandelure!<br></div><div class="chat"><ul class="utilichart"><li class="result"><span class="col pokemonnamecol" style="white-space: nowrap">Chandelure-Mega</span> <span class="col typecol"><img src="https://play.pokemonshowdown.com/sprites/types/Ghost.png" alt="Ghost" height="14" width="32"><img src="https://play.pokemonshowdown.com/sprites/types/Fire.png" alt="Fire" height="14" width="32"></span> <span style="float: left ; min-height: 26px"><span class="col abilitycol">Nightmare Heart</span><span class="col abilitycol"></span></span><span style="float: left ; min-height: 26px"><span class="col statcol"><em>HP</em><br>60</span> <span class="col statcol"><em>Atk</em><br>57</span> <span class="col statcol"><em>Def</em><br>108</span> <span class="col statcol"><em>SpA</em><br>185</span> <span class="col statcol"><em>SpD</em><br>108</span> <span class="col statcol"><em>Spe</em><br>102</span> </span></li><li style="clear: both"></li></ul></div><div class="spacer battle-history"><br></div><div class="battle-history">The opposing Chandelure used <strong>Shadow Ball</strong>!<br></div><div class="battle-history"><small>(Toxtricroak? lost <abbr title="−103/354">29.1%</abbr> of its health!)</small><br></div><div class="spacer battle-history"><br></div><div class="battle-history">Toxtricroak? used <strong>Volt Switch</strong>!<br></div><div class="battle-history"><small>(The opposing Chandelure lost 33% of its health!)</small><br></div><div class="chat chatmessage-pupugugu"><strong style="color:#2b7b91"><small>☆</small><span class="username" data-name="pupugugu">pupugugu</span>:</strong> <em>So fat ;;</em></div><div class="spacer battle-history"><br></div><div class="battle-history">Toxtricroak? went back to BlaueBrause!<br></div><div class="battle-history">Go! Nemo (<strong>Garchomp</strong>)!<br></div><div class="spacer battle-history"><br></div><div class="battle-history"><small>The opposing Chandelure was hurt by poison!</small><br></div><div class="spacer battle-history"><br></div><h2 class="battle-history">Turn 30</h2><div class="spacer battle-history"><br></div><div class="battle-history">Nemo, come back!<br></div><div class="battle-history">Go! Toxtricroak? (<strong>Toxtricity-Low-Key-Mega</strong>)!<br></div><div class="spacer battle-history"><br></div><div class="battle-history">The opposing Chandelure used <strong>Energy Ball</strong>!<br></div><div class="battle-history"><small>It's not very effective...</small><br></div><div class="battle-history"><small>(Toxtricroak? lost <abbr title="−40/354">11.3%</abbr> of its health!)</small><br></div><div class="spacer battle-history"><br></div><div class="battle-history"><small>The opposing Chandelure was hurt by poison!</small><br></div><div class="spacer battle-history"><br></div><h2 class="battle-history">Turn 31</h2><div class="spacer battle-history"><br></div><div class="battle-history">The opposing Chandelure used <strong>Flamethrower</strong>!<br></div><div class="battle-history"><small>(Toxtricroak? lost <abbr title="−123/354">34.7%</abbr> of its health!)</small><br></div><div class="spacer battle-history"><br></div><div class="battle-history">Toxtricroak? used <strong>Slack Off</strong>!<br></div><div class="battle-history"><small>Toxtricroak? had its HP restored.</small><br></div><div class="spacer battle-history"><br></div><div class="battle-history"><small>The opposing Chandelure was hurt by poison!</small><br></div><div class="spacer battle-history"><br></div><h2 class="battle-history">Turn 32</h2><div class="spacer battle-history"><br></div><div class="battle-history">The opposing Chandelure used <strong>Mind Blown</strong>!<br></div><div class="battle-history"><small>(Toxtricroak? lost <abbr title="−198/354">55.9%</abbr> of its health!)</small><br></div><div class="battle-history"><small>(The opposing Chandelure cut its own HP to power up its move!)</small><br></div><div class="spacer battle-history"><br></div><div class="battle-history">The opposing Chandelure fainted!<br></div><div class="battle-history">Toxtricroak? used <strong>Slack Off</strong>!<br></div><div class="battle-history"><small>Toxtricroak? had its HP restored.</small><br></div><div class="spacer battle-history"><br></div><div class="battle-history">pupugugu sent out <strong>Indeedee</strong>!<br></div><div class="battle-history">[The opposing Indeedee's Psychic Surge]<br><small>The battlefield got weird!</small><br></div><div class="spacer battle-history"><br></div><h2 class="battle-history">Turn 33</h2><div class="spacer battle-history"><br></div><div class="battle-history">Toxtricroak?, come back!<br></div><div class="battle-history">Go! Fidelis (<strong>Corviknight</strong>)!<br></div><div class="battle-history">[Fidelis's Pressure]<br><small>Fidelis is exerting its pressure!</small><br></div><div class="spacer battle-history"><br></div><div class="battle-history">The opposing Indeedee used <strong>Expanding Force</strong>!<br></div><div class="battle-history"><small>It's not very effective...</small><br></div><div class="battle-history"><small>(Fidelis lost <abbr title="−128/400">32%</abbr> of its health!)</small><br></div><div class="spacer battle-history"><br></div><div class="battle-history"><small>The opposing Indeedee restored a little HP using its Leftovers!</small><br></div><div class="battle-history"><small>The opposing Indeedee was hurt by poison!</small><br></div><div class="spacer battle-history"><br></div><h2 class="battle-history">Turn 34</h2><div class="spacer battle-history"><br></div><div class="battle-history">The opposing Indeedee used <strong>Expanding Force</strong>!<br></div><div class="battle-history"><small>It's not very effective...</small><br></div><div class="battle-history"><small>(Fidelis lost <abbr title="−132/400">33%</abbr> of its health!)</small><br></div><div class="spacer battle-history"><br></div><div class="battle-history">Fidelis used <strong>U-turn</strong>!<br></div><div class="battle-history"><small>It's super effective!</small><br></div><div class="battle-history"><small>(The opposing Indeedee lost 14% of its health!)</small><br></div><div class="spacer battle-history"><br></div><div class="battle-history">The opposing Indeedee fainted!<br></div><div class="spacer battle-history"><br></div><div class="battle-history">Fidelis went back to BlaueBrause!<br></div><div class="battle-history">Go! Nemo (<strong>Garchomp</strong>)!<br></div><div class="chat chatmessage-pupugugu"><strong style="color:#2b7b91"><small>☆</small><span class="username" data-name="pupugugu">pupugugu</span>:</strong> <em>Hmm gg</em></div><div class="chat chatmessage-blauebrause mine"><strong style="color:#6b66e4"><small>☆</small><span class="username" data-name="BlaueBrause">BlaueBrause</span>:</strong> <em>you could still win</em></div><div class="chat chatmessage-pupugugu"><strong style="color:#2b7b91"><small>☆</small><span class="username" data-name="pupugugu">pupugugu</span>:</strong> <em>Ehh</em></div><div class="chat chatmessage-pupugugu"><strong style="color:#2b7b91"><small>☆</small><span class="username" data-name="pupugugu">pupugugu</span>:</strong> <em>I'll try xd</em></div><div class="spacer battle-history"><br></div><div class="battle-history">pupugugu sent out <strong>Tangrowth</strong>!<br></div><div class="spacer battle-history"><br></div><h2 class="battle-history">Turn 35</h2><div class="spacer battle-history"><br></div><div class="battle-history">Nemo, come back!<br></div><div class="battle-history">Go! Fidelis (<strong>Corviknight</strong>)!<br></div><div class="battle-history">[Fidelis's Pressure]<br><small>Fidelis is exerting its pressure!</small><br></div><div class="spacer battle-history"><br></div><div class="battle-history">The opposing Tangrowth used <strong>Hidden Power</strong>!<br></div><div class="battle-history"><small>(Fidelis lost <abbr title="−50/400">12.5%</abbr> of its health!)</small><br></div><div class="spacer battle-history"><br></div><h2 class="battle-history">Turn 36</h2><div class="spacer battle-history"><br></div><div class="battle-history">Fidelis used <strong>Roost</strong>!<br></div><div class="battle-history"><small>Fidelis had its HP restored.</small><br></div><div class="battle-history"><small>(Fidelis loses Flying type this turn.)</small><br></div><div class="spacer battle-history"><br></div><div class="battle-history">The opposing Tangrowth used <strong>Sludge Bomb</strong>!<br></div><div class="battle-history"><small>It doesn't affect Fidelis...</small><br></div><div class="spacer battle-history"><br></div><h2 class="battle-history">Turn 37</h2><div class="spacer battle-history"><br></div><div class="battle-history">Fidelis used <strong>Roost</strong>!<br></div><div class="battle-history"><small>Fidelis had its HP restored.</small><br></div><div class="battle-history"><small>(Fidelis loses Flying type this turn.)</small><br></div><div class="spacer battle-history"><br></div><div class="battle-history">The opposing Tangrowth used <strong>Hidden Power</strong>!<br></div><div class="battle-history"><small>It's not very effective...</small><br></div><div class="battle-history"><small>(Fidelis lost <abbr title="−27/400">6.8%</abbr> of its health!)</small><br></div><div class="spacer battle-history"><br></div><div class="battle-history"><small>The weirdness disappeared from the battlefield!</small><br></div><div class="spacer battle-history"><br></div><h2 class="battle-history">Turn 38</h2><div class="spacer battle-history"><br></div><div class="battle-history">pupugugu withdrew Tangrowth!<br></div><div class="battle-history">pupugugu sent out <strong>Azumarill</strong>!<br></div><div class="spacer battle-history"><br></div><div class="battle-history">Fidelis used <strong>Roost</strong>!<br></div><div class="battle-history"><small>Fidelis had its HP restored.</small><br></div><div class="battle-history"><small>(Fidelis loses Flying type this turn.)</small><br></div><div class="spacer battle-history"><br></div><div class="battle-history"><small>The opposing Azumarill was hurt by poison!</small><br></div><div class="spacer battle-history"><br></div><h2 class="battle-history">Turn 39</h2><div class="spacer battle-history"><br></div><div class="battle-history">Fidelis, come back!<br></div><div class="battle-history">Go! Nemo (<strong>Garchomp</strong>)!<br></div><div class="spacer battle-history"><br></div><div class="battle-history">The opposing Azumarill used <strong>Belly Drum</strong>!<br></div><div class="battle-history"><small>(The opposing Azumarill lost 50% of its health!)</small><br></div><div class="battle-history"><small>The opposing Azumarill cut its own HP and maximized its Attack!</small><br></div><div class="battle-history"><small>(The opposing Azumarill ate its Sitrus Berry!)</small><br></div><div class="battle-history"><small>The opposing Azumarill restored HP using its Sitrus Berry!</small><br></div><div class="spacer battle-history"><br></div><div class="battle-history"><small>The opposing Azumarill was hurt by poison!</small><br></div><div class="spacer battle-history"><br></div><h2 class="battle-history">Turn 40</h2><div class="chat chatmessage-pupugugu"><strong style="color:#2b7b91"><small>☆</small><span class="username" data-name="pupugugu">pupugugu</span>:</strong> <em>Gg</em></div><div class="spacer battle-history"><br></div><div class="battle-history">The opposing Azumarill used <strong>Aqua Jet</strong>!<br></div><div class="battle-history"><small>(Nemo lost <abbr title="−215/357">60.2%</abbr> of its health!)</small><br></div><div class="battle-history">[Nemo's Rough Skin]<br><small>The opposing Azumarill was hurt!</small><br></div><div class="spacer battle-history"><br></div><div class="battle-history">Nemo fainted!<br></div><div class="spacer battle-history"><br></div><div class="battle-history"><small>The opposing Azumarill was hurt by poison!</small><br></div><div class="spacer battle-history"><br></div><div class="battle-history">The opposing Azumarill fainted!<br></div><div class="chat chatmessage-blauebrause mine"><strong style="color:#6b66e4"><small>☆</small><span class="username" data-name="BlaueBrause">BlaueBrause</span>:</strong> <em>gg</em></div><div class="battle-history"><small>pupugugu forfeited.</small><br></div><div class="spacer battle-history"><br></div><div class="battle-history"><strong>BlaueBrause</strong> won the battle!<br></div><div class="chat"><small>☆pupugugu left</small></div></div><div class="inner-preempt message-log"></div></div></div>
</div>
<script>
let daily = Math.floor(Date.now()/1000/60/60/24);document.write('<script src="https://dragonheaven.herokuapp.com/js/replay-embed.js?version'+daily+'"></'+'script>');
</script>
