<!DOCTYPE html>
<meta charset="utf-8" />
<!-- version 1 -->
<title>[Gen 8] M4A Monotype replay: Mossy Sandwich vs. okispokisSUB</title>
<style>
html,body {font-family:Verdana, sans-serif;font-size:10pt;margin:0;padding:0;}body{padding:12px 0;} .battle-log {font-family:Verdana, sans-serif;font-size:10pt;} .battle-log-inline {border:1px solid #AAAAAA;background:#EEF2F5;color:black;max-width:640px;margin:0 auto 80px;padding-bottom:5px;} .battle-log .inner {padding:4px 8px 0px 8px;} .battle-log .inner-preempt {padding:0 8px 4px 8px;} .battle-log .inner-after {margin-top:0.5em;} .battle-log h2 {margin:0.5em -8px;padding:4px 8px;border:1px solid #AAAAAA;background:#E0E7EA;border-left:0;border-right:0;font-family:Verdana, sans-serif;font-size:13pt;} .battle-log .chat {vertical-align:middle;padding:3px 0 3px 0;font-size:8pt;} .battle-log .chat strong {color:#40576A;} .battle-log .chat em {padding:1px 4px 1px 3px;color:#000000;font-style:normal;} .chat.mine {background:rgba(0,0,0,0.05);margin-left:-8px;margin-right:-8px;padding-left:8px;padding-right:8px;} .spoiler {color:#BBBBBB;background:#BBBBBB;padding:0px 3px;} .spoiler:hover, .spoiler:active, .spoiler-shown {color:#000000;background:#E2E2E2;padding:0px 3px;} .spoiler a {color:#BBBBBB;} .spoiler:hover a, .spoiler:active a, .spoiler-shown a {color:#2288CC;} .chat code, .chat .spoiler:hover code, .chat .spoiler:active code, .chat .spoiler-shown code {border:1px solid #C0C0C0;background:#EEEEEE;color:black;padding:0 2px;} .chat .spoiler code {border:1px solid #CCCCCC;background:#CCCCCC;color:#CCCCCC;} .battle-log .rated {padding:3px 4px;} .battle-log .rated strong {color:white;background:#89A;padding:1px 4px;border-radius:4px;} .spacer {margin-top:0.5em;} .message-announce {background:#6688AA;color:white;padding:1px 4px 2px;} .message-announce a, .broadcast-green a, .broadcast-blue a, .broadcast-red a {color:#DDEEFF;} .broadcast-green {background-color:#559955;color:white;padding:2px 4px;} .broadcast-blue {background-color:#6688AA;color:white;padding:2px 4px;} .infobox {border:1px solid #6688AA;padding:2px 4px;} .infobox-limited {max-height:200px;overflow:auto;overflow-x:hidden;} .broadcast-red {background-color:#AA5544;color:white;padding:2px 4px;} .message-learn-canlearn {font-weight:bold;color:#228822;text-decoration:underline;} .message-learn-cannotlearn {font-weight:bold;color:#CC2222;text-decoration:underline;} .message-effect-weak {font-weight:bold;color:#CC2222;} .message-effect-resist {font-weight:bold;color:#6688AA;} .message-effect-immune {font-weight:bold;color:#666666;} .message-learn-list {margin-top:0;margin-bottom:0;} .message-throttle-notice, .message-error {color:#992222;} .message-overflow, .chat small.message-overflow {font-size:0pt;} .message-overflow::before {font-size:9pt;content:'...';} .subtle {color:#3A4A66;}
</style>
<div class="wrapper replay-wrapper" style="max-width:1180px;margin:0 auto">
<input type="hidden" name="replayid" value="dragonheaven-gen8m4amonotype-927" />
<div class="battle"></div><div class="battle-log"></div><div class="replay-controls"></div><div class="replay-controls-2"></div>
<h1 style="font-weight:normal;text-align:center"><strong>[Gen 8] M4A Monotype</strong><br /><a href="http://pokemonshowdown.com/users/mossysandwich" class="subtle" target="_blank">Mossy Sandwich</a> vs. <a href="http://pokemonshowdown.com/users/okispokissub" class="subtle" target="_blank">okispokisSUB</a></h1>
<script type="text/plain" class="battle-log-data">|j|☆Mossy Sandwich
|j|☆okispokisSUB
|t:|1609287788
|player|p1|Mossy Sandwich|265|
|player|p2|okispokisSUB|2|
|teamsize|p1|6
|teamsize|p2|6
|gametype|singles
|gen|8
|tier|[Gen 8] M4A Monotype
|rule|Same Type Clause: Pokémon in a team must share a type
|clearpoke
|poke|p1|Flygon, M|
|poke|p1|Excadrill, M|
|poke|p1|Nidoqueen, F|
|poke|p1|Gliscor, M|
|poke|p1|Gastrodon, F|
|poke|p1|Landorus-Therian, M|
|poke|p2|Drapion, M|
|poke|p2|Weezing-Galar, M|
|poke|p2|Toxapex, F|
|poke|p2|Nidoking, M|
|poke|p2|Amoonguss, M|
|poke|p2|Scolipede, F|
|rule|HP Percentage Mod: HP is shown in percentages
|rule|Endless Battle Clause: Forcing endless battles is banned
|rule|OHKO Clause: OHKO moves are banned
|rule|Evasion Moves Clause: Evasion moves are banned
|rule|Species Clause: Limit one of each Pokémon
|rule|Dynamax Clause: You cannot dynamax
|rule|Sleep Clause Mod: Limit one foe put to sleep
|rule|Freeze Clause Mod: Limit one foe frozen
|teampreview
|c|☆Mossy Sandwich|gl hf
|c|☆okispokisSUB|*sigh*
|c|☆okispokisSUB|glhf
|j| inkbug1

|
|t:|1609287822
|start
|switch|p1a: Flygon|Flygon, M|100\/100
|switch|p2a: Blue|Nidoking, M, shiny|100\/100
|turn|1
|
|t:|1609287831
|switch|p1a: Gastrodon|Gastrodon, F|100\/100
|switch|p2a: Doug Dimmadome|Weezing-Galar, M|100\/100
|
|upkeep
|turn|2
|
|t:|1609287844
|switch|p2a: You Hate It|Toxapex, F, shiny|100\/100
|move|p1a: Gastrodon|Scald|p2a: You Hate It
|-resisted|p2a: You Hate It
|-damage|p2a: You Hate It|90\/100
|
|-heal|p2a: You Hate It|96\/100|[from] item: Black Sludge
|upkeep
|turn|3
|j| BlaueBrause
|
|t:|1609287867
|switch|p1a: Nidoqueen|Nidoqueen, F|100\/100
|switch|p2a: Doug Dimmadome|Weezing-Galar, M|100\/100
|
|upkeep
|turn|4
|
|t:|1609287877
|move|p1a: Nidoqueen|Stealth Rock|p2a: Doug Dimmadome
|-sidestart|p2: okispokisSUB|move: Stealth Rock
|move|p2a: Doug Dimmadome|Flamethrower|p1a: Nidoqueen
|-damage|p1a: Nidoqueen|74\/100
|
|upkeep
|turn|5
|
|t:|1609287883
|move|p1a: Nidoqueen|Sludge Wave|p2a: Doug Dimmadome
|-damage|p2a: Doug Dimmadome|44\/100
|move|p2a: Doug Dimmadome|Defog|p1a: Nidoqueen
|-unboost|p1a: Nidoqueen|evasion|1
|-sideend|p2: okispokisSUB|Stealth Rock|[from] move: Defog|[of] p2a: Doug Dimmadome
|
|upkeep
|turn|6
|
|t:|1609287910
|switch|p2a: Blue|Nidoking, M, shiny|100\/100
|move|p1a: Nidoqueen|Earth Power|p2a: Blue
|-supereffective|p2a: Blue
|-damage|p2a: Blue|0 fnt
|faint|p2a: Blue
|
|upkeep
|
|t:|1609287928
|switch|p2a: Sting|Scolipede, F, shiny|100\/100
|turn|7
|
|t:|1609287932
|move|p2a: Sting|Swords Dance|p2a: Sting
|-boost|p2a: Sting|atk|2
|move|p1a: Nidoqueen|Earth Power|p2a: Sting
|-damage|p2a: Sting|31\/100
|
|-ability|p2a: Sting|Speed Boost|boost
|-boost|p2a: Sting|spe|1
|upkeep
|turn|8
|
|t:|1609287940
|move|p2a: Sting|Aqua Tail|p1a: Nidoqueen
|-supereffective|p1a: Nidoqueen
|-damage|p1a: Nidoqueen|0 fnt
|faint|p1a: Nidoqueen
|
|-ability|p2a: Sting|Speed Boost|boost
|-boost|p2a: Sting|spe|1
|upkeep
|
|t:|1609287942
|switch|p1a: Gliscor|Gliscor, M|100\/100
|turn|9
|
|t:|1609287954
|move|p2a: Sting|Aqua Tail|p1a: Gliscor
|-supereffective|p1a: Gliscor
|-damage|p1a: Gliscor|33\/100
|move|p1a: Gliscor|Facade|p2a: Sting
|-damage|p2a: Sting|10\/100
|
|-ability|p2a: Sting|Speed Boost|boost
|-boost|p2a: Sting|spe|1
|-status|p1a: Gliscor|tox|[from] item: Toxic Orb
|upkeep
|turn|10
|
|t:|1609287966
|move|p2a: Sting|Aqua Tail|p1a: Gliscor
|-supereffective|p1a: Gliscor
|-damage|p1a: Gliscor|0 fnt
|faint|p1a: Gliscor
|
|-ability|p2a: Sting|Speed Boost|boost
|-boost|p2a: Sting|spe|1
|upkeep
|
|t:|1609287973
|switch|p1a: Landorus|Landorus-Therian, M|100\/100
|-ability|p1a: Landorus|Intimidate|boost
|-unboost|p2a: Sting|atk|1
|turn|11
|
|t:|1609287981
|move|p2a: Sting|Aqua Tail|p1a: Landorus
|-supereffective|p1a: Landorus
|-crit|p1a: Landorus
|-damage|p1a: Landorus|0 fnt
|faint|p1a: Landorus
|
|-ability|p2a: Sting|Speed Boost|boost
|-boost|p2a: Sting|spe|1
|upkeep
|
|t:|1609287983
|switch|p1a: Gastrodon|Gastrodon, F|100\/100
|turn|12
|
|t:|1609288001
|move|p2a: Sting|Megahorn|p1a: Gastrodon|[miss]
|-miss|p2a: Sting|p1a: Gastrodon
|move|p1a: Gastrodon|Scald|p2a: Sting
|-damage|p2a: Sting|0 fnt
|faint|p2a: Sting
|
|upkeep
|
|t:|1609288012
|switch|p2a: I Hate It|Amoonguss, M, shiny|100\/100
|turn|13
|
|t:|1609288020
|move|p1a: Gastrodon|Earth Power|p2a: I Hate It
|-damage|p2a: I Hate It|72\/100
|move|p2a: I Hate It|Giga Drain|p1a: Gastrodon
|-supereffective|p1a: Gastrodon
|-damage|p1a: Gastrodon|19\/100
|-heal|p2a: I Hate It|100\/100|[from] drain|[of] p1a: Gastrodon
|
|-heal|p1a: Gastrodon|25\/100|[from] item: Leftovers
|upkeep
|turn|14
|
|t:|1609288028
|move|p1a: Gastrodon|Earth Power|p2a: I Hate It
|-damage|p2a: I Hate It|71\/100
|move|p2a: I Hate It|Giga Drain|p1a: Gastrodon
|-supereffective|p1a: Gastrodon
|-damage|p1a: Gastrodon|0 fnt
|-heal|p2a: I Hate It|83\/100|[from] drain|[of] p1a: Gastrodon
|faint|p1a: Gastrodon
|
|upkeep
|
|t:|1609288032
|switch|p1a: Flygon|Flygon, M|100\/100
|turn|15
|
|t:|1609288050
|detailschange|p1a: Flygon|Flygon-Mega, M
|-mega|p1a: Flygon|Flygon|Flygonite
|-ability|p1a: Flygon|Desert Gales
|-weather|Desert Gales|[silent]
|-message|Desert gales kicked up!
|-message|Normal-type moves will become Ground-type.
|-message|Rock-, Ground- and Steel-type moves will also have their power increased.
|-message|Other weather-related moves and Abilities will behave as they do in sandstorm.
|-start|p1a: Flygon|typechange|Ground\/Dragon|[silent]
|raw|<ul class="utilichart"><li class="result"><span class="col pokemonnamecol" style="white-space: nowrap">Flygon-Mega<\/span> <span class="col typecol"><img src="https:\/\/play.pokemonshowdown.com\/sprites\/types\/Ground.png" alt="Ground" height="14" width="32"><img src="https:\/\/play.pokemonshowdown.com\/sprites\/types\/Dragon.png" alt="Dragon" height="14" width="32"><\/span> <span style="float: left ; min-height: 26px"><span class="col abilitycol">Desert Gales<\/span><span class="col abilitycol"><\/span><\/span><span style="float: left ; min-height: 26px"><span class="col statcol"><em>HP<\/em><br>80<\/span> <span class="col statcol"><em>Atk<\/em><br>130<\/span> <span class="col statcol"><em>Def<\/em><br>95<\/span> <span class="col statcol"><em>SpA<\/em><br>105<\/span> <span class="col statcol"><em>SpD<\/em><br>105<\/span> <span class="col statcol"><em>Spe<\/em><br>105<\/span> <\/span><\/li><li style="clear: both"><\/li><\/ul>
|-message|Boomburst became Ground-type in the desert gales!
|move|p1a: Flygon|Boomburst|p2a: I Hate It
|-message|Boomburst was powered up by the desert gales!
|-damage|p2a: I Hate It|7\/100
|move|p2a: I Hate It|Spore|p1a: Flygon
|-status|p1a: Flygon|slp|[from] move: Spore
|
|-weather|Desert Gales|[upkeep]
|-message|The desert gales are raging!
|upkeep
|turn|16
|
|t:|1609288061
|switch|p1a: Excadrill|Excadrill, M|100\/100
|switch|p2a: Doug Dimmadome|Weezing-Galar, M|44\/100
|
|-weather|Desert Gales|[upkeep]
|-message|The desert gales are raging!
|upkeep
|turn|17
|
|t:|1609288077
|move|p1a: Excadrill|Iron Head|p2a: Doug Dimmadome
|-message|Iron Head was powered up by the desert gales!
|-supereffective|p2a: Doug Dimmadome
|-damage|p2a: Doug Dimmadome|0 fnt
|-damage|p1a: Excadrill|84\/100|[from] item: Rocky Helmet|[of] p2a: Doug Dimmadome
|-damage|p1a: Excadrill|74\/100|[from] item: Life Orb
|faint|p2a: Doug Dimmadome
|
|-weather|Desert Gales|[upkeep]
|-message|The desert gales are raging!
|upkeep
|
|t:|1609288095
|switch|p2a: I Hate It|Amoonguss, M, shiny|40\/100
|turn|18
|
|t:|1609288105
|switch|p2a: You Hate It|Toxapex, F, shiny|100\/100
|move|p1a: Excadrill|Earthquake|p2a: You Hate It
|-message|Earthquake was powered up by the desert gales!
|-supereffective|p2a: You Hate It
|-damage|p2a: You Hate It|0 fnt
|-damage|p1a: Excadrill|64\/100|[from] item: Life Orb
|faint|p2a: You Hate It
|
|-weather|Desert Gales|[upkeep]
|-message|The desert gales are raging!
|upkeep
|
|t:|1609288122
|switch|p2a: I Hate It|Amoonguss, M, shiny|74\/100
|turn|19
|
|t:|1609288128
|move|p1a: Excadrill|Earthquake|p2a: I Hate It
|-message|Earthquake was powered up by the desert gales!
|-damage|p2a: I Hate It|0 fnt
|-damage|p1a: Excadrill|54\/100|[from] item: Life Orb
|faint|p2a: I Hate It
|
|-weather|none|[silent]
|-message|The desert gales subsided!
|upkeep
|
|t:|1609288134
|switch|p2a: Get Over Here!|Drapion, M|100\/100
|turn|20
|
|t:|1609288141
|switch|p1a: Flygon|Flygon-Mega, M|100\/100 slp
|-start|p1a: Flygon|typechange|Ground\/Dragon|[silent]
|-ability|p1a: Flygon|Desert Gales
|-weather|Desert Gales|[silent]
|-message|Desert gales kicked up!
|-message|Normal-type moves will become Ground-type.
|-message|Rock-, Ground- and Steel-type moves will also have their power increased.
|-message|Other weather-related moves and Abilities will behave as they do in sandstorm.
|move|p2a: Get Over Here!|Earthquake|p1a: Flygon
|-message|Earthquake was powered up by the desert gales!
|-damage|p1a: Flygon|58\/100 slp
|
|-weather|Desert Gales|[upkeep]
|-message|The desert gales are raging!
|upkeep
|turn|21
|
|t:|1609288151
|detailschange|p2a: Get Over Here!|Drapion-Mega, M
|-mega|p2a: Get Over Here!|Drapion|Drapionite
|-start|p2a: Get Over Here!|typechange|Poison\/Dark|[silent]
|raw|<ul class="utilichart"><li class="result"><span class="col pokemonnamecol" style="white-space: nowrap">Drapion-Mega<\/span> <span class="col typecol"><img src="https:\/\/play.pokemonshowdown.com\/sprites\/types\/Poison.png" alt="Poison" height="14" width="32"><img src="https:\/\/play.pokemonshowdown.com\/sprites\/types\/Dark.png" alt="Dark" height="14" width="32"><\/span> <span style="float: left ; min-height: 26px"><span class="col abilitycol">Steelbreaker<\/span><span class="col abilitycol"><\/span><\/span><span style="float: left ; min-height: 26px"><span class="col statcol"><em>HP<\/em><br>70<\/span> <span class="col statcol"><em>Atk<\/em><br>130<\/span> <span class="col statcol"><em>Def<\/em><br>150<\/span> <span class="col statcol"><em>SpA<\/em><br>60<\/span> <span class="col statcol"><em>SpD<\/em><br>105<\/span> <span class="col statcol"><em>Spe<\/em><br>85<\/span> <\/span><\/li><li style="clear: both"><\/li><\/ul>
|cant|p1a: Flygon|slp
|move|p2a: Get Over Here!|Earthquake|p1a: Flygon
|-message|Earthquake was powered up by the desert gales!
|-damage|p1a: Flygon|2\/100 slp
|
|-weather|Desert Gales|[upkeep]
|-message|The desert gales are raging!
|upkeep
|turn|22
|
|t:|1609288159
|-curestatus|p1a: Flygon|slp|[msg]
|-message|Boomburst became Ground-type in the desert gales!
|move|p1a: Flygon|Boomburst|p2a: Get Over Here!
|-message|Boomburst was powered up by the desert gales!
|-supereffective|p2a: Get Over Here!
|-damage|p2a: Get Over Here!|0 fnt
|faint|p2a: Get Over Here!
|
|win|Mossy Sandwich
|c|☆Mossy Sandwich|gg
|c|☆okispokisSUB|gg</script>
</div>
<div class="battle-log battle-log-inline"><div class="inner"><div class="battle-options"><div style="padding-top: 3px; padding-right: 3px; text-align: right"><button class="icon button" name="openBattleOptions" title="Options">Battle Options</button></div></div><div class="inner message-log"><div class="chat"><small>☆Mossy Sandwich and ☆okispokisSUB joined</small></div><div class=""><small>Format:</small> <br><strong>[Gen 8] M4A Monotype</strong></div><div class=""><small><em>Same Type Clause:</em> Pokémon in a team must share a type</small></div><div class=""><small><em>HP Percentage Mod:</em> HP is shown in percentages</small></div><div class=""><small><em>Endless Battle Clause:</em> Forcing endless battles is banned</small></div><div class=""><small><em>OHKO Clause:</em> OHKO moves are banned</small></div><div class=""><small><em>Evasion Moves Clause:</em> Evasion moves are banned</small></div><div class=""><small><em>Species Clause:</em> Limit one of each Pokémon</small></div><div class=""><small><em>Dynamax Clause:</em> You cannot dynamax</small></div><div class=""><small><em>Sleep Clause Mod:</em> Limit one foe put to sleep</small></div><div class=""><small><em>Freeze Clause Mod:</em> Limit one foe frozen</small></div><div class="chat battle-history"><strong>Mossy Sandwich's team:</strong> <em style="color:#445566;display:block;">Flygon / Excadrill / Nidoqueen / Gliscor / Gastrodon / Landorus-Therian</em></div><div class="chat battle-history"><strong>okispokisSUB's team:</strong> <em style="color:#445566;display:block;">Drapion / Weezing-Galar / Toxapex / Nidoking / Amoonguss / Scolipede</em></div><div class="chat chatmessage-mossysandwich"><strong style="color:#ba49a2"><small>☆</small><span class="username" data-name="Mossy Sandwich">Mossy Sandwich</span>:</strong> <em>gl hf</em></div><div class="chat chatmessage-okispokissub"><strong style="color:#909622"><small>☆</small><span class="username" data-name="okispokisSUB">okispokisSUB</span>:</strong> <em>*sigh*</em></div><div class="chat chatmessage-okispokissub"><strong style="color:#909622"><small>☆</small><span class="username" data-name="okispokisSUB">okispokisSUB</span>:</strong> <em>glhf</em></div><div class="chat"><small> inkbug1 joined</small></div><div class="spacer battle-history"><br></div><div class="battle-history">Battle started between Mossy Sandwich and okispokisSUB!<br></div><div class="spacer battle-history"><br></div><div class="battle-history">Go! <strong>Flygon</strong>!<br></div><div class="spacer battle-history"><br></div><div class="battle-history">okispokisSUB sent out Blue (<strong>Nidoking</strong>)!<br></div><div class="spacer battle-history"><br></div><h2 class="battle-history">Turn 1</h2><div class="spacer battle-history"><br></div><div class="battle-history">Flygon, come back!<br></div><div class="battle-history">Go! <strong>Gastrodon</strong>!<br></div><div class="spacer battle-history"><br></div><div class="battle-history">okispokisSUB withdrew Blue!<br></div><div class="battle-history">okispokisSUB sent out Doug Dimmadome (<strong>Weezing-Galar</strong>)!<br></div><div class="spacer battle-history"><br></div><h2 class="battle-history">Turn 2</h2><div class="spacer battle-history"><br></div><div class="battle-history">okispokisSUB withdrew Doug Dimmadome!<br></div><div class="battle-history">okispokisSUB sent out You Hate It (<strong>Toxapex</strong>)!<br></div><div class="spacer battle-history"><br></div><div class="battle-history">Gastrodon used <strong>Scald</strong>!<br></div><div class="battle-history"><small>It's not very effective...</small><br></div><div class="battle-history"><small>(The opposing You Hate It lost 10% of its health!)</small><br></div><div class="spacer battle-history"><br></div><div class="battle-history"><small>The opposing You Hate It restored a little HP using its Black Sludge!</small><br></div><div class="spacer battle-history"><br></div><h2 class="battle-history">Turn 3</h2><div class="chat"><small> BlaueBrause joined</small></div><div class="spacer battle-history"><br></div><div class="battle-history">Gastrodon, come back!<br></div><div class="battle-history">Go! <strong>Nidoqueen</strong>!<br></div><div class="spacer battle-history"><br></div><div class="battle-history">okispokisSUB withdrew You Hate It!<br></div><div class="battle-history">okispokisSUB sent out Doug Dimmadome (<strong>Weezing-Galar</strong>)!<br></div><div class="spacer battle-history"><br></div><h2 class="battle-history">Turn 4</h2><div class="spacer battle-history"><br></div><div class="battle-history">Nidoqueen used <strong>Stealth Rock</strong>!<br></div><div class="battle-history"><small>Pointed stones float in the air around the opposing team!</small><br></div><div class="spacer battle-history"><br></div><div class="battle-history">The opposing Doug Dimmadome used <strong>Flamethrower</strong>!<br></div><div class="battle-history"><small>(Nidoqueen lost 26% of its health!)</small><br></div><div class="spacer battle-history"><br></div><h2 class="battle-history">Turn 5</h2><div class="spacer battle-history"><br></div><div class="battle-history">Nidoqueen used <strong>Sludge Wave</strong>!<br></div><div class="battle-history"><small>(The opposing Doug Dimmadome lost 56% of its health!)</small><br></div><div class="spacer battle-history"><br></div><div class="battle-history">The opposing Doug Dimmadome used <strong>Defog</strong>!<br></div><div class="battle-history"><small>Nidoqueen's evasiveness fell!</small><br></div><div class="battle-history"><small>The pointed stones disappeared from around the opposing team!</small><br></div><div class="spacer battle-history"><br></div><h2 class="battle-history">Turn 6</h2><div class="spacer battle-history"><br></div><div class="battle-history">okispokisSUB withdrew Doug Dimmadome!<br></div><div class="battle-history">okispokisSUB sent out Blue (<strong>Nidoking</strong>)!<br></div><div class="spacer battle-history"><br></div><div class="battle-history">Nidoqueen used <strong>Earth Power</strong>!<br></div><div class="battle-history"><small>It's super effective!</small><br></div><div class="battle-history"><small>(The opposing Blue lost 100% of its health!)</small><br></div><div class="spacer battle-history"><br></div><div class="battle-history">The opposing Blue fainted!<br></div><div class="spacer battle-history"><br></div><div class="battle-history">okispokisSUB sent out Sting (<strong>Scolipede</strong>)!<br></div><div class="spacer battle-history"><br></div><h2 class="battle-history">Turn 7</h2><div class="spacer battle-history"><br></div><div class="battle-history">The opposing Sting used <strong>Swords Dance</strong>!<br></div><div class="battle-history"><small>The opposing Sting's Attack rose sharply!</small><br></div><div class="spacer battle-history"><br></div><div class="battle-history">Nidoqueen used <strong>Earth Power</strong>!<br></div><div class="battle-history"><small>(The opposing Sting lost 69% of its health!)</small><br></div><div class="spacer battle-history"><br></div><div class="battle-history">[The opposing Sting's Speed Boost]<br></div><div class="battle-history"><small>The opposing Sting's Speed rose!</small><br></div><div class="spacer battle-history"><br></div><h2 class="battle-history">Turn 8</h2><div class="spacer battle-history"><br></div><div class="battle-history">The opposing Sting used <strong>Aqua Tail</strong>!<br></div><div class="battle-history"><small>It's super effective!</small><br></div><div class="battle-history"><small>(Nidoqueen lost 74% of its health!)</small><br></div><div class="spacer battle-history"><br></div><div class="battle-history">Nidoqueen fainted!<br></div><div class="spacer battle-history"><br></div><div class="battle-history">[The opposing Sting's Speed Boost]<br></div><div class="battle-history"><small>The opposing Sting's Speed rose!</small><br></div><div class="spacer battle-history"><br></div><div class="battle-history">Go! <strong>Gliscor</strong>!<br></div><div class="spacer battle-history"><br></div><h2 class="battle-history">Turn 9</h2><div class="spacer battle-history"><br></div><div class="battle-history">The opposing Sting used <strong>Aqua Tail</strong>!<br></div><div class="battle-history"><small>It's super effective!</small><br></div><div class="battle-history"><small>(Gliscor lost 67% of its health!)</small><br></div><div class="spacer battle-history"><br></div><div class="battle-history">Gliscor used <strong>Facade</strong>!<br></div><div class="battle-history"><small>(The opposing Sting lost 21% of its health!)</small><br></div><div class="spacer battle-history"><br></div><div class="battle-history">[The opposing Sting's Speed Boost]<br></div><div class="battle-history"><small>The opposing Sting's Speed rose!</small><br></div><div class="battle-history"><small>Gliscor was badly poisoned!</small><br></div><div class="spacer battle-history"><br></div><h2 class="battle-history">Turn 10</h2><div class="spacer battle-history"><br></div><div class="battle-history">The opposing Sting used <strong>Aqua Tail</strong>!<br></div><div class="battle-history"><small>It's super effective!</small><br></div><div class="battle-history"><small>(Gliscor lost 33% of its health!)</small><br></div><div class="spacer battle-history"><br></div><div class="battle-history">Gliscor fainted!<br></div><div class="spacer battle-history"><br></div><div class="battle-history">[The opposing Sting's Speed Boost]<br></div><div class="battle-history"><small>The opposing Sting's Speed rose!</small><br></div><div class="spacer battle-history"><br></div><div class="battle-history">Go! Landorus (<strong>Landorus-Therian</strong>)!<br></div><div class="battle-history">[Landorus's Intimidate]<br></div><div class="battle-history"><small>The opposing Sting's Attack fell!</small><br></div><div class="spacer battle-history"><br></div><h2 class="battle-history">Turn 11</h2><div class="spacer battle-history"><br></div><div class="battle-history">The opposing Sting used <strong>Aqua Tail</strong>!<br></div><div class="battle-history"><small>It's super effective!</small><br></div><div class="battle-history"><small>A critical hit!</small><br></div><div class="battle-history"><small>(Landorus lost 100% of its health!)</small><br></div><div class="spacer battle-history"><br></div><div class="battle-history">Landorus fainted!<br></div><div class="spacer battle-history"><br></div><div class="battle-history">[The opposing Sting's Speed Boost]<br></div><div class="battle-history"><small>The opposing Sting's Speed rose!</small><br></div><div class="spacer battle-history"><br></div><div class="battle-history">Go! <strong>Gastrodon</strong>!<br></div><div class="spacer battle-history"><br></div><h2 class="battle-history">Turn 12</h2><div class="spacer battle-history"><br></div><div class="battle-history">The opposing Sting used <strong>Megahorn</strong>!<br></div><div class="battle-history"><small>Gastrodon avoided the attack!</small><br></div><div class="spacer battle-history"><br></div><div class="battle-history">Gastrodon used <strong>Scald</strong>!<br></div><div class="battle-history"><small>(The opposing Sting lost 10% of its health!)</small><br></div><div class="spacer battle-history"><br></div><div class="battle-history">The opposing Sting fainted!<br></div><div class="spacer battle-history"><br></div><div class="battle-history">okispokisSUB sent out I Hate It (<strong>Amoonguss</strong>)!<br></div><div class="spacer battle-history"><br></div><h2 class="battle-history">Turn 13</h2><div class="spacer battle-history"><br></div><div class="battle-history">Gastrodon used <strong>Earth Power</strong>!<br></div><div class="battle-history"><small>(The opposing I Hate It lost 28% of its health!)</small><br></div><div class="spacer battle-history"><br></div><div class="battle-history">The opposing I Hate It used <strong>Giga Drain</strong>!<br></div><div class="battle-history"><small>It's super effective!</small><br></div><div class="battle-history"><small>(Gastrodon lost 81% of its health!)</small><br></div><div class="battle-history"><small>Gastrodon had its energy drained!</small><br></div><div class="spacer battle-history"><br></div><div class="battle-history"><small>Gastrodon restored a little HP using its Leftovers!</small><br></div><div class="spacer battle-history"><br></div><h2 class="battle-history">Turn 14</h2><div class="spacer battle-history"><br></div><div class="battle-history">Gastrodon used <strong>Earth Power</strong>!<br></div><div class="battle-history"><small>(The opposing I Hate It lost 29% of its health!)</small><br></div><div class="spacer battle-history"><br></div><div class="battle-history">The opposing I Hate It used <strong>Giga Drain</strong>!<br></div><div class="battle-history"><small>It's super effective!</small><br></div><div class="battle-history"><small>(Gastrodon lost 25% of its health!)</small><br></div><div class="battle-history"><small>Gastrodon had its energy drained!</small><br></div><div class="spacer battle-history"><br></div><div class="battle-history">Gastrodon fainted!<br></div><div class="spacer battle-history"><br></div><div class="battle-history">Go! <strong>Flygon</strong>!<br></div><div class="spacer battle-history"><br></div><h2 class="battle-history">Turn 15</h2><div class="spacer battle-history"><br></div><div class="battle-history"><small>Flygon's Flygonite is reacting to the Key Stone!</small><br>Flygon has Mega Evolved into Mega Flygon!<br></div><div class="battle-history">[Flygon's Desert Gales]<br></div><div class="battle-history"><small>Desert gales kicked up!</small><br></div><div class="battle-history"><small>Normal-type moves will become Ground-type.</small><br></div><div class="battle-history"><small>Rock-, Ground- and Steel-type moves will also have their power increased.</small><br></div><div class="battle-history"><small>Other weather-related moves and Abilities will behave as they do in sandstorm.</small><br></div><div class="chat"><ul class="utilichart"><li class="result"><span class="col pokemonnamecol" style="white-space: nowrap">Flygon-Mega</span> <span class="col typecol"><img src="https://play.pokemonshowdown.com/sprites/types/Ground.png" alt="Ground" height="14" width="32"><img src="https://play.pokemonshowdown.com/sprites/types/Dragon.png" alt="Dragon" height="14" width="32"></span> <span style="float: left ; min-height: 26px"><span class="col abilitycol">Desert Gales</span><span class="col abilitycol"></span></span><span style="float: left ; min-height: 26px"><span class="col statcol"><em>HP</em><br>80</span> <span class="col statcol"><em>Atk</em><br>130</span> <span class="col statcol"><em>Def</em><br>95</span> <span class="col statcol"><em>SpA</em><br>105</span> <span class="col statcol"><em>SpD</em><br>105</span> <span class="col statcol"><em>Spe</em><br>105</span> </span></li><li style="clear: both"></li></ul></div><div class="battle-history"><small>Boomburst became Ground-type in the desert gales!</small><br></div><div class="spacer battle-history"><br></div><div class="battle-history">Flygon used <strong>Boomburst</strong>!<br></div><div class="battle-history"><small>Boomburst was powered up by the desert gales!</small><br></div><div class="battle-history"><small>(The opposing I Hate It lost 76% of its health!)</small><br></div><div class="spacer battle-history"><br></div><div class="battle-history">The opposing I Hate It used <strong>Spore</strong>!<br></div><div class="battle-history"><small>Flygon fell asleep!</small><br></div><div class="spacer battle-history"><br></div><div class="battle-history"><small>The desert gales are raging!</small><br></div><div class="spacer battle-history"><br></div><h2 class="battle-history">Turn 16</h2><div class="spacer battle-history"><br></div><div class="battle-history">Flygon, come back!<br></div><div class="battle-history">Go! <strong>Excadrill</strong>!<br></div><div class="spacer battle-history"><br></div><div class="battle-history">okispokisSUB withdrew I Hate It!<br></div><div class="battle-history">okispokisSUB sent out Doug Dimmadome (<strong>Weezing-Galar</strong>)!<br></div><div class="spacer battle-history"><br></div><div class="battle-history"><small>The desert gales are raging!</small><br></div><div class="spacer battle-history"><br></div><h2 class="battle-history">Turn 17</h2><div class="spacer battle-history"><br></div><div class="battle-history">Excadrill used <strong>Iron Head</strong>!<br></div><div class="battle-history"><small>Iron Head was powered up by the desert gales!</small><br></div><div class="battle-history"><small>It's super effective!</small><br></div><div class="battle-history"><small>(The opposing Doug Dimmadome lost 44% of its health!)</small><br></div><div class="battle-history"><small>Excadrill was hurt by the Rocky Helmet!</small><br></div><div class="battle-history"><small>Excadrill lost some of its HP!</small><br></div><div class="spacer battle-history"><br></div><div class="battle-history">The opposing Doug Dimmadome fainted!<br></div><div class="spacer battle-history"><br></div><div class="battle-history"><small>The desert gales are raging!</small><br></div><div class="spacer battle-history"><br></div><div class="battle-history">okispokisSUB sent out I Hate It (<strong>Amoonguss</strong>)!<br></div><div class="spacer battle-history"><br></div><h2 class="battle-history">Turn 18</h2><div class="spacer battle-history"><br></div><div class="battle-history">okispokisSUB withdrew I Hate It!<br></div><div class="battle-history">okispokisSUB sent out You Hate It (<strong>Toxapex</strong>)!<br></div><div class="spacer battle-history"><br></div><div class="battle-history">Excadrill used <strong>Earthquake</strong>!<br></div><div class="battle-history"><small>Earthquake was powered up by the desert gales!</small><br></div><div class="battle-history"><small>It's super effective!</small><br></div><div class="battle-history"><small>(The opposing You Hate It lost 100% of its health!)</small><br></div><div class="battle-history"><small>Excadrill lost some of its HP!</small><br></div><div class="spacer battle-history"><br></div><div class="battle-history">The opposing You Hate It fainted!<br></div><div class="spacer battle-history"><br></div><div class="battle-history"><small>The desert gales are raging!</small><br></div><div class="spacer battle-history"><br></div><div class="battle-history">okispokisSUB sent out I Hate It (<strong>Amoonguss</strong>)!<br></div><div class="spacer battle-history"><br></div><h2 class="battle-history">Turn 19</h2><div class="spacer battle-history"><br></div><div class="battle-history">Excadrill used <strong>Earthquake</strong>!<br></div><div class="battle-history"><small>Earthquake was powered up by the desert gales!</small><br></div><div class="battle-history"><small>(The opposing I Hate It lost 74% of its health!)</small><br></div><div class="battle-history"><small>Excadrill lost some of its HP!</small><br></div><div class="spacer battle-history"><br></div><div class="battle-history">The opposing I Hate It fainted!<br></div><div class="spacer battle-history"><br></div><div class="battle-history"><small>The desert gales subsided!</small><br></div><div class="spacer battle-history"><br></div><div class="battle-history">okispokisSUB sent out Get Over Here! (<strong>Drapion</strong>)!<br></div><div class="spacer battle-history"><br></div><h2 class="battle-history">Turn 20</h2><div class="spacer battle-history"><br></div><div class="battle-history">Excadrill, come back!<br></div><div class="battle-history">Go! Flygon (<strong>Flygon-Mega</strong>)!<br></div><div class="battle-history">[Flygon's Desert Gales]<br></div><div class="battle-history"><small>Desert gales kicked up!</small><br></div><div class="battle-history"><small>Normal-type moves will become Ground-type.</small><br></div><div class="battle-history"><small>Rock-, Ground- and Steel-type moves will also have their power increased.</small><br></div><div class="battle-history"><small>Other weather-related moves and Abilities will behave as they do in sandstorm.</small><br></div><div class="spacer battle-history"><br></div><div class="battle-history">The opposing Get Over Here! used <strong>Earthquake</strong>!<br></div><div class="battle-history"><small>Earthquake was powered up by the desert gales!</small><br></div><div class="battle-history"><small>(Flygon lost 42% of its health!)</small><br></div><div class="spacer battle-history"><br></div><div class="battle-history"><small>The desert gales are raging!</small><br></div><div class="spacer battle-history"><br></div><h2 class="battle-history">Turn 21</h2><div class="spacer battle-history"><br></div><div class="battle-history"><small>The opposing Get Over Here!'s Drapionite is reacting to the Key Stone!</small><br>The opposing Get Over Here! has Mega Evolved into Mega Drapion!<br></div><div class="chat"><ul class="utilichart"><li class="result"><span class="col pokemonnamecol" style="white-space: nowrap">Drapion-Mega</span> <span class="col typecol"><img src="https://play.pokemonshowdown.com/sprites/types/Poison.png" alt="Poison" height="14" width="32"><img src="https://play.pokemonshowdown.com/sprites/types/Dark.png" alt="Dark" height="14" width="32"></span> <span style="float: left ; min-height: 26px"><span class="col abilitycol">Steelbreaker</span><span class="col abilitycol"></span></span><span style="float: left ; min-height: 26px"><span class="col statcol"><em>HP</em><br>70</span> <span class="col statcol"><em>Atk</em><br>130</span> <span class="col statcol"><em>Def</em><br>150</span> <span class="col statcol"><em>SpA</em><br>60</span> <span class="col statcol"><em>SpD</em><br>105</span> <span class="col statcol"><em>Spe</em><br>85</span> </span></li><li style="clear: both"></li></ul></div><div class="spacer battle-history"><br></div><div class="battle-history">Flygon is fast asleep.<br></div><div class="spacer battle-history"><br></div><div class="battle-history">The opposing Get Over Here! used <strong>Earthquake</strong>!<br></div><div class="battle-history"><small>Earthquake was powered up by the desert gales!</small><br></div><div class="battle-history"><small>(Flygon lost 56% of its health!)</small><br></div><div class="spacer battle-history"><br></div><div class="battle-history"><small>The desert gales are raging!</small><br></div><div class="spacer battle-history"><br></div><h2 class="battle-history">Turn 22</h2><div class="spacer battle-history"><br></div><div class="battle-history"><small>Flygon woke up!</small><br></div><div class="battle-history"><small>Boomburst became Ground-type in the desert gales!</small><br></div><div class="spacer battle-history"><br></div><div class="battle-history">Flygon used <strong>Boomburst</strong>!<br></div><div class="battle-history"><small>Boomburst was powered up by the desert gales!</small><br></div><div class="battle-history"><small>It's super effective!</small><br></div><div class="battle-history"><small>(The opposing Get Over Here! lost 100% of its health!)</small><br></div><div class="spacer battle-history"><br></div><div class="battle-history">The opposing Get Over Here! fainted!<br></div><div class="spacer battle-history"><br></div><div class="battle-history"><strong>Mossy Sandwich</strong> won the battle!<br></div><div class="chat chatmessage-mossysandwich"><strong style="color:#ba49a2"><small>☆</small><span class="username" data-name="Mossy Sandwich">Mossy Sandwich</span>:</strong> <em>gg</em></div><div class="chat chatmessage-okispokissub"><strong style="color:#909622"><small>☆</small><span class="username" data-name="okispokisSUB">okispokisSUB</span>:</strong> <em>gg</em></div></div><div class="inner-preempt message-log"></div></div></div>
</div>
<script>
let daily = Math.floor(Date.now()/1000/60/60/24);document.write('<script src="https://dragonheaven.herokuapp.com/js/replay-embed.js?version'+daily+'"></'+'script>');
</script>
