<!DOCTYPE html>
<meta charset="utf-8" />
<!-- version 1 -->
<title>[Gen 8] Megas for All replay: aausma vs. BlaueBrause</title>
<style>
html,body {font-family:Verdana, sans-serif;font-size:10pt;margin:0;padding:0;}body{padding:12px 0;} .battle-log {font-family:Verdana, sans-serif;font-size:10pt;} .battle-log-inline {border:1px solid #AAAAAA;background:#EEF2F5;color:black;max-width:640px;margin:0 auto 80px;padding-bottom:5px;} .battle-log .inner {padding:4px 8px 0px 8px;} .battle-log .inner-preempt {padding:0 8px 4px 8px;} .battle-log .inner-after {margin-top:0.5em;} .battle-log h2 {margin:0.5em -8px;padding:4px 8px;border:1px solid #AAAAAA;background:#E0E7EA;border-left:0;border-right:0;font-family:Verdana, sans-serif;font-size:13pt;} .battle-log .chat {vertical-align:middle;padding:3px 0 3px 0;font-size:8pt;} .battle-log .chat strong {color:#40576A;} .battle-log .chat em {padding:1px 4px 1px 3px;color:#000000;font-style:normal;} .chat.mine {background:rgba(0,0,0,0.05);margin-left:-8px;margin-right:-8px;padding-left:8px;padding-right:8px;} .spoiler {color:#BBBBBB;background:#BBBBBB;padding:0px 3px;} .spoiler:hover, .spoiler:active, .spoiler-shown {color:#000000;background:#E2E2E2;padding:0px 3px;} .spoiler a {color:#BBBBBB;} .spoiler:hover a, .spoiler:active a, .spoiler-shown a {color:#2288CC;} .chat code, .chat .spoiler:hover code, .chat .spoiler:active code, .chat .spoiler-shown code {border:1px solid #C0C0C0;background:#EEEEEE;color:black;padding:0 2px;} .chat .spoiler code {border:1px solid #CCCCCC;background:#CCCCCC;color:#CCCCCC;} .battle-log .rated {padding:3px 4px;} .battle-log .rated strong {color:white;background:#89A;padding:1px 4px;border-radius:4px;} .spacer {margin-top:0.5em;} .message-announce {background:#6688AA;color:white;padding:1px 4px 2px;} .message-announce a, .broadcast-green a, .broadcast-blue a, .broadcast-red a {color:#DDEEFF;} .broadcast-green {background-color:#559955;color:white;padding:2px 4px;} .broadcast-blue {background-color:#6688AA;color:white;padding:2px 4px;} .infobox {border:1px solid #6688AA;padding:2px 4px;} .infobox-limited {max-height:200px;overflow:auto;overflow-x:hidden;} .broadcast-red {background-color:#AA5544;color:white;padding:2px 4px;} .message-learn-canlearn {font-weight:bold;color:#228822;text-decoration:underline;} .message-learn-cannotlearn {font-weight:bold;color:#CC2222;text-decoration:underline;} .message-effect-weak {font-weight:bold;color:#CC2222;} .message-effect-resist {font-weight:bold;color:#6688AA;} .message-effect-immune {font-weight:bold;color:#666666;} .message-learn-list {margin-top:0;margin-bottom:0;} .message-throttle-notice, .message-error {color:#992222;} .message-overflow, .chat small.message-overflow {font-size:0pt;} .message-overflow::before {font-size:9pt;content:'...';} .subtle {color:#3A4A66;}
</style>
<div class="wrapper replay-wrapper" style="max-width:1180px;margin:0 auto">
<input type="hidden" name="replayid" value="dragonheaven-gen8megasforall-333" />
<div class="battle"></div><div class="battle-log"></div><div class="replay-controls"></div><div class="replay-controls-2"></div>
<h1 style="font-weight:normal;text-align:center"><strong>[Gen 8] Megas for All</strong><br /><a href="http://pokemonshowdown.com/users/aausma" class="subtle" target="_blank">aausma</a> vs. <a href="http://pokemonshowdown.com/users/blauebrause" class="subtle" target="_blank">BlaueBrause</a></h1>
<script type="text/plain" class="battle-log-data">|j|☆aausma
|j|☆BlaueBrause

|t:|1607819357
|player|p1|aausma|bianca-pwt|
|player|p2|BlaueBrause|psychic|
|teamsize|p1|6
|teamsize|p2|6
|gametype|singles
|gen|8
|tier|[Gen 8] Megas for All
|clearpoke
|poke|p1|Magcargo, M|
|poke|p1|Shuckle, M|
|poke|p1|Zapdos-Galar|
|poke|p1|Gliscor, M|
|poke|p1|Spectrier|
|poke|p1|Kartana|
|poke|p2|Registeel|
|poke|p2|Buzzwole|
|poke|p2|Clefable, M|
|poke|p2|Greninja, M|
|poke|p2|Cinderace, M|
|poke|p2|Gliscor, M|
|rule|HP Percentage Mod: HP is shown in percentages
|rule|Endless Battle Clause: Forcing endless battles is banned
|rule|OHKO Clause: OHKO moves are banned
|rule|Evasion Moves Clause: Evasion moves are banned
|rule|Species Clause: Limit one of each Pokémon
|rule|Dynamax Clause: You cannot dynamax
|rule|Sleep Clause Mod: Limit one foe put to sleep
|rule|Freeze Clause Mod: Limit one foe frozen
|teampreview
|c|☆BlaueBrause|glhf1
|c|☆aausma|u2
|
|t:|1607819376
|start
|switch|p1a: Shuckle|Shuckle, M|100\/100
|switch|p2a: Gliscor|Gliscor, M|352\/352
|turn|1
|j| ViZarPKMN
|j| CCMegaFlareon
|
|t:|1607819385
|move|p2a: Gliscor|Swords Dance|p2a: Gliscor
|-boost|p2a: Gliscor|atk|2
|move|p1a: Shuckle|Encore|p2a: Gliscor
|-start|p2a: Gliscor|Encore
|
|-status|p2a: Gliscor|tox|[from] item: Toxic Orb
|upkeep
|turn|2
|l| CCMegaFlareon
|
|t:|1607819394
|switch|p2a: Greninja|Greninja, M|285\/285
|move|p1a: Shuckle|Sticky Web|p2a: Greninja
|-sidestart|p2: BlaueBrause|move: Sticky Web
|
|upkeep
|turn|3
|
|t:|1607819401
|move|p2a: Greninja|Surf|p1a: Shuckle
|-supereffective|p1a: Shuckle
|-damage|p1a: Shuckle|17\/100
|move|p1a: Shuckle|Final Gambit|p2a: Greninja
|-damage|p2a: Greninja|246\/285
|faint|p1a: Shuckle
|
|upkeep
|
|t:|1607819413
|switch|p1a: Kartana|Kartana|100\/100
|turn|4
|
|t:|1607819419
|switch|p2a: Buzzwole|Buzzwole|418\/418
|-activate|p2a: Buzzwole|move: Sticky Web
|-unboost|p2a: Buzzwole|spe|1
|move|p1a: Kartana|Leaf Blade|p2a: Buzzwole
|-resisted|p2a: Buzzwole
|-damage|p2a: Buzzwole|336\/418
|-damage|p1a: Kartana|91\/100|[from] item: Life Orb
|
|-heal|p2a: Buzzwole|362\/418|[from] item: Leftovers
|upkeep
|turn|5
|
|t:|1607819431
|switch|p1a: Spectrier|Spectrier|100\/100
|move|p2a: Buzzwole|Ice Punch|p1a: Spectrier
|-damage|p1a: Spectrier|66\/100
|
|-heal|p1a: Spectrier|73\/100|[from] item: Leftovers
|-heal|p2a: Buzzwole|388\/418|[from] item: Leftovers
|upkeep
|turn|6
|
|t:|1607819442
|move|p1a: Spectrier|Substitute|p1a: Spectrier
|-start|p1a: Spectrier|Substitute
|-damage|p1a: Spectrier|48\/100
|move|p2a: Buzzwole|Ice Punch|p1a: Spectrier
|-end|p1a: Spectrier|Substitute
|
|-heal|p1a: Spectrier|54\/100|[from] item: Leftovers
|-heal|p2a: Buzzwole|414\/418|[from] item: Leftovers
|upkeep
|turn|7
|
|t:|1607819451
|move|p1a: Spectrier|Disable|p2a: Buzzwole
|-start|p2a: Buzzwole|Disable|Ice Punch
|cant|p2a: Buzzwole|Disable|Ice Punch
|
|-heal|p1a: Spectrier|60\/100|[from] item: Leftovers
|-heal|p2a: Buzzwole|418\/418|[from] item: Leftovers
|upkeep
|turn|8
|
|t:|1607819458
|switch|p2a: Greninja|Greninja, M|246\/285
|-activate|p2a: Greninja|move: Sticky Web
|-unboost|p2a: Greninja|spe|1
|move|p1a: Spectrier|Substitute|p1a: Spectrier
|-start|p1a: Spectrier|Substitute
|-damage|p1a: Spectrier|35\/100
|
|-heal|p1a: Spectrier|41\/100|[from] item: Leftovers
|upkeep
|turn|9
|
|t:|1607819474
|move|p1a: Spectrier|Nasty Plot|p1a: Spectrier
|-boost|p1a: Spectrier|spa|2
|move|p2a: Greninja|Dark Pulse|p1a: Spectrier
|-supereffective|p1a: Spectrier
|-end|p1a: Spectrier|Substitute
|
|-heal|p1a: Spectrier|47\/100|[from] item: Leftovers
|upkeep
|turn|10
|
|t:|1607819488
|switch|p2a: Clefable|Clefable, M|394\/394
|-activate|p2a: Clefable|move: Sticky Web
|-unboost|p2a: Clefable|spe|1
|move|p1a: Spectrier|Disable||[still]
|-fail|p1a: Spectrier
|
|-heal|p1a: Spectrier|54\/100|[from] item: Leftovers
|upkeep
|turn|11
|
|t:|1607819497
|move|p1a: Spectrier|Substitute|p1a: Spectrier
|-start|p1a: Spectrier|Substitute
|-damage|p1a: Spectrier|29\/100
|move|p2a: Clefable|Moonblast|p1a: Spectrier
|-end|p1a: Spectrier|Substitute
|
|-heal|p1a: Spectrier|35\/100|[from] item: Leftovers
|upkeep
|turn|12
|
|t:|1607819506
|switch|p2a: Greninja|Greninja, M|246\/285
|-activate|p2a: Greninja|move: Sticky Web
|-unboost|p2a: Greninja|spe|1
|move|p1a: Spectrier|Substitute|p1a: Spectrier
|-start|p1a: Spectrier|Substitute
|-damage|p1a: Spectrier|10\/100
|
|-heal|p1a: Spectrier|16\/100|[from] item: Leftovers
|upkeep
|turn|13
|
|t:|1607819515
|move|p2a: Greninja|Water Shuriken|p1a: Spectrier
|-activate|p1a: Spectrier|move: Substitute|[damage]
|-end|p1a: Spectrier|Substitute
|-crit|p1a: Spectrier
|-damage|p1a: Spectrier|0 fnt
|-hitcount|p1a: Spectrier|3
|faint|p1a: Spectrier
|-activate|p2a: Greninja|ability: Battle Bond
|detailschange|p2a: Greninja|Greninja-Ash, M
|
|upkeep
|
|t:|1607819526
|switch|p1a: Kartana|Kartana|91\/100
|turn|14
|
|t:|1607819535
|switch|p1a: Magcargo|Magcargo, M|100\/100
|switch|p2a: Buzzwole|Buzzwole|418\/418
|-activate|p2a: Buzzwole|move: Sticky Web
|-unboost|p2a: Buzzwole|spe|1
|
|upkeep
|turn|15
|
|t:|1607819543
|switch|p2a: Gliscor|Gliscor, M|352\/352 tox
|detailschange|p1a: Magcargo|Magcargo-Mega, M
|-mega|p1a: Magcargo|Magcargo|Magcargonite
|raw|<ul class="utilichart"><li class="result"><span class="col numcol">(PU)<\/span> <span class="col pokemonnamecol" style="white-space: nowrap">Magcargo-Mega<\/span> <span class="col typecol"><img src="https:\/\/play.pokemonshowdown.com\/sprites\/types\/Fire.png" alt="Fire" height="14" width="32"><\/span> <span style="float: left ; min-height: 26px"><span class="col abilitycol">Volcanic Singe<\/span><span class="col abilitycol"><\/span><\/span><span style="float: left ; min-height: 26px"><span class="col statcol"><em>HP<\/em><br>60<\/span> <span class="col statcol"><em>Atk<\/em><br>135<\/span> <span class="col statcol"><em>Def<\/em><br>80<\/span> <span class="col statcol"><em>SpA<\/em><br>135<\/span> <span class="col statcol"><em>SpD<\/em><br>80<\/span> <span class="col statcol"><em>Spe<\/em><br>40<\/span> <\/span><\/li><li style="clear: both"><\/li><\/ul>
|move|p1a: Magcargo|Shell Smash|p1a: Magcargo
|-ability|p1a: Magcargo|Volcanic Singe
|-message|The air around Magcargo's team was superheated!
|-hint|During Volcanic Singe, making contact with a Pokémon on Magcargo's team will result in a burn!
|-hint|The effect is extended each time Magcargo's stats are lowered!
|-unboost|p1a: Magcargo|def|1
|-unboost|p1a: Magcargo|spd|1
|-boost|p1a: Magcargo|atk|2
|-boost|p1a: Magcargo|spa|2
|-boost|p1a: Magcargo|spe|2
|
|-message|There are 2 turns left of Volcanic Singe!
|upkeep
|turn|16
|
|t:|1607819555
|move|p1a: Magcargo|Overheat|p2a: Gliscor
|-damage|p2a: Gliscor|0 fnt
|-unboost|p1a: Magcargo|spa|2
|faint|p2a: Gliscor
|
|-message|There are 3 turns left of Volcanic Singe!
|upkeep
|
|t:|1607819566
|switch|p2a: Greninja|Greninja-Ash, M|246\/285
|-activate|p2a: Greninja|move: Sticky Web
|-unboost|p2a: Greninja|spe|1
|turn|17
|
|t:|1607819578
|switch|p1a: Zapdos|Zapdos-Galar|100\/100
|move|p2a: Greninja|Surf|p1a: Zapdos
|-damage|p1a: Zapdos|12\/100
|
|-message|There are 2 turns left of Volcanic Singe!
|upkeep
|turn|18
|
|t:|1607819585
|switch|p2a: Clefable|Clefable, M|394\/394
|-activate|p2a: Clefable|move: Sticky Web
|-unboost|p2a: Clefable|spe|1
|move|p1a: Zapdos|Thunderous Kick|p2a: Clefable
|-resisted|p2a: Clefable
|-damage|p2a: Clefable|304\/394
|-unboost|p2a: Clefable|def|1
|-damage|p1a: Zapdos|2\/100|[from] item: Life Orb
|
|-heal|p2a: Clefable|328\/394|[from] item: Leftovers
|-message|There is one turn left of Volcanic Singe!
|upkeep
|turn|19
|c|☆aausma|this thing annoying as fu
|
|t:|1607819597
|move|p1a: Zapdos|Drill Peck|p2a: Clefable
|-damage|p2a: Clefable|77\/394
|-damage|p1a: Zapdos|0 fnt|[from] item: Life Orb
|faint|p1a: Zapdos
|move|p2a: Clefable|Stealth Rock|p1: Zapdos
|-sidestart|p1: aausma|move: Stealth Rock
|
|-heal|p2a: Clefable|101\/394|[from] item: Leftovers
|-message|The air around Magcargo's team cooled down!
|upkeep
|
|t:|1607819618
|switch|p1a: Gliscor|Gliscor, M|100\/100
|-damage|p1a: Gliscor|88\/100|[from] Stealth Rock
|turn|20
|
|t:|1607819633
|switch|p1a: Kartana|Kartana|91\/100
|-damage|p1a: Kartana|85\/100|[from] Stealth Rock
|switch|p2a: Buzzwole|Buzzwole|418\/418
|-activate|p2a: Buzzwole|move: Sticky Web
|-unboost|p2a: Buzzwole|spe|1
|
|upkeep
|turn|21
|c|☆aausma|ah. i have misclicked
|c|☆aausma|unfortunate
|
|t:|1607819651
|switch|p1a: Gliscor|Gliscor, M|88\/100
|-damage|p1a: Gliscor|75\/100|[from] Stealth Rock
|move|p2a: Buzzwole|Bulk Up|p2a: Buzzwole
|-boost|p2a: Buzzwole|atk|1
|-boost|p2a: Buzzwole|def|1
|
|-status|p1a: Gliscor|tox|[from] item: Toxic Orb
|upkeep
|turn|22
|
|t:|1607819664
|move|p1a: Gliscor|Facade|p2a: Buzzwole
|-damage|p2a: Buzzwole|372\/418
|move|p2a: Buzzwole|Drain Punch|p1a: Gliscor
|-resisted|p1a: Gliscor
|-crit|p1a: Gliscor
|-damage|p1a: Gliscor|42\/100 tox
|-heal|p2a: Buzzwole|418\/418|[from] drain|[of] p1a: Gliscor
|
|-heal|p1a: Gliscor|55\/100 tox|[from] ability: Poison Heal
|upkeep
|turn|23
|j| inkbug1
|
|t:|1607819675
|switch|p1a: Magcargo|Magcargo-Mega, M|100\/100
|-damage|p1a: Magcargo|76\/100|[from] Stealth Rock
|move|p2a: Buzzwole|Bulk Up|p2a: Buzzwole
|-boost|p2a: Buzzwole|atk|1
|-boost|p2a: Buzzwole|def|1
|
|upkeep
|turn|24
|
|t:|1607819686
|switch|p2a: Cinderace|Cinderace, M|301\/301
|move|p1a: Magcargo|Overheat|p2a: Cinderace
|-resisted|p2a: Cinderace
|-damage|p2a: Cinderace|159\/301
|-ability|p1a: Magcargo|Volcanic Singe
|-message|The air around Magcargo's team was superheated!
|-hint|During Volcanic Singe, making contact with a Pokémon on Magcargo's team will result in a burn!
|-hint|The effect is extended each time Magcargo's stats are lowered!
|-unboost|p1a: Magcargo|spa|2
|
|-message|There are 2 turns left of Volcanic Singe!
|upkeep
|turn|25
|
|t:|1607819701
|switch|p1a: Gliscor|Gliscor, M|55\/100 tox
|-damage|p1a: Gliscor|42\/100 tox|[from] Stealth Rock
|move|p2a: Cinderace|U-turn|p1a: Gliscor
|-start|p2a: Cinderace|typechange|Bug|[from] ability: Libero
|-resisted|p1a: Gliscor
|-damage|p1a: Gliscor|29\/100 tox
|-status|p2a: Cinderace|brn
|
|t:|1607819711
|switch|p2a: Greninja|Greninja-Ash, M|246\/285
|-activate|p2a: Greninja|move: Sticky Web
|-unboost|p2a: Greninja|spe|1
|
|-heal|p1a: Gliscor|42\/100 tox|[from] ability: Poison Heal
|-message|There is one turn left of Volcanic Singe!
|upkeep
|turn|26
|c|☆BlaueBrause|lol, a burned cinderace
|
|t:|1607819727
|move|p2a: Greninja|Water Shuriken|p1a: Gliscor
|-supereffective|p1a: Gliscor
|-damage|p1a: Gliscor|6\/100 tox
|-supereffective|p1a: Gliscor
|-damage|p1a: Gliscor|0 fnt
|-hitcount|p1a: Gliscor|2
|faint|p1a: Gliscor
|
|-message|The air around Magcargo's team cooled down!
|upkeep
|
|t:|1607819730
|switch|p1a: Kartana|Kartana|85\/100
|-damage|p1a: Kartana|78\/100|[from] Stealth Rock
|turn|27
|
|t:|1607819740
|switch|p1a: Magcargo|Magcargo-Mega, M|76\/100
|-damage|p1a: Magcargo|51\/100|[from] Stealth Rock
|switch|p2a: Buzzwole|Buzzwole|418\/418
|-activate|p2a: Buzzwole|move: Sticky Web
|-unboost|p2a: Buzzwole|spe|1
|
|upkeep
|turn|28
|
|t:|1607819755
|switch|p2a: Clefable|Clefable, M|101\/394
|-activate|p2a: Clefable|move: Sticky Web
|-unboost|p2a: Clefable|spe|1
|move|p1a: Magcargo|Energy Ball|p2a: Clefable
|-damage|p2a: Clefable|0 fnt
|faint|p2a: Clefable
|
|upkeep
|
|t:|1607819764
|switch|p2a: Greninja|Greninja-Ash, M|246\/285
|-activate|p2a: Greninja|move: Sticky Web
|-unboost|p2a: Greninja|spe|1
|turn|29
|c|☆aausma|yeah ash gren is a problem for my team
|
|t:|1607819776
|move|p2a: Greninja|Water Shuriken|p1a: Magcargo
|-supereffective|p1a: Magcargo
|-damage|p1a: Magcargo|0 fnt
|-hitcount|p1a: Magcargo|1
|faint|p1a: Magcargo
|
|upkeep
|
|t:|1607819778
|switch|p1a: Kartana|Kartana|78\/100
|-damage|p1a: Kartana|72\/100|[from] Stealth Rock
|turn|30
|
|t:|1607819784
|switch|p2a: Buzzwole|Buzzwole|418\/418
|-activate|p2a: Buzzwole|move: Sticky Web
|-unboost|p2a: Buzzwole|spe|1
|move|p1a: Kartana|Swords Dance|p1a: Kartana
|-boost|p1a: Kartana|atk|2
|
|upkeep
|turn|31
|
|t:|1607819796
|move|p1a: Kartana|Leaf Blade|p2a: Buzzwole
|-resisted|p2a: Buzzwole
|-damage|p2a: Buzzwole|258\/418
|-damage|p1a: Kartana|63\/100|[from] item: Life Orb
|move|p2a: Buzzwole|Drain Punch|p1a: Kartana
|-supereffective|p1a: Kartana
|-damage|p1a: Kartana|0 fnt
|-heal|p2a: Buzzwole|339\/418|[from] drain|[of] p1a: Kartana
|faint|p1a: Kartana
|
|win|BlaueBrause
|c|☆aausma|gg
|c|☆BlaueBrause|gg</script>
</div>
<div class="battle-log battle-log-inline"><div class="inner"><div class="battle-options"><div style="padding-top: 3px; padding-right: 3px; text-align: right"><button class="icon button" name="openBattleOptions" title="Options">Battle Options</button></div></div><div class="inner message-log"><div class="chat"><small>☆aausma and ☆BlaueBrause joined</small></div><div class=""><small>Format:</small> <br><strong>[Gen 8] Megas for All</strong></div><div class=""><small><em>HP Percentage Mod:</em> HP is shown in percentages</small></div><div class=""><small><em>Endless Battle Clause:</em> Forcing endless battles is banned</small></div><div class=""><small><em>OHKO Clause:</em> OHKO moves are banned</small></div><div class=""><small><em>Evasion Moves Clause:</em> Evasion moves are banned</small></div><div class=""><small><em>Species Clause:</em> Limit one of each Pokémon</small></div><div class=""><small><em>Dynamax Clause:</em> You cannot dynamax</small></div><div class=""><small><em>Sleep Clause Mod:</em> Limit one foe put to sleep</small></div><div class=""><small><em>Freeze Clause Mod:</em> Limit one foe frozen</small></div><div class="chat battle-history"><strong>aausma's team:</strong> <em style="color:#445566;display:block;">Magcargo / Shuckle / Zapdos-Galar / Gliscor / Spectrier / Kartana</em></div><div class="chat battle-history"><strong>BlaueBrause's team:</strong> <em style="color:#445566;display:block;">Registeel / Buzzwole / Clefable / Greninja / Cinderace / Gliscor</em></div><div class="chat chatmessage-blauebrause mine"><strong style="color:#6b66e4"><small>☆</small><span class="username" data-name="BlaueBrause">BlaueBrause</span>:</strong> <em>glhf1</em></div><div class="chat chatmessage-aausma"><strong style="color:#18a81f"><small>☆</small><span class="username" data-name="aausma">aausma</span>:</strong> <em>u2</em></div><div class="spacer battle-history"><br></div><div class="battle-history">Battle started between aausma and BlaueBrause!<br></div><div class="spacer battle-history"><br></div><div class="battle-history">aausma sent out <strong>Shuckle</strong>!<br></div><div class="spacer battle-history"><br></div><div class="battle-history">Go! <strong>Gliscor</strong>!<br></div><div class="spacer battle-history"><br></div><h2 class="battle-history">Turn 1</h2><div class="chat"><small> ViZarPKMN and  CCMegaFlareon joined</small></div><div class="spacer battle-history"><br></div><div class="battle-history">Gliscor used <strong>Swords Dance</strong>!<br></div><div class="battle-history"><small>Gliscor's Attack rose sharply!</small><br></div><div class="spacer battle-history"><br></div><div class="battle-history">The opposing Shuckle used <strong>Encore</strong>!<br></div><div class="battle-history"><small>Gliscor must do an encore!</small><br></div><div class="spacer battle-history"><br></div><div class="battle-history"><small>Gliscor was badly poisoned!</small><br></div><div class="spacer battle-history"><br></div><h2 class="battle-history">Turn 2</h2><div class="chat"><small> CCMegaFlareon left</small></div><div class="spacer battle-history"><br></div><div class="battle-history">Gliscor, come back!<br></div><div class="battle-history">Go! <strong>Greninja</strong>!<br></div><div class="spacer battle-history"><br></div><div class="battle-history">The opposing Shuckle used <strong>Sticky Web</strong>!<br></div><div class="battle-history"><small>A sticky web has been laid out on the ground around your team!</small><br></div><div class="spacer battle-history"><br></div><h2 class="battle-history">Turn 3</h2><div class="spacer battle-history"><br></div><div class="battle-history">Greninja used <strong>Surf</strong>!<br></div><div class="battle-history"><small>It's super effective!</small><br></div><div class="battle-history"><small>(The opposing Shuckle lost 83% of its health!)</small><br></div><div class="spacer battle-history"><br></div><div class="battle-history">The opposing Shuckle used <strong>Final Gambit</strong>!<br></div><div class="battle-history"><small>(Greninja lost <abbr title="−39/285">13.7%</abbr> of its health!)</small><br></div><div class="spacer battle-history"><br></div><div class="battle-history">The opposing Shuckle fainted!<br></div><div class="spacer battle-history"><br></div><div class="battle-history">aausma sent out <strong>Kartana</strong>!<br></div><div class="spacer battle-history"><br></div><h2 class="battle-history">Turn 4</h2><div class="spacer battle-history"><br></div><div class="battle-history">Greninja, come back!<br></div><div class="battle-history">Go! <strong>Buzzwole</strong>!<br></div><div class="battle-history"><small>Buzzwole was caught in a sticky web!</small><br></div><div class="battle-history"><small>Buzzwole's Speed fell!</small><br></div><div class="spacer battle-history"><br></div><div class="battle-history">The opposing Kartana used <strong>Leaf Blade</strong>!<br></div><div class="battle-history"><small>It's not very effective...</small><br></div><div class="battle-history"><small>(Buzzwole lost <abbr title="−82/418">19.6%</abbr> of its health!)</small><br></div><div class="battle-history"><small>The opposing Kartana lost some of its HP!</small><br></div><div class="spacer battle-history"><br></div><div class="battle-history"><small>Buzzwole restored a little HP using its Leftovers!</small><br></div><div class="spacer battle-history"><br></div><h2 class="battle-history">Turn 5</h2><div class="spacer battle-history"><br></div><div class="battle-history">aausma withdrew Kartana!<br></div><div class="battle-history">aausma sent out <strong>Spectrier</strong>!<br></div><div class="spacer battle-history"><br></div><div class="battle-history">Buzzwole used <strong>Ice Punch</strong>!<br></div><div class="battle-history"><small>(The opposing Spectrier lost 34% of its health!)</small><br></div><div class="spacer battle-history"><br></div><div class="battle-history"><small>The opposing Spectrier restored a little HP using its Leftovers!</small><br></div><div class="battle-history"><small>Buzzwole restored a little HP using its Leftovers!</small><br></div><div class="spacer battle-history"><br></div><h2 class="battle-history">Turn 6</h2><div class="spacer battle-history"><br></div><div class="battle-history">The opposing Spectrier used <strong>Substitute</strong>!<br></div><div class="battle-history"><small>The opposing Spectrier put in a substitute!</small><br></div><div class="battle-history"><small>(The opposing Spectrier lost 25% of its health!)</small><br></div><div class="spacer battle-history"><br></div><div class="battle-history">Buzzwole used <strong>Ice Punch</strong>!<br></div><div class="battle-history"><small>The opposing Spectrier's substitute faded!</small><br></div><div class="spacer battle-history"><br></div><div class="battle-history"><small>The opposing Spectrier restored a little HP using its Leftovers!</small><br></div><div class="battle-history"><small>Buzzwole restored a little HP using its Leftovers!</small><br></div><div class="spacer battle-history"><br></div><h2 class="battle-history">Turn 7</h2><div class="spacer battle-history"><br></div><div class="battle-history">The opposing Spectrier used <strong>Disable</strong>!<br></div><div class="battle-history"><small>Buzzwole's Ice Punch was disabled!</small><br></div><div class="spacer battle-history"><br></div><div class="battle-history">Buzzwole can't use Ice Punch!<br></div><div class="spacer battle-history"><br></div><div class="battle-history"><small>The opposing Spectrier restored a little HP using its Leftovers!</small><br></div><div class="battle-history"><small>Buzzwole restored a little HP using its Leftovers!</small><br></div><div class="spacer battle-history"><br></div><h2 class="battle-history">Turn 8</h2><div class="spacer battle-history"><br></div><div class="battle-history">Buzzwole, come back!<br></div><div class="battle-history">Go! <strong>Greninja</strong>!<br></div><div class="battle-history"><small>Greninja was caught in a sticky web!</small><br></div><div class="battle-history"><small>Greninja's Speed fell!</small><br></div><div class="spacer battle-history"><br></div><div class="battle-history">The opposing Spectrier used <strong>Substitute</strong>!<br></div><div class="battle-history"><small>The opposing Spectrier put in a substitute!</small><br></div><div class="battle-history"><small>(The opposing Spectrier lost 25% of its health!)</small><br></div><div class="spacer battle-history"><br></div><div class="battle-history"><small>The opposing Spectrier restored a little HP using its Leftovers!</small><br></div><div class="spacer battle-history"><br></div><h2 class="battle-history">Turn 9</h2><div class="spacer battle-history"><br></div><div class="battle-history">The opposing Spectrier used <strong>Nasty Plot</strong>!<br></div><div class="battle-history"><small>The opposing Spectrier's Sp. Atk rose sharply!</small><br></div><div class="spacer battle-history"><br></div><div class="battle-history">Greninja used <strong>Dark Pulse</strong>!<br></div><div class="battle-history"><small>It's super effective!</small><br></div><div class="battle-history"><small>The opposing Spectrier's substitute faded!</small><br></div><div class="spacer battle-history"><br></div><div class="battle-history"><small>The opposing Spectrier restored a little HP using its Leftovers!</small><br></div><div class="spacer battle-history"><br></div><h2 class="battle-history">Turn 10</h2><div class="spacer battle-history"><br></div><div class="battle-history">Greninja, come back!<br></div><div class="battle-history">Go! <strong>Clefable</strong>!<br></div><div class="battle-history"><small>Clefable was caught in a sticky web!</small><br></div><div class="battle-history"><small>Clefable's Speed fell!</small><br></div><div class="spacer battle-history"><br></div><div class="battle-history">The opposing Spectrier used <strong>Disable</strong>!<br></div><div class="battle-history"><small>But it failed!</small><br></div><div class="spacer battle-history"><br></div><div class="battle-history"><small>The opposing Spectrier restored a little HP using its Leftovers!</small><br></div><div class="spacer battle-history"><br></div><h2 class="battle-history">Turn 11</h2><div class="spacer battle-history"><br></div><div class="battle-history">The opposing Spectrier used <strong>Substitute</strong>!<br></div><div class="battle-history"><small>The opposing Spectrier put in a substitute!</small><br></div><div class="battle-history"><small>(The opposing Spectrier lost 25% of its health!)</small><br></div><div class="spacer battle-history"><br></div><div class="battle-history">Clefable used <strong>Moonblast</strong>!<br></div><div class="battle-history"><small>The opposing Spectrier's substitute faded!</small><br></div><div class="spacer battle-history"><br></div><div class="battle-history"><small>The opposing Spectrier restored a little HP using its Leftovers!</small><br></div><div class="spacer battle-history"><br></div><h2 class="battle-history">Turn 12</h2><div class="spacer battle-history"><br></div><div class="battle-history">Clefable, come back!<br></div><div class="battle-history">Go! <strong>Greninja</strong>!<br></div><div class="battle-history"><small>Greninja was caught in a sticky web!</small><br></div><div class="battle-history"><small>Greninja's Speed fell!</small><br></div><div class="spacer battle-history"><br></div><div class="battle-history">The opposing Spectrier used <strong>Substitute</strong>!<br></div><div class="battle-history"><small>The opposing Spectrier put in a substitute!</small><br></div><div class="battle-history"><small>(The opposing Spectrier lost 25% of its health!)</small><br></div><div class="spacer battle-history"><br></div><div class="battle-history"><small>The opposing Spectrier restored a little HP using its Leftovers!</small><br></div><div class="spacer battle-history"><br></div><h2 class="battle-history">Turn 13</h2><div class="spacer battle-history"><br></div><div class="battle-history">Greninja used <strong>Water Shuriken</strong>!<br></div><div class="battle-history"><small>The substitute took damage for the opposing Spectrier!</small><br></div><div class="battle-history"><small>The opposing Spectrier's substitute faded!</small><br></div><div class="battle-history"><small>A critical hit!</small><br></div><div class="battle-history"><small>(The opposing Spectrier lost 16% of its health!)</small><br></div><div class="battle-history"><small>The Pokémon was hit 3 times!</small><br></div><div class="spacer battle-history"><br></div><div class="battle-history">The opposing Spectrier fainted!<br></div><div class="battle-history">[Greninja's Battle Bond]<br><small>Greninja became fully charged due to its bond with its Trainer!</small><br></div><div class="battle-history">Greninja became Ash-Greninja!<br></div><div class="spacer battle-history"><br></div><div class="battle-history">aausma sent out <strong>Kartana</strong>!<br></div><div class="spacer battle-history"><br></div><h2 class="battle-history">Turn 14</h2><div class="spacer battle-history"><br></div><div class="battle-history">aausma withdrew Kartana!<br></div><div class="battle-history">aausma sent out <strong>Magcargo</strong>!<br></div><div class="spacer battle-history"><br></div><div class="battle-history">Greninja, come back!<br></div><div class="battle-history">Go! <strong>Buzzwole</strong>!<br></div><div class="battle-history"><small>Buzzwole was caught in a sticky web!</small><br></div><div class="battle-history"><small>Buzzwole's Speed fell!</small><br></div><div class="spacer battle-history"><br></div><h2 class="battle-history">Turn 15</h2><div class="spacer battle-history"><br></div><div class="battle-history">Buzzwole, come back!<br></div><div class="battle-history">Go! <strong>Gliscor</strong>!<br></div><div class="spacer battle-history"><br></div><div class="battle-history"><small>The opposing Magcargo's Magcargonite is reacting to the Key Stone!</small><br>The opposing Magcargo has Mega Evolved into Mega Magcargo!<br></div><div class="chat"><ul class="utilichart"><li class="result"><span class="col numcol">(PU)</span> <span class="col pokemonnamecol" style="white-space: nowrap">Magcargo-Mega</span> <span class="col typecol"><img src="https://play.pokemonshowdown.com/sprites/types/Fire.png" alt="Fire" height="14" width="32"></span> <span style="float: left ; min-height: 26px"><span class="col abilitycol">Volcanic Singe</span><span class="col abilitycol"></span></span><span style="float: left ; min-height: 26px"><span class="col statcol"><em>HP</em><br>60</span> <span class="col statcol"><em>Atk</em><br>135</span> <span class="col statcol"><em>Def</em><br>80</span> <span class="col statcol"><em>SpA</em><br>135</span> <span class="col statcol"><em>SpD</em><br>80</span> <span class="col statcol"><em>Spe</em><br>40</span> </span></li><li style="clear: both"></li></ul></div><div class="spacer battle-history"><br></div><div class="battle-history">The opposing Magcargo used <strong>Shell Smash</strong>!<br></div><div class="battle-history">[The opposing Magcargo's Volcanic Singe]<br></div><div class="battle-history"><small>The air around Magcargo's team was superheated!</small><br></div><div class="battle-history"><small>(During Volcanic Singe, making contact with a Pokémon on Magcargo's team will result in a burn!)</small><br></div><div class="battle-history"><small>(The effect is extended each time Magcargo's stats are lowered!)</small><br></div><div class="battle-history"><small>The opposing Magcargo's Defense fell!</small><br></div><div class="battle-history"><small>The opposing Magcargo's Sp. Def fell!</small><br></div><div class="battle-history"><small>The opposing Magcargo's Attack rose sharply!</small><br></div><div class="battle-history"><small>The opposing Magcargo's Sp. Atk rose sharply!</small><br></div><div class="battle-history"><small>The opposing Magcargo's Speed rose sharply!</small><br></div><div class="spacer battle-history"><br></div><div class="battle-history"><small>There are 2 turns left of Volcanic Singe!</small><br></div><div class="spacer battle-history"><br></div><h2 class="battle-history">Turn 16</h2><div class="spacer battle-history"><br></div><div class="battle-history">The opposing Magcargo used <strong>Overheat</strong>!<br></div><div class="battle-history"><small>(Gliscor lost <abbr title="−352/352">100%</abbr> of its health!)</small><br></div><div class="battle-history"><small>The opposing Magcargo's Sp. Atk fell harshly!</small><br></div><div class="spacer battle-history"><br></div><div class="battle-history">Gliscor fainted!<br></div><div class="spacer battle-history"><br></div><div class="battle-history"><small>There are 3 turns left of Volcanic Singe!</small><br></div><div class="spacer battle-history"><br></div><div class="battle-history">Go! Greninja (<strong>Greninja-Ash</strong>)!<br></div><div class="battle-history"><small>Greninja was caught in a sticky web!</small><br></div><div class="battle-history"><small>Greninja's Speed fell!</small><br></div><div class="spacer battle-history"><br></div><h2 class="battle-history">Turn 17</h2><div class="spacer battle-history"><br></div><div class="battle-history">aausma withdrew Magcargo!<br></div><div class="battle-history">aausma sent out Zapdos (<strong>Zapdos-Galar</strong>)!<br></div><div class="spacer battle-history"><br></div><div class="battle-history">Greninja used <strong>Surf</strong>!<br></div><div class="battle-history"><small>(The opposing Zapdos lost 88% of its health!)</small><br></div><div class="spacer battle-history"><br></div><div class="battle-history"><small>There are 2 turns left of Volcanic Singe!</small><br></div><div class="spacer battle-history"><br></div><h2 class="battle-history">Turn 18</h2><div class="spacer battle-history"><br></div><div class="battle-history">Greninja, come back!<br></div><div class="battle-history">Go! <strong>Clefable</strong>!<br></div><div class="battle-history"><small>Clefable was caught in a sticky web!</small><br></div><div class="battle-history"><small>Clefable's Speed fell!</small><br></div><div class="spacer battle-history"><br></div><div class="battle-history">The opposing Zapdos used <strong>Thunderous Kick</strong>!<br></div><div class="battle-history"><small>It's not very effective...</small><br></div><div class="battle-history"><small>(Clefable lost <abbr title="−90/394">22.8%</abbr> of its health!)</small><br></div><div class="battle-history"><small>Clefable's Defense fell!</small><br></div><div class="battle-history"><small>The opposing Zapdos lost some of its HP!</small><br></div><div class="spacer battle-history"><br></div><div class="battle-history"><small>Clefable restored a little HP using its Leftovers!</small><br></div><div class="battle-history"><small>There is one turn left of Volcanic Singe!</small><br></div><div class="spacer battle-history"><br></div><h2 class="battle-history">Turn 19</h2><div class="chat chatmessage-aausma"><strong style="color:#18a81f"><small>☆</small><span class="username" data-name="aausma">aausma</span>:</strong> <em>this thing annoying as fu</em></div><div class="spacer battle-history"><br></div><div class="battle-history">The opposing Zapdos used <strong>Drill Peck</strong>!<br></div><div class="battle-history"><small>(Clefable lost <abbr title="−251/394">63.7%</abbr> of its health!)</small><br></div><div class="battle-history"><small>The opposing Zapdos lost some of its HP!</small><br></div><div class="spacer battle-history"><br></div><div class="battle-history">The opposing Zapdos fainted!<br></div><div class="battle-history">Clefable used <strong>Stealth Rock</strong>!<br></div><div class="battle-history"><small>Pointed stones float in the air around the opposing team!</small><br></div><div class="spacer battle-history"><br></div><div class="battle-history"><small>Clefable restored a little HP using its Leftovers!</small><br></div><div class="battle-history"><small>The air around Magcargo's team cooled down!</small><br></div><div class="spacer battle-history"><br></div><div class="battle-history">aausma sent out <strong>Gliscor</strong>!<br></div><div class="battle-history"><small>Pointed stones dug into the opposing Gliscor!</small><br></div><div class="spacer battle-history"><br></div><h2 class="battle-history">Turn 20</h2><div class="spacer battle-history"><br></div><div class="battle-history">aausma withdrew Gliscor!<br></div><div class="battle-history">aausma sent out <strong>Kartana</strong>!<br></div><div class="battle-history"><small>Pointed stones dug into the opposing Kartana!</small><br></div><div class="spacer battle-history"><br></div><div class="battle-history">Clefable, come back!<br></div><div class="battle-history">Go! <strong>Buzzwole</strong>!<br></div><div class="battle-history"><small>Buzzwole was caught in a sticky web!</small><br></div><div class="battle-history"><small>Buzzwole's Speed fell!</small><br></div><div class="spacer battle-history"><br></div><h2 class="battle-history">Turn 21</h2><div class="chat chatmessage-aausma"><strong style="color:#18a81f"><small>☆</small><span class="username" data-name="aausma">aausma</span>:</strong> <em>ah. i have misclicked</em></div><div class="chat chatmessage-aausma"><strong style="color:#18a81f"><small>☆</small><span class="username" data-name="aausma">aausma</span>:</strong> <em>unfortunate</em></div><div class="spacer battle-history"><br></div><div class="battle-history">aausma withdrew Kartana!<br></div><div class="battle-history">aausma sent out <strong>Gliscor</strong>!<br></div><div class="battle-history"><small>Pointed stones dug into the opposing Gliscor!</small><br></div><div class="spacer battle-history"><br></div><div class="battle-history">Buzzwole used <strong>Bulk Up</strong>!<br></div><div class="battle-history"><small>Buzzwole's Attack rose!</small><br></div><div class="battle-history"><small>Buzzwole's Defense rose!</small><br></div><div class="spacer battle-history"><br></div><div class="battle-history"><small>The opposing Gliscor was badly poisoned!</small><br></div><div class="spacer battle-history"><br></div><h2 class="battle-history">Turn 22</h2><div class="spacer battle-history"><br></div><div class="battle-history">The opposing Gliscor used <strong>Facade</strong>!<br></div><div class="battle-history"><small>(Buzzwole lost <abbr title="−46/418">11.0%</abbr> of its health!)</small><br></div><div class="spacer battle-history"><br></div><div class="battle-history">Buzzwole used <strong>Drain Punch</strong>!<br></div><div class="battle-history"><small>It's not very effective...</small><br></div><div class="battle-history"><small>A critical hit!</small><br></div><div class="battle-history"><small>(The opposing Gliscor lost 33% of its health!)</small><br></div><div class="battle-history"><small>The opposing Gliscor had its energy drained!</small><br></div><div class="spacer battle-history"><br></div><div class="battle-history">[The opposing Gliscor's Poison Heal]<br><small>The opposing Gliscor had its HP restored.</small><br></div><div class="spacer battle-history"><br></div><h2 class="battle-history">Turn 23</h2><div class="chat"><small> inkbug1 joined</small></div><div class="spacer battle-history"><br></div><div class="battle-history">aausma withdrew Gliscor!<br></div><div class="battle-history">aausma sent out Magcargo (<strong>Magcargo-Mega</strong>)!<br></div><div class="battle-history"><small>Pointed stones dug into the opposing Magcargo!</small><br></div><div class="spacer battle-history"><br></div><div class="battle-history">Buzzwole used <strong>Bulk Up</strong>!<br></div><div class="battle-history"><small>Buzzwole's Attack rose!</small><br></div><div class="battle-history"><small>Buzzwole's Defense rose!</small><br></div><div class="spacer battle-history"><br></div><h2 class="battle-history">Turn 24</h2><div class="spacer battle-history"><br></div><div class="battle-history">Buzzwole, come back!<br></div><div class="battle-history">Go! <strong>Cinderace</strong>!<br></div><div class="spacer battle-history"><br></div><div class="battle-history">The opposing Magcargo used <strong>Overheat</strong>!<br></div><div class="battle-history"><small>It's not very effective...</small><br></div><div class="battle-history"><small>(Cinderace lost <abbr title="−142/301">47.2%</abbr> of its health!)</small><br></div><div class="battle-history">[The opposing Magcargo's Volcanic Singe]<br></div><div class="battle-history"><small>The air around Magcargo's team was superheated!</small><br></div><div class="battle-history"><small>(During Volcanic Singe, making contact with a Pokémon on Magcargo's team will result in a burn!)</small><br></div><div class="battle-history"><small>(The effect is extended each time Magcargo's stats are lowered!)</small><br></div><div class="battle-history"><small>The opposing Magcargo's Sp. Atk fell harshly!</small><br></div><div class="spacer battle-history"><br></div><div class="battle-history"><small>There are 2 turns left of Volcanic Singe!</small><br></div><div class="spacer battle-history"><br></div><h2 class="battle-history">Turn 25</h2><div class="spacer battle-history"><br></div><div class="battle-history">aausma withdrew Magcargo!<br></div><div class="battle-history">aausma sent out <strong>Gliscor</strong>!<br></div><div class="battle-history"><small>Pointed stones dug into the opposing Gliscor!</small><br></div><div class="spacer battle-history"><br></div><div class="battle-history">Cinderace used <strong>U-turn</strong>!<br></div><div class="battle-history">[Cinderace's Libero]<br><small>Cinderace's type changed to Bug!</small><br></div><div class="battle-history"><small>It's not very effective...</small><br></div><div class="battle-history"><small>(The opposing Gliscor lost 13% of its health!)</small><br></div><div class="battle-history"><small>Cinderace was burned!</small><br></div><div class="spacer battle-history"><br></div><div class="battle-history">Cinderace went back to BlaueBrause!<br></div><div class="battle-history">Go! Greninja (<strong>Greninja-Ash</strong>)!<br></div><div class="battle-history"><small>Greninja was caught in a sticky web!</small><br></div><div class="battle-history"><small>Greninja's Speed fell!</small><br></div><div class="spacer battle-history"><br></div><div class="battle-history">[The opposing Gliscor's Poison Heal]<br><small>The opposing Gliscor had its HP restored.</small><br></div><div class="battle-history"><small>There is one turn left of Volcanic Singe!</small><br></div><div class="spacer battle-history"><br></div><h2 class="battle-history">Turn 26</h2><div class="chat chatmessage-blauebrause mine"><strong style="color:#6b66e4"><small>☆</small><span class="username" data-name="BlaueBrause">BlaueBrause</span>:</strong> <em>lol, a burned cinderace</em></div><div class="spacer battle-history"><br></div><div class="battle-history">Greninja used <strong>Water Shuriken</strong>!<br></div><div class="battle-history"><small>It's super effective!</small><br></div><div class="battle-history"><small>(The opposing Gliscor lost 36% of its health!)</small><br></div><div class="battle-history"><small>It's super effective!</small><br></div><div class="battle-history"><small>(The opposing Gliscor lost 6% of its health!)</small><br></div><div class="battle-history"><small>The Pokémon was hit 2 times!</small><br></div><div class="spacer battle-history"><br></div><div class="battle-history">The opposing Gliscor fainted!<br></div><div class="spacer battle-history"><br></div><div class="battle-history"><small>The air around Magcargo's team cooled down!</small><br></div><div class="spacer battle-history"><br></div><div class="battle-history">aausma sent out <strong>Kartana</strong>!<br></div><div class="battle-history"><small>Pointed stones dug into the opposing Kartana!</small><br></div><div class="spacer battle-history"><br></div><h2 class="battle-history">Turn 27</h2><div class="spacer battle-history"><br></div><div class="battle-history">aausma withdrew Kartana!<br></div><div class="battle-history">aausma sent out Magcargo (<strong>Magcargo-Mega</strong>)!<br></div><div class="battle-history"><small>Pointed stones dug into the opposing Magcargo!</small><br></div><div class="spacer battle-history"><br></div><div class="battle-history">Greninja, come back!<br></div><div class="battle-history">Go! <strong>Buzzwole</strong>!<br></div><div class="battle-history"><small>Buzzwole was caught in a sticky web!</small><br></div><div class="battle-history"><small>Buzzwole's Speed fell!</small><br></div><div class="spacer battle-history"><br></div><h2 class="battle-history">Turn 28</h2><div class="spacer battle-history"><br></div><div class="battle-history">Buzzwole, come back!<br></div><div class="battle-history">Go! <strong>Clefable</strong>!<br></div><div class="battle-history"><small>Clefable was caught in a sticky web!</small><br></div><div class="battle-history"><small>Clefable's Speed fell!</small><br></div><div class="spacer battle-history"><br></div><div class="battle-history">The opposing Magcargo used <strong>Energy Ball</strong>!<br></div><div class="battle-history"><small>(Clefable lost <abbr title="−101/394">25.6%</abbr> of its health!)</small><br></div><div class="spacer battle-history"><br></div><div class="battle-history">Clefable fainted!<br></div><div class="spacer battle-history"><br></div><div class="battle-history">Go! Greninja (<strong>Greninja-Ash</strong>)!<br></div><div class="battle-history"><small>Greninja was caught in a sticky web!</small><br></div><div class="battle-history"><small>Greninja's Speed fell!</small><br></div><div class="spacer battle-history"><br></div><h2 class="battle-history">Turn 29</h2><div class="chat chatmessage-aausma"><strong style="color:#18a81f"><small>☆</small><span class="username" data-name="aausma">aausma</span>:</strong> <em>yeah ash gren is a problem for my team</em></div><div class="spacer battle-history"><br></div><div class="battle-history">Greninja used <strong>Water Shuriken</strong>!<br></div><div class="battle-history"><small>It's super effective!</small><br></div><div class="battle-history"><small>(The opposing Magcargo lost 51% of its health!)</small><br></div><div class="battle-history"><small>The Pokémon was hit 1 time!</small><br></div><div class="spacer battle-history"><br></div><div class="battle-history">The opposing Magcargo fainted!<br></div><div class="spacer battle-history"><br></div><div class="battle-history">aausma sent out <strong>Kartana</strong>!<br></div><div class="battle-history"><small>Pointed stones dug into the opposing Kartana!</small><br></div><div class="spacer battle-history"><br></div><h2 class="battle-history">Turn 30</h2><div class="spacer battle-history"><br></div><div class="battle-history">Greninja, come back!<br></div><div class="battle-history">Go! <strong>Buzzwole</strong>!<br></div><div class="battle-history"><small>Buzzwole was caught in a sticky web!</small><br></div><div class="battle-history"><small>Buzzwole's Speed fell!</small><br></div><div class="spacer battle-history"><br></div><div class="battle-history">The opposing Kartana used <strong>Swords Dance</strong>!<br></div><div class="battle-history"><small>The opposing Kartana's Attack rose sharply!</small><br></div><div class="spacer battle-history"><br></div><h2 class="battle-history">Turn 31</h2><div class="spacer battle-history"><br></div><div class="battle-history">The opposing Kartana used <strong>Leaf Blade</strong>!<br></div><div class="battle-history"><small>It's not very effective...</small><br></div><div class="battle-history"><small>(Buzzwole lost <abbr title="−160/418">38.3%</abbr> of its health!)</small><br></div><div class="battle-history"><small>The opposing Kartana lost some of its HP!</small><br></div><div class="spacer battle-history"><br></div><div class="battle-history">Buzzwole used <strong>Drain Punch</strong>!<br></div><div class="battle-history"><small>It's super effective!</small><br></div><div class="battle-history"><small>(The opposing Kartana lost 63% of its health!)</small><br></div><div class="battle-history"><small>The opposing Kartana had its energy drained!</small><br></div><div class="spacer battle-history"><br></div><div class="battle-history">The opposing Kartana fainted!<br></div><div class="spacer battle-history"><br></div><div class="battle-history"><strong>BlaueBrause</strong> won the battle!<br></div><div class="chat chatmessage-aausma"><strong style="color:#18a81f"><small>☆</small><span class="username" data-name="aausma">aausma</span>:</strong> <em>gg</em></div><div class="chat chatmessage-blauebrause mine"><strong style="color:#6b66e4"><small>☆</small><span class="username" data-name="BlaueBrause">BlaueBrause</span>:</strong> <em>gg</em></div></div><div class="inner-preempt message-log"></div></div></div>
</div>
<script>
let daily = Math.floor(Date.now()/1000/60/60/24);document.write('<script src="https://play.pokemonshowdown.com/js/replay-embed.js?version'+daily+'"></'+'script>');
</script>
