<!DOCTYPE html>
<meta charset="utf-8" />
<!-- version 1 -->
<title>[Gen 8] Megas for All replay: CCMegaFlareon vs. Mossy Sandwich</title>
<style>
html,body {font-family:Verdana, sans-serif;font-size:10pt;margin:0;padding:0;}body{padding:12px 0;} .battle-log {font-family:Verdana, sans-serif;font-size:10pt;} .battle-log-inline {border:1px solid #AAAAAA;background:#EEF2F5;color:black;max-width:640px;margin:0 auto 80px;padding-bottom:5px;} .battle-log .inner {padding:4px 8px 0px 8px;} .battle-log .inner-preempt {padding:0 8px 4px 8px;} .battle-log .inner-after {margin-top:0.5em;} .battle-log h2 {margin:0.5em -8px;padding:4px 8px;border:1px solid #AAAAAA;background:#E0E7EA;border-left:0;border-right:0;font-family:Verdana, sans-serif;font-size:13pt;} .battle-log .chat {vertical-align:middle;padding:3px 0 3px 0;font-size:8pt;} .battle-log .chat strong {color:#40576A;} .battle-log .chat em {padding:1px 4px 1px 3px;color:#000000;font-style:normal;} .chat.mine {background:rgba(0,0,0,0.05);margin-left:-8px;margin-right:-8px;padding-left:8px;padding-right:8px;} .spoiler {color:#BBBBBB;background:#BBBBBB;padding:0px 3px;} .spoiler:hover, .spoiler:active, .spoiler-shown {color:#000000;background:#E2E2E2;padding:0px 3px;} .spoiler a {color:#BBBBBB;} .spoiler:hover a, .spoiler:active a, .spoiler-shown a {color:#2288CC;} .chat code, .chat .spoiler:hover code, .chat .spoiler:active code, .chat .spoiler-shown code {border:1px solid #C0C0C0;background:#EEEEEE;color:black;padding:0 2px;} .chat .spoiler code {border:1px solid #CCCCCC;background:#CCCCCC;color:#CCCCCC;} .battle-log .rated {padding:3px 4px;} .battle-log .rated strong {color:white;background:#89A;padding:1px 4px;border-radius:4px;} .spacer {margin-top:0.5em;} .message-announce {background:#6688AA;color:white;padding:1px 4px 2px;} .message-announce a, .broadcast-green a, .broadcast-blue a, .broadcast-red a {color:#DDEEFF;} .broadcast-green {background-color:#559955;color:white;padding:2px 4px;} .broadcast-blue {background-color:#6688AA;color:white;padding:2px 4px;} .infobox {border:1px solid #6688AA;padding:2px 4px;} .infobox-limited {max-height:200px;overflow:auto;overflow-x:hidden;} .broadcast-red {background-color:#AA5544;color:white;padding:2px 4px;} .message-learn-canlearn {font-weight:bold;color:#228822;text-decoration:underline;} .message-learn-cannotlearn {font-weight:bold;color:#CC2222;text-decoration:underline;} .message-effect-weak {font-weight:bold;color:#CC2222;} .message-effect-resist {font-weight:bold;color:#6688AA;} .message-effect-immune {font-weight:bold;color:#666666;} .message-learn-list {margin-top:0;margin-bottom:0;} .message-throttle-notice, .message-error {color:#992222;} .message-overflow, .chat small.message-overflow {font-size:0pt;} .message-overflow::before {font-size:9pt;content:'...';} .subtle {color:#3A4A66;}
</style>
<div class="wrapper replay-wrapper" style="max-width:1180px;margin:0 auto">
<input type="hidden" name="replayid" value="dragonheaven-gen8megasforall-1058" />
<div class="battle"></div><div class="battle-log"></div><div class="replay-controls"></div><div class="replay-controls-2"></div>
<h1 style="font-weight:normal;text-align:center"><strong>[Gen 8] Megas for All</strong><br /><a href="http://pokemonshowdown.com/users/ccmegaflareon" class="subtle" target="_blank">CCMegaFlareon</a> vs. <a href="http://pokemonshowdown.com/users/mossysandwich" class="subtle" target="_blank">Mossy Sandwich</a></h1>
<script type="text/plain" class="battle-log-data">|j|☆CCMegaFlareon
|j|☆Mossy Sandwich

|t:|1609629766
|player|p1|CCMegaFlareon|giovanni|
|player|p2|Mossy Sandwich|101|
|teamsize|p1|6
|teamsize|p2|6
|gametype|singles
|gen|8
|tier|[Gen 8] Megas for All
|clearpoke
|poke|p1|Torkoal, F|
|poke|p1|Garchomp, M|
|poke|p1|Tapu Fini|
|poke|p1|Venusaur, F|
|poke|p1|Charizard, M|
|poke|p1|Meganium, F|
|poke|p2|Conkeldurr, F|
|poke|p2|Heatran, M|
|poke|p2|Blissey, F|
|poke|p2|Kartana|
|poke|p2|Tapu Koko|
|poke|p2|Blacephalon|
|rule|HP Percentage Mod: HP is shown in percentages
|rule|Endless Battle Clause: Forcing endless battles is banned
|rule|OHKO Clause: OHKO moves are banned
|rule|Evasion Moves Clause: Evasion moves are banned
|rule|Species Clause: Limit one of each Pokémon
|rule|Dynamax Clause: You cannot dynamax
|rule|Sleep Clause Mod: Limit one foe put to sleep
|rule|Freeze Clause Mod: Limit one foe frozen
|teampreview
|c|☆Mossy Sandwich|gl hf!
|
|t:|1609629785
|start
|switch|p1a: Garchomp|Garchomp, M|100\/100
|switch|p2a: Conkeldurr|Conkeldurr, F|414\/414
|turn|1
|c|☆CCMegaFlareon|gl hf
|
|t:|1609629797
|detailschange|p2a: Conkeldurr|Conkeldurr-Mega, F
|-mega|p2a: Conkeldurr|Conkeldurr|Conkeldite
|-start|p2a: Conkeldurr|typechange|Fighting|[silent]
|raw|<ul class="utilichart"><li class="result"><span class="col pokemonnamecol" style="white-space: nowrap">Conkeldurr-Mega<\/span> <span class="col typecol"><img src="https:\/\/play.pokemonshowdown.com\/sprites\/types\/Fighting.png" alt="Fighting" height="14" width="32"><\/span> <span style="float: left ; min-height: 26px"><span class="col abilitycol">Long Reach<\/span><span class="col abilitycol"><\/span><\/span><span style="float: left ; min-height: 26px"><span class="col statcol"><em>HP<\/em><br>105<\/span> <span class="col statcol"><em>Atk<\/em><br>190<\/span> <span class="col statcol"><em>Def<\/em><br>125<\/span> <span class="col statcol"><em>SpA<\/em><br>55<\/span> <span class="col statcol"><em>SpD<\/em><br>85<\/span> <span class="col statcol"><em>Spe<\/em><br>45<\/span> <\/span><\/li><li style="clear: both"><\/li><\/ul>
|move|p1a: Garchomp|Swords Dance|p1a: Garchomp
|-boost|p1a: Garchomp|atk|2
|move|p2a: Conkeldurr|Knock Off|p1a: Garchomp
|-damage|p1a: Garchomp|76\/100
|
|upkeep
|turn|2
|
|t:|1609629808
|move|p1a: Garchomp|Scale Shot|p2a: Conkeldurr
|-damage|p2a: Conkeldurr|354\/414
|-damage|p2a: Conkeldurr|299\/414
|-hitcount|p2a: Conkeldurr|2
|-unboost|p1a: Garchomp|def|1
|-boost|p1a: Garchomp|spe|1
|move|p2a: Conkeldurr|Shore Up|p2a: Conkeldurr
|-heal|p2a: Conkeldurr|414\/414
|
|upkeep
|turn|3
|
|t:|1609629821
|move|p1a: Garchomp|Earthquake|p2a: Conkeldurr
|-damage|p2a: Conkeldurr|206\/414
|move|p2a: Conkeldurr|Hammer Arm|p1a: Garchomp
|-damage|p1a: Garchomp|0 fnt
|-unboost|p2a: Conkeldurr|spe|1
|faint|p1a: Garchomp
|
|upkeep
|
|t:|1609629837
|switch|p1a: Torkoal|Torkoal, F|100\/100
|-weather|SunnyDay|[from] ability: Drought|[of] p1a: Torkoal
|turn|4
|
|t:|1609629842
|move|p2a: Conkeldurr|Shore Up|p2a: Conkeldurr
|-heal|p2a: Conkeldurr|413\/414
|move|p1a: Torkoal|Toxic|p2a: Conkeldurr
|-status|p2a: Conkeldurr|tox
|
|-weather|SunnyDay|[upkeep]
|-damage|p2a: Conkeldurr|388\/414 tox|[from] psn
|upkeep
|turn|5
|j| inkbug1
|
|t:|1609629850
|move|p2a: Conkeldurr|Knock Off|p1a: Torkoal
|-damage|p1a: Torkoal|80\/100
|-enditem|p1a: Torkoal|Heat Rock|[from] move: Knock Off|[of] p2a: Conkeldurr
|move|p1a: Torkoal|Stealth Rock|p2a: Conkeldurr
|-sidestart|p2: Mossy Sandwich|move: Stealth Rock
|
|-weather|SunnyDay|[upkeep]
|-damage|p2a: Conkeldurr|338\/414 tox|[from] psn
|upkeep
|turn|6
|
|t:|1609629859
|switch|p1a: Tapu Fini|Tapu Fini|100\/100
|-fieldstart|move: Misty Terrain|[from] ability: Misty Surge|[of] p1a: Tapu Fini
|move|p2a: Conkeldurr|Defog|p1a: Tapu Fini
|-unboost|p1a: Tapu Fini|evasion|1
|-sideend|p2: Mossy Sandwich|Stealth Rock|[from] move: Defog|[of] p2a: Conkeldurr
|-fieldend|Misty Terrain
|
|-weather|SunnyDay|[upkeep]
|-damage|p2a: Conkeldurr|263\/414 tox|[from] psn
|upkeep
|turn|7
|
|t:|1609629868
|switch|p2a: Kartana|Kartana|322\/322
|move|p1a: Tapu Fini|Taunt|p2a: Kartana
|-start|p2a: Kartana|move: Taunt
|
|-weather|SunnyDay|[upkeep]
|upkeep
|turn|8
|
|t:|1609629879
|switch|p1a: Venusaur|Venusaur, F|100\/100
|move|p2a: Kartana|Knock Off|p1a: Venusaur
|-damage|p1a: Venusaur|54\/100
|-enditem|p1a: Venusaur|Life Orb|[from] move: Knock Off|[of] p2a: Kartana
|
|-weather|SunnyDay|[upkeep]
|upkeep
|turn|9
|
|t:|1609629888
|switch|p2a: Heatran|Heatran, M|386\/386
|move|p1a: Venusaur|Weather Ball|p2a: Heatran
|-start|p2a: Heatran|ability: Flash Fire
|
|-weather|SunnyDay|[upkeep]
|upkeep
|turn|10
|
|t:|1609629898
|switch|p1a: Tapu Fini|Tapu Fini|100\/100
|-fieldstart|move: Misty Terrain|[from] ability: Misty Surge|[of] p1a: Tapu Fini
|move|p2a: Heatran|Magma Storm|p1a: Tapu Fini
|-resisted|p1a: Tapu Fini
|-damage|p1a: Tapu Fini|63\/100
|-activate|p1a: Tapu Fini|move: Magma Storm|[of] p2a: Heatran
|
|-weather|SunnyDay|[upkeep]
|-damage|p1a: Tapu Fini|50\/100|[from] move: Magma Storm|[partiallytrapped]
|upkeep
|turn|11
|
|t:|1609629910
|move|p2a: Heatran|Stealth Rock|p1a: Tapu Fini
|-sidestart|p1: CCMegaFlareon|move: Stealth Rock
|move|p1a: Tapu Fini|Nature's Madness|p2a: Heatran
|-damage|p2a: Heatran|193\/386
|
|-weather|none
|-heal|p2a: Heatran|217\/386|[from] item: Leftovers
|-damage|p1a: Tapu Fini|38\/100|[from] move: Magma Storm|[partiallytrapped]
|upkeep
|turn|12
|
|t:|1609629919
|move|p2a: Heatran|Earth Power|p1a: Tapu Fini
|-damage|p1a: Tapu Fini|16\/100
|move|p1a: Tapu Fini|Defog|p2a: Heatran
|-unboost|p2a: Heatran|evasion|1
|-sideend|p1: CCMegaFlareon|Stealth Rock|[from] move: Defog|[of] p1a: Tapu Fini
|-fieldend|Misty Terrain
|
|-heal|p2a: Heatran|241\/386|[from] item: Leftovers
|-damage|p1a: Tapu Fini|4\/100|[from] move: Magma Storm|[partiallytrapped]
|upkeep
|turn|13
|
|t:|1609629928
|move|p2a: Heatran|Stealth Rock|p1a: Tapu Fini
|-sidestart|p1: CCMegaFlareon|move: Stealth Rock
|move|p1a: Tapu Fini|Defog|p2a: Heatran
|-unboost|p2a: Heatran|evasion|1
|-sideend|p1: CCMegaFlareon|Stealth Rock|[from] move: Defog|[of] p1a: Tapu Fini
|
|-heal|p2a: Heatran|265\/386|[from] item: Leftovers
|-damage|p1a: Tapu Fini|0 fnt|[from] move: Magma Storm|[partiallytrapped]
|faint|p1a: Tapu Fini
|upkeep
|
|t:|1609629942
|switch|p1a: Torkoal|Torkoal, F|80\/100
|-weather|SunnyDay|[from] ability: Drought|[of] p1a: Torkoal
|turn|14
|
|t:|1609629949
|move|p2a: Heatran|Stealth Rock|p1a: Torkoal
|-sidestart|p1: CCMegaFlareon|move: Stealth Rock
|move|p1a: Torkoal|Stealth Rock|p2a: Heatran
|-sidestart|p2: Mossy Sandwich|move: Stealth Rock
|
|-weather|SunnyDay|[upkeep]
|-heal|p2a: Heatran|289\/386|[from] item: Leftovers
|upkeep
|turn|15
|
|t:|1609629957
|switch|p1a: Venusaur|Venusaur, F|54\/100
|-damage|p1a: Venusaur|42\/100|[from] Stealth Rock
|move|p2a: Heatran|Earth Power|p1a: Venusaur
|-damage|p1a: Venusaur|14\/100
|
|-weather|SunnyDay|[upkeep]
|-heal|p2a: Heatran|313\/386|[from] item: Leftovers
|upkeep
|turn|16
|
|t:|1609629967
|move|p1a: Venusaur|Giga Drain|p2a: Heatran
|-resisted|p2a: Heatran
|-damage|p2a: Heatran|288\/386
|-heal|p1a: Venusaur|18\/100|[from] drain|[of] p2a: Heatran
|move|p2a: Heatran|Magma Storm|p1a: Venusaur
|-supereffective|p1a: Venusaur
|-damage|p1a: Venusaur|0 fnt
|faint|p1a: Venusaur
|
|-weather|SunnyDay|[upkeep]
|-heal|p2a: Heatran|312\/386|[from] item: Leftovers
|upkeep
|j| BlaueBrause
|
|t:|1609629977
|switch|p1a: Meganium|Meganium, F|100\/100
|-damage|p1a: Meganium|88\/100|[from] Stealth Rock
|turn|17
|
|t:|1609629982
|detailschange|p1a: Meganium|Meganium-Mega, F
|-mega|p1a: Meganium|Meganium|Meganiumite
|-start|p1a: Meganium|typechange|Grass|[silent]
|raw|<ul class="utilichart"><li class="result"><span class="col pokemonnamecol" style="white-space: nowrap">Meganium-Mega<\/span> <span class="col typecol"><img src="https:\/\/play.pokemonshowdown.com\/sprites\/types\/Grass.png" alt="Grass" height="14" width="32"><\/span> <span style="float: left ; min-height: 26px"><span class="col abilitycol">Flower Gift<\/span><span class="col abilitycol"><\/span><\/span><span style="float: left ; min-height: 26px"><span class="col statcol"><em>HP<\/em><br>80<\/span> <span class="col statcol"><em>Atk<\/em><br>117<\/span> <span class="col statcol"><em>Def<\/em><br>110<\/span> <span class="col statcol"><em>SpA<\/em><br>118<\/span> <span class="col statcol"><em>SpD<\/em><br>120<\/span> <span class="col statcol"><em>Spe<\/em><br>80<\/span> <\/span><\/li><li style="clear: both"><\/li><\/ul>
|move|p1a: Meganium|Earthquake|p2a: Heatran
|-supereffective|p2a: Heatran
|-crit|p2a: Heatran
|-damage|p2a: Heatran|0 fnt
|faint|p2a: Heatran
|
|-weather|SunnyDay|[upkeep]
|upkeep
|
|t:|1609629993
|switch|p2a: Blacephalon|Blacephalon|247\/247
|-damage|p2a: Blacephalon|186\/247|[from] Stealth Rock
|turn|18
|
|t:|1609630007
|switch|p1a: Charizard|Charizard, M|100\/100
|-damage|p1a: Charizard|51\/100|[from] Stealth Rock
|move|p2a: Blacephalon|Flamethrower|p1a: Charizard
|-resisted|p1a: Charizard
|-damage|p1a: Charizard|0 fnt
|faint|p1a: Charizard
|-ability|p2a: Blacephalon|Beast Boost|boost
|-boost|p2a: Blacephalon|spa|1
|
|-weather|none
|-heal|p2a: Blacephalon|201\/247|[from] item: Leftovers
|upkeep
|c|☆CCMegaFlareon|gg
|c|☆Mossy Sandwich|gg
|
|t:|1609630021
|switch|p1a: Meganium|Meganium-Mega, F|88\/100
|-start|p1a: Meganium|typechange|Grass|[silent]
|-damage|p1a: Meganium|76\/100|[from] Stealth Rock
|turn|19
|l| BlaueBrause
|
|t:|1609630025
|move|p2a: Blacephalon|Flamethrower|p1a: Meganium
|-supereffective|p1a: Meganium
|-damage|p1a: Meganium|0 fnt
|faint|p1a: Meganium
|-ability|p2a: Blacephalon|Beast Boost|boost
|-boost|p2a: Blacephalon|spa|1
|
|-heal|p2a: Blacephalon|216\/247|[from] item: Leftovers
|upkeep
|
|t:|1609630033
|switch|p1a: Torkoal|Torkoal, F|80\/100
|-damage|p1a: Torkoal|55\/100|[from] Stealth Rock
|-weather|SunnyDay|[from] ability: Drought|[of] p1a: Torkoal
|turn|20
|
|t:|1609630040
|move|p2a: Blacephalon|Shadow Ball|p1a: Torkoal
|-damage|p1a: Torkoal|0 fnt
|faint|p1a: Torkoal
|
|win|Mossy Sandwich</script>
</div>
<div class="battle-log battle-log-inline"><div class="inner"><div class="battle-options"><div style="padding-top: 3px; padding-right: 3px; text-align: right"><button class="icon button" name="openBattleOptions" title="Options">Battle Options</button></div></div><div class="inner message-log"><div class="chat"><small>☆CCMegaFlareon and ☆Mossy Sandwich joined</small></div><div class=""><small>Format:</small> <br><strong>[Gen 8] Megas for All</strong></div><div class=""><small><em>HP Percentage Mod:</em> HP is shown in percentages</small></div><div class=""><small><em>Endless Battle Clause:</em> Forcing endless battles is banned</small></div><div class=""><small><em>OHKO Clause:</em> OHKO moves are banned</small></div><div class=""><small><em>Evasion Moves Clause:</em> Evasion moves are banned</small></div><div class=""><small><em>Species Clause:</em> Limit one of each Pokémon</small></div><div class=""><small><em>Dynamax Clause:</em> You cannot dynamax</small></div><div class=""><small><em>Sleep Clause Mod:</em> Limit one foe put to sleep</small></div><div class=""><small><em>Freeze Clause Mod:</em> Limit one foe frozen</small></div><div class="chat battle-history"><strong>CCMegaFlareon's team:</strong> <em style="color:#445566;display:block;">Torkoal / Garchomp / Tapu Fini / Venusaur / Charizard / Meganium</em></div><div class="chat battle-history"><strong>Mossy Sandwich's team:</strong> <em style="color:#445566;display:block;">Conkeldurr / Heatran / Blissey / Kartana / Tapu Koko / Blacephalon</em></div><div class="chat chatmessage-mossysandwich mine"><strong style="color:#ba49a2"><small>☆</small><span class="username" data-name="Mossy Sandwich">Mossy Sandwich</span>:</strong> <em>gl hf!</em></div><div class="spacer battle-history"><br></div><div class="battle-history">Battle started between CCMegaFlareon and Mossy Sandwich!<br></div><div class="spacer battle-history"><br></div><div class="battle-history">CCMegaFlareon sent out <strong>Garchomp</strong>!<br></div><div class="spacer battle-history"><br></div><div class="battle-history">Go! <strong>Conkeldurr</strong>!<br></div><div class="spacer battle-history"><br></div><h2 class="battle-history">Turn 1</h2><div class="chat chatmessage-ccmegaflareon"><strong style="color:#ac36b5"><small>☆</small><span class="username" data-name="CCMegaFlareon">CCMegaFlareon</span>:</strong> <em>gl hf</em></div><div class="spacer battle-history"><br></div><div class="battle-history"><small>Conkeldurr's Conkeldite is reacting to the Key Stone!</small><br>Conkeldurr has Mega Evolved into Mega Conkeldurr!<br></div><div class="chat"><ul class="utilichart"><li class="result"><span class="col pokemonnamecol" style="white-space: nowrap">Conkeldurr-Mega</span> <span class="col typecol"><img src="https://play.pokemonshowdown.com/sprites/types/Fighting.png" alt="Fighting" height="14" width="32"></span> <span style="float: left ; min-height: 26px"><span class="col abilitycol">Long Reach</span><span class="col abilitycol"></span></span><span style="float: left ; min-height: 26px"><span class="col statcol"><em>HP</em><br>105</span> <span class="col statcol"><em>Atk</em><br>190</span> <span class="col statcol"><em>Def</em><br>125</span> <span class="col statcol"><em>SpA</em><br>55</span> <span class="col statcol"><em>SpD</em><br>85</span> <span class="col statcol"><em>Spe</em><br>45</span> </span></li><li style="clear: both"></li></ul></div><div class="spacer battle-history"><br></div><div class="battle-history">The opposing Garchomp used <strong>Swords Dance</strong>!<br></div><div class="battle-history"><small>The opposing Garchomp's Attack rose sharply!</small><br></div><div class="spacer battle-history"><br></div><div class="battle-history">Conkeldurr used <strong>Knock Off</strong>!<br></div><div class="battle-history"><small>(The opposing Garchomp lost 24% of its health!)</small><br></div><div class="spacer battle-history"><br></div><h2 class="battle-history">Turn 2</h2><div class="spacer battle-history"><br></div><div class="battle-history">The opposing Garchomp used <strong>Scale Shot</strong>!<br></div><div class="battle-history"><small>(Conkeldurr lost <abbr title="−60/414">14.5%</abbr> of its health!)</small><br></div><div class="battle-history"><small>(Conkeldurr lost <abbr title="−55/414">13.3%</abbr> of its health!)</small><br></div><div class="battle-history"><small>The Pokémon was hit 2 times!</small><br></div><div class="battle-history"><small>The opposing Garchomp's Defense fell!</small><br></div><div class="battle-history"><small>The opposing Garchomp's Speed rose!</small><br></div><div class="spacer battle-history"><br></div><div class="battle-history">Conkeldurr used <strong>Shore Up</strong>!<br></div><div class="battle-history"><small>Conkeldurr had its HP restored.</small><br></div><div class="spacer battle-history"><br></div><h2 class="battle-history">Turn 3</h2><div class="spacer battle-history"><br></div><div class="battle-history">The opposing Garchomp used <strong>Earthquake</strong>!<br></div><div class="battle-history"><small>(Conkeldurr lost <abbr title="−208/414">50.2%</abbr> of its health!)</small><br></div><div class="spacer battle-history"><br></div><div class="battle-history">Conkeldurr used <strong>Hammer Arm</strong>!<br></div><div class="battle-history"><small>(The opposing Garchomp lost 76% of its health!)</small><br></div><div class="battle-history"><small>Conkeldurr's Speed fell!</small><br></div><div class="spacer battle-history"><br></div><div class="battle-history">The opposing Garchomp fainted!<br></div><div class="spacer battle-history"><br></div><div class="battle-history">CCMegaFlareon sent out <strong>Torkoal</strong>!<br></div><div class="battle-history">[The opposing Torkoal's Drought]<br><small>The sunlight turned harsh!</small><br></div><div class="spacer battle-history"><br></div><h2 class="battle-history">Turn 4</h2><div class="spacer battle-history"><br></div><div class="battle-history">Conkeldurr used <strong>Shore Up</strong>!<br></div><div class="battle-history"><small>Conkeldurr had its HP restored.</small><br></div><div class="spacer battle-history"><br></div><div class="battle-history">The opposing Torkoal used <strong>Toxic</strong>!<br></div><div class="battle-history"><small>Conkeldurr was badly poisoned!</small><br></div><div class="spacer battle-history"><br></div><div class="battle-history"><small>(The sunlight is strong.)</small><br></div><div class="battle-history"><small>Conkeldurr was hurt by poison!</small><br></div><div class="spacer battle-history"><br></div><h2 class="battle-history">Turn 5</h2><div class="chat"><small> inkbug1 joined</small></div><div class="spacer battle-history"><br></div><div class="battle-history">Conkeldurr used <strong>Knock Off</strong>!<br></div><div class="battle-history"><small>(The opposing Torkoal lost 20% of its health!)</small><br></div><div class="battle-history"><small>Conkeldurr knocked off the opposing Torkoal's Heat Rock!</small><br></div><div class="spacer battle-history"><br></div><div class="battle-history">The opposing Torkoal used <strong>Stealth Rock</strong>!<br></div><div class="battle-history"><small>Pointed stones float in the air around your team!</small><br></div><div class="spacer battle-history"><br></div><div class="battle-history"><small>(The sunlight is strong.)</small><br></div><div class="battle-history"><small>Conkeldurr was hurt by poison!</small><br></div><div class="spacer battle-history"><br></div><h2 class="battle-history">Turn 6</h2><div class="spacer battle-history"><br></div><div class="battle-history">CCMegaFlareon withdrew Torkoal!<br></div><div class="battle-history">CCMegaFlareon sent out <strong>Tapu Fini</strong>!<br></div><div class="battle-history">[The opposing Tapu Fini's Misty Surge]<br><small>Mist swirled around the battlefield!</small><br></div><div class="spacer battle-history"><br></div><div class="battle-history">Conkeldurr used <strong>Defog</strong>!<br></div><div class="battle-history"><small>The opposing Tapu Fini's evasiveness fell!</small><br></div><div class="battle-history"><small>The pointed stones disappeared from around your team!</small><br></div><div class="battle-history"><small>The mist disappeared from the battlefield.</small><br></div><div class="spacer battle-history"><br></div><div class="battle-history"><small>(The sunlight is strong.)</small><br></div><div class="battle-history"><small>Conkeldurr was hurt by poison!</small><br></div><div class="spacer battle-history"><br></div><h2 class="battle-history">Turn 7</h2><div class="spacer battle-history"><br></div><div class="battle-history">Conkeldurr, come back!<br></div><div class="battle-history">Go! <strong>Kartana</strong>!<br></div><div class="spacer battle-history"><br></div><div class="battle-history">The opposing Tapu Fini used <strong>Taunt</strong>!<br></div><div class="battle-history"><small>Kartana fell for the taunt!</small><br></div><div class="spacer battle-history"><br></div><div class="battle-history"><small>(The sunlight is strong.)</small><br></div><div class="spacer battle-history"><br></div><h2 class="battle-history">Turn 8</h2><div class="spacer battle-history"><br></div><div class="battle-history">CCMegaFlareon withdrew Tapu Fini!<br></div><div class="battle-history">CCMegaFlareon sent out <strong>Venusaur</strong>!<br></div><div class="spacer battle-history"><br></div><div class="battle-history">Kartana used <strong>Knock Off</strong>!<br></div><div class="battle-history"><small>(The opposing Venusaur lost 46% of its health!)</small><br></div><div class="battle-history"><small>Kartana knocked off the opposing Venusaur's Life Orb!</small><br></div><div class="spacer battle-history"><br></div><div class="battle-history"><small>(The sunlight is strong.)</small><br></div><div class="spacer battle-history"><br></div><h2 class="battle-history">Turn 9</h2><div class="spacer battle-history"><br></div><div class="battle-history">Kartana, come back!<br></div><div class="battle-history">Go! <strong>Heatran</strong>!<br></div><div class="spacer battle-history"><br></div><div class="battle-history">The opposing Venusaur used <strong>Weather Ball</strong>!<br></div><div class="battle-history">[Heatran's Flash Fire]<br><small>The power of Heatran's Fire-type moves rose!</small><br></div><div class="spacer battle-history"><br></div><div class="battle-history"><small>(The sunlight is strong.)</small><br></div><div class="spacer battle-history"><br></div><h2 class="battle-history">Turn 10</h2><div class="spacer battle-history"><br></div><div class="battle-history">CCMegaFlareon withdrew Venusaur!<br></div><div class="battle-history">CCMegaFlareon sent out <strong>Tapu Fini</strong>!<br></div><div class="battle-history">[The opposing Tapu Fini's Misty Surge]<br><small>Mist swirled around the battlefield!</small><br></div><div class="spacer battle-history"><br></div><div class="battle-history">Heatran used <strong>Magma Storm</strong>!<br></div><div class="battle-history"><small>It's not very effective...</small><br></div><div class="battle-history"><small>(The opposing Tapu Fini lost 37% of its health!)</small><br></div><div class="battle-history"><small>The opposing Tapu Fini became trapped by swirling magma!</small><br></div><div class="spacer battle-history"><br></div><div class="battle-history"><small>(The sunlight is strong.)</small><br></div><div class="battle-history"><small>The opposing Tapu Fini is hurt by Magma Storm!</small><br></div><div class="spacer battle-history"><br></div><h2 class="battle-history">Turn 11</h2><div class="spacer battle-history"><br></div><div class="battle-history">Heatran used <strong>Stealth Rock</strong>!<br></div><div class="battle-history"><small>Pointed stones float in the air around the opposing team!</small><br></div><div class="spacer battle-history"><br></div><div class="battle-history">The opposing Tapu Fini used <strong>Nature's Madness</strong>!<br></div><div class="battle-history"><small>(Heatran lost <abbr title="−193/386">50%</abbr> of its health!)</small><br></div><div class="spacer battle-history"><br></div><div class="battle-history"><small>The harsh sunlight faded.</small><br></div><div class="battle-history"><small>Heatran restored a little HP using its Leftovers!</small><br></div><div class="battle-history"><small>The opposing Tapu Fini is hurt by Magma Storm!</small><br></div><div class="spacer battle-history"><br></div><h2 class="battle-history">Turn 12</h2><div class="spacer battle-history"><br></div><div class="battle-history">Heatran used <strong>Earth Power</strong>!<br></div><div class="battle-history"><small>(The opposing Tapu Fini lost 22% of its health!)</small><br></div><div class="spacer battle-history"><br></div><div class="battle-history">The opposing Tapu Fini used <strong>Defog</strong>!<br></div><div class="battle-history"><small>Heatran's evasiveness fell!</small><br></div><div class="battle-history"><small>The pointed stones disappeared from around the opposing team!</small><br></div><div class="battle-history"><small>The mist disappeared from the battlefield.</small><br></div><div class="spacer battle-history"><br></div><div class="battle-history"><small>Heatran restored a little HP using its Leftovers!</small><br></div><div class="battle-history"><small>The opposing Tapu Fini is hurt by Magma Storm!</small><br></div><div class="spacer battle-history"><br></div><h2 class="battle-history">Turn 13</h2><div class="spacer battle-history"><br></div><div class="battle-history">Heatran used <strong>Stealth Rock</strong>!<br></div><div class="battle-history"><small>Pointed stones float in the air around the opposing team!</small><br></div><div class="spacer battle-history"><br></div><div class="battle-history">The opposing Tapu Fini used <strong>Defog</strong>!<br></div><div class="battle-history"><small>Heatran's evasiveness fell!</small><br></div><div class="battle-history"><small>The pointed stones disappeared from around the opposing team!</small><br></div><div class="spacer battle-history"><br></div><div class="battle-history"><small>Heatran restored a little HP using its Leftovers!</small><br></div><div class="battle-history"><small>The opposing Tapu Fini is hurt by Magma Storm!</small><br></div><div class="spacer battle-history"><br></div><div class="battle-history">The opposing Tapu Fini fainted!<br></div><div class="spacer battle-history"><br></div><div class="battle-history">CCMegaFlareon sent out <strong>Torkoal</strong>!<br></div><div class="battle-history">[The opposing Torkoal's Drought]<br><small>The sunlight turned harsh!</small><br></div><div class="spacer battle-history"><br></div><h2 class="battle-history">Turn 14</h2><div class="spacer battle-history"><br></div><div class="battle-history">Heatran used <strong>Stealth Rock</strong>!<br></div><div class="battle-history"><small>Pointed stones float in the air around the opposing team!</small><br></div><div class="spacer battle-history"><br></div><div class="battle-history">The opposing Torkoal used <strong>Stealth Rock</strong>!<br></div><div class="battle-history"><small>Pointed stones float in the air around your team!</small><br></div><div class="spacer battle-history"><br></div><div class="battle-history"><small>(The sunlight is strong.)</small><br></div><div class="battle-history"><small>Heatran restored a little HP using its Leftovers!</small><br></div><div class="spacer battle-history"><br></div><h2 class="battle-history">Turn 15</h2><div class="spacer battle-history"><br></div><div class="battle-history">CCMegaFlareon withdrew Torkoal!<br></div><div class="battle-history">CCMegaFlareon sent out <strong>Venusaur</strong>!<br></div><div class="battle-history"><small>Pointed stones dug into the opposing Venusaur!</small><br></div><div class="spacer battle-history"><br></div><div class="battle-history">Heatran used <strong>Earth Power</strong>!<br></div><div class="battle-history"><small>(The opposing Venusaur lost 28% of its health!)</small><br></div><div class="spacer battle-history"><br></div><div class="battle-history"><small>(The sunlight is strong.)</small><br></div><div class="battle-history"><small>Heatran restored a little HP using its Leftovers!</small><br></div><div class="spacer battle-history"><br></div><h2 class="battle-history">Turn 16</h2><div class="spacer battle-history"><br></div><div class="battle-history">The opposing Venusaur used <strong>Giga Drain</strong>!<br></div><div class="battle-history"><small>It's not very effective...</small><br></div><div class="battle-history"><small>(Heatran lost <abbr title="−25/386">6.5%</abbr> of its health!)</small><br></div><div class="battle-history"><small>Heatran had its energy drained!</small><br></div><div class="spacer battle-history"><br></div><div class="battle-history">Heatran used <strong>Magma Storm</strong>!<br></div><div class="battle-history"><small>It's super effective!</small><br></div><div class="battle-history"><small>(The opposing Venusaur lost 18% of its health!)</small><br></div><div class="spacer battle-history"><br></div><div class="battle-history">The opposing Venusaur fainted!<br></div><div class="spacer battle-history"><br></div><div class="battle-history"><small>(The sunlight is strong.)</small><br></div><div class="battle-history"><small>Heatran restored a little HP using its Leftovers!</small><br></div><div class="chat"><small> BlaueBrause joined</small></div><div class="spacer battle-history"><br></div><div class="battle-history">CCMegaFlareon sent out <strong>Meganium</strong>!<br></div><div class="battle-history"><small>Pointed stones dug into the opposing Meganium!</small><br></div><div class="spacer battle-history"><br></div><h2 class="battle-history">Turn 17</h2><div class="spacer battle-history"><br></div><div class="battle-history"><small>The opposing Meganium's Meganiumite is reacting to the Key Stone!</small><br>The opposing Meganium has Mega Evolved into Mega Meganium!<br></div><div class="chat"><ul class="utilichart"><li class="result"><span class="col pokemonnamecol" style="white-space: nowrap">Meganium-Mega</span> <span class="col typecol"><img src="https://play.pokemonshowdown.com/sprites/types/Grass.png" alt="Grass" height="14" width="32"></span> <span style="float: left ; min-height: 26px"><span class="col abilitycol">Flower Gift</span><span class="col abilitycol"></span></span><span style="float: left ; min-height: 26px"><span class="col statcol"><em>HP</em><br>80</span> <span class="col statcol"><em>Atk</em><br>117</span> <span class="col statcol"><em>Def</em><br>110</span> <span class="col statcol"><em>SpA</em><br>118</span> <span class="col statcol"><em>SpD</em><br>120</span> <span class="col statcol"><em>Spe</em><br>80</span> </span></li><li style="clear: both"></li></ul></div><div class="spacer battle-history"><br></div><div class="battle-history">The opposing Meganium used <strong>Earthquake</strong>!<br></div><div class="battle-history"><small>It's super effective!</small><br></div><div class="battle-history"><small>A critical hit!</small><br></div><div class="battle-history"><small>(Heatran lost <abbr title="−312/386">80.8%</abbr> of its health!)</small><br></div><div class="spacer battle-history"><br></div><div class="battle-history">Heatran fainted!<br></div><div class="spacer battle-history"><br></div><div class="battle-history"><small>(The sunlight is strong.)</small><br></div><div class="spacer battle-history"><br></div><div class="battle-history">Go! <strong>Blacephalon</strong>!<br></div><div class="battle-history"><small>Pointed stones dug into Blacephalon!</small><br></div><div class="spacer battle-history"><br></div><h2 class="battle-history">Turn 18</h2><div class="spacer battle-history"><br></div><div class="battle-history">CCMegaFlareon withdrew Meganium!<br></div><div class="battle-history">CCMegaFlareon sent out <strong>Charizard</strong>!<br></div><div class="battle-history"><small>Pointed stones dug into the opposing Charizard!</small><br></div><div class="spacer battle-history"><br></div><div class="battle-history">Blacephalon used <strong>Flamethrower</strong>!<br></div><div class="battle-history"><small>It's not very effective...</small><br></div><div class="battle-history"><small>(The opposing Charizard lost 51% of its health!)</small><br></div><div class="spacer battle-history"><br></div><div class="battle-history">The opposing Charizard fainted!<br></div><div class="battle-history">[Blacephalon's Beast Boost]<br></div><div class="battle-history"><small>Blacephalon's Sp. Atk rose!</small><br></div><div class="spacer battle-history"><br></div><div class="battle-history"><small>The harsh sunlight faded.</small><br></div><div class="battle-history"><small>Blacephalon restored a little HP using its Leftovers!</small><br></div><div class="chat chatmessage-ccmegaflareon"><strong style="color:#ac36b5"><small>☆</small><span class="username" data-name="CCMegaFlareon">CCMegaFlareon</span>:</strong> <em>gg</em></div><div class="chat chatmessage-mossysandwich mine"><strong style="color:#ba49a2"><small>☆</small><span class="username" data-name="Mossy Sandwich">Mossy Sandwich</span>:</strong> <em>gg</em></div><div class="spacer battle-history"><br></div><div class="battle-history">CCMegaFlareon sent out Meganium (<strong>Meganium-Mega</strong>)!<br></div><div class="battle-history"><small>Pointed stones dug into the opposing Meganium!</small><br></div><div class="spacer battle-history"><br></div><h2 class="battle-history">Turn 19</h2><div class="chat"><small> BlaueBrause left</small></div><div class="spacer battle-history"><br></div><div class="battle-history">Blacephalon used <strong>Flamethrower</strong>!<br></div><div class="battle-history"><small>It's super effective!</small><br></div><div class="battle-history"><small>(The opposing Meganium lost 76% of its health!)</small><br></div><div class="spacer battle-history"><br></div><div class="battle-history">The opposing Meganium fainted!<br></div><div class="battle-history">[Blacephalon's Beast Boost]<br></div><div class="battle-history"><small>Blacephalon's Sp. Atk rose!</small><br></div><div class="spacer battle-history"><br></div><div class="battle-history"><small>Blacephalon restored a little HP using its Leftovers!</small><br></div><div class="spacer battle-history"><br></div><div class="battle-history">CCMegaFlareon sent out <strong>Torkoal</strong>!<br></div><div class="battle-history"><small>Pointed stones dug into the opposing Torkoal!</small><br></div><div class="battle-history">[The opposing Torkoal's Drought]<br><small>The sunlight turned harsh!</small><br></div><div class="spacer battle-history"><br></div><h2 class="battle-history">Turn 20</h2><div class="spacer battle-history"><br></div><div class="battle-history">Blacephalon used <strong>Shadow Ball</strong>!<br></div><div class="battle-history"><small>(The opposing Torkoal lost 55% of its health!)</small><br></div><div class="spacer battle-history"><br></div><div class="battle-history">The opposing Torkoal fainted!<br></div><div class="spacer battle-history"><br></div><div class="battle-history"><strong>Mossy Sandwich</strong> won the battle!<br></div></div><div class="inner-preempt message-log"></div></div></div>
</div>
<script>
let daily = Math.floor(Date.now()/1000/60/60/24);document.write('<script src="https://dragonheaven.herokuapp.com/js/replay-embed.js?version'+daily+'"></'+'script>');
</script>
