<!DOCTYPE html>
<meta charset="utf-8" />
<!-- version 1 -->
<title>[Gen 8] Megas for All replay: aausma vs. inkbug1</title>
<style>
html,body {font-family:Verdana, sans-serif;font-size:10pt;margin:0;padding:0;}body{padding:12px 0;} .battle-log {font-family:Verdana, sans-serif;font-size:10pt;} .battle-log-inline {border:1px solid #AAAAAA;background:#EEF2F5;color:black;max-width:640px;margin:0 auto 80px;padding-bottom:5px;} .battle-log .inner {padding:4px 8px 0px 8px;} .battle-log .inner-preempt {padding:0 8px 4px 8px;} .battle-log .inner-after {margin-top:0.5em;} .battle-log h2 {margin:0.5em -8px;padding:4px 8px;border:1px solid #AAAAAA;background:#E0E7EA;border-left:0;border-right:0;font-family:Verdana, sans-serif;font-size:13pt;} .battle-log .chat {vertical-align:middle;padding:3px 0 3px 0;font-size:8pt;} .battle-log .chat strong {color:#40576A;} .battle-log .chat em {padding:1px 4px 1px 3px;color:#000000;font-style:normal;} .chat.mine {background:rgba(0,0,0,0.05);margin-left:-8px;margin-right:-8px;padding-left:8px;padding-right:8px;} .spoiler {color:#BBBBBB;background:#BBBBBB;padding:0px 3px;} .spoiler:hover, .spoiler:active, .spoiler-shown {color:#000000;background:#E2E2E2;padding:0px 3px;} .spoiler a {color:#BBBBBB;} .spoiler:hover a, .spoiler:active a, .spoiler-shown a {color:#2288CC;} .chat code, .chat .spoiler:hover code, .chat .spoiler:active code, .chat .spoiler-shown code {border:1px solid #C0C0C0;background:#EEEEEE;color:black;padding:0 2px;} .chat .spoiler code {border:1px solid #CCCCCC;background:#CCCCCC;color:#CCCCCC;} .battle-log .rated {padding:3px 4px;} .battle-log .rated strong {color:white;background:#89A;padding:1px 4px;border-radius:4px;} .spacer {margin-top:0.5em;} .message-announce {background:#6688AA;color:white;padding:1px 4px 2px;} .message-announce a, .broadcast-green a, .broadcast-blue a, .broadcast-red a {color:#DDEEFF;} .broadcast-green {background-color:#559955;color:white;padding:2px 4px;} .broadcast-blue {background-color:#6688AA;color:white;padding:2px 4px;} .infobox {border:1px solid #6688AA;padding:2px 4px;} .infobox-limited {max-height:200px;overflow:auto;overflow-x:hidden;} .broadcast-red {background-color:#AA5544;color:white;padding:2px 4px;} .message-learn-canlearn {font-weight:bold;color:#228822;text-decoration:underline;} .message-learn-cannotlearn {font-weight:bold;color:#CC2222;text-decoration:underline;} .message-effect-weak {font-weight:bold;color:#CC2222;} .message-effect-resist {font-weight:bold;color:#6688AA;} .message-effect-immune {font-weight:bold;color:#666666;} .message-learn-list {margin-top:0;margin-bottom:0;} .message-throttle-notice, .message-error {color:#992222;} .message-overflow, .chat small.message-overflow {font-size:0pt;} .message-overflow::before {font-size:9pt;content:'...';} .subtle {color:#3A4A66;}
</style>
<div class="wrapper replay-wrapper" style="max-width:1180px;margin:0 auto">
<input type="hidden" name="replayid" value="dragonheaven-gen8megasforall-324" />
<div class="battle"></div><div class="battle-log"></div><div class="replay-controls"></div><div class="replay-controls-2"></div>
<h1 style="font-weight:normal;text-align:center"><strong>[Gen 8] Megas for All</strong><br /><a href="http://pokemonshowdown.com/users/aausma" class="subtle" target="_blank">aausma</a> vs. <a href="http://pokemonshowdown.com/users/inkbug1" class="subtle" target="_blank">inkbug1</a></h1>
<script type="text/plain" class="battle-log-data">|j|☆aausma
|j|☆inkbug1

|t:|1607814722
|player|p1|aausma|bianca-pwt|
|player|p2|inkbug1|burgh|
|teamsize|p1|6
|teamsize|p2|6
|gametype|singles
|gen|8
|tier|[Gen 8] Megas for All
|clearpoke
|poke|p1|Eelektross, F|
|poke|p1|Tapu Fini|
|poke|p1|Volcarona, M|
|poke|p1|Landorus-Therian, M|
|poke|p1|Kartana|
|poke|p1|Terrakion|
|poke|p2|Scizor, F|
|poke|p2|Gourgeist-*, M|
|poke|p2|Manectric, M|
|poke|p2|Incineroar, F|
|poke|p2|Slowking, F|
|poke|p2|Eldegoss, M|
|rule|HP Percentage Mod: HP is shown in percentages
|rule|Endless Battle Clause: Forcing endless battles is banned
|rule|OHKO Clause: OHKO moves are banned
|rule|Evasion Moves Clause: Evasion moves are banned
|rule|Species Clause: Limit one of each Pokémon
|rule|Dynamax Clause: You cannot dynamax
|rule|Sleep Clause Mod: Limit one foe put to sleep
|rule|Freeze Clause Mod: Limit one foe frozen
|teampreview
|
|t:|1607814739
|start
|switch|p1a: CAMO EEL|Eelektross, F|100\/100
|switch|p2a: Cindy|Incineroar, F|394\/394
|-ability|p2a: Cindy|Intimidate|boost
|-unboost|p1a: CAMO EEL|atk|1
|turn|1
|
|t:|1607814751
|detailschange|p1a: CAMO EEL|Eelektross-Mega, F
|-mega|p1a: CAMO EEL|Eelektross|Eelektrossite
|-ability|p1a: CAMO EEL|Luster Swap
|-message|CAMO EEL can't hit Cindy super effectively!
|raw|<ul class="utilichart"><li class="result"><span class="col numcol">PU<\/span> <span class="col pokemonnamecol" style="white-space: nowrap">Eelektross-Mega<\/span> <span class="col typecol"><img src="https:\/\/play.pokemonshowdown.com\/sprites\/types\/Electric.png" alt="Electric" height="14" width="32"><\/span> <span style="float: left ; min-height: 26px"><span class="col abilitycol">Luster Swap<\/span><span class="col abilitycol"><\/span><\/span><span style="float: left ; min-height: 26px"><span class="col statcol"><em>HP<\/em><br>85<\/span> <span class="col statcol"><em>Atk<\/em><br>125<\/span> <span class="col statcol"><em>Def<\/em><br>100<\/span> <span class="col statcol"><em>SpA<\/em><br>125<\/span> <span class="col statcol"><em>SpD<\/em><br>100<\/span> <span class="col statcol"><em>Spe<\/em><br>80<\/span> <\/span><\/li><li style="clear: both"><\/li><\/ul>
|move|p1a: CAMO EEL|U-turn|p2a: Cindy
|-damage|p2a: Cindy|344\/394
|
|t:|1607814759
|switch|p1a: Tapu Fini|Tapu Fini|100\/100|[from]move: U-turn
|-fieldstart|move: Misty Terrain|[from] ability: Misty Surge|[of] p1a: Tapu Fini
|move|p2a: Cindy|Parting Shot|p1a: Tapu Fini
|-unboost|p1a: Tapu Fini|atk|1
|-unboost|p1a: Tapu Fini|spa|1
|
|t:|1607814768
|switch|p2a: Blackmore|Gourgeist-Large, M, shiny|354\/354
|-item|p1a: Tapu Fini|Leftovers|[from] ability: Frisk|[of] p2a: Blackmore|[identify]
|
|upkeep
|turn|2
|
|t:|1607814780
|detailschange|p2a: Blackmore|Gourgeist-Large-Mega, M, shiny
|-mega|p2a: Blackmore|Gourgeist|Gourgeite
|raw|<ul class="utilichart"><li class="result"><span class="col numcol">(PU)<\/span> <span class="col pokemonnamecol" style="white-space: nowrap">Gourgeist-Large-Mega<\/span> <span class="col typecol"><img src="https:\/\/play.pokemonshowdown.com\/sprites\/types\/Ghost.png" alt="Ghost" height="14" width="32"><img src="https:\/\/play.pokemonshowdown.com\/sprites\/types\/Grass.png" alt="Grass" height="14" width="32"><\/span> <span style="float: left ; min-height: 26px"><span class="col abilitycol">Flash Fire<\/span><span class="col abilitycol"><\/span><\/span><span style="float: left ; min-height: 26px"><span class="col statcol"><em>HP<\/em><br>75<\/span> <span class="col statcol"><em>Atk<\/em><br>100<\/span> <span class="col statcol"><em>Def<\/em><br>125<\/span> <span class="col statcol"><em>SpA<\/em><br>100<\/span> <span class="col statcol"><em>SpD<\/em><br>125<\/span> <span class="col statcol"><em>Spe<\/em><br>69<\/span> <\/span><\/li><li style="clear: both"><\/li><\/ul>
|move|p1a: Tapu Fini|Taunt|p2a: Blackmore
|-start|p2a: Blackmore|move: Taunt
|cant|p2a: Blackmore|move: Taunt|Nasty Plot
|
|upkeep
|turn|3
|
|t:|1607814802
|move|p1a: Tapu Fini|Nature's Madness|p2a: Blackmore
|-damage|p2a: Blackmore|177\/354
|move|p2a: Blackmore|Energy Ball|p1a: Tapu Fini
|-supereffective|p1a: Tapu Fini
|-damage|p1a: Tapu Fini|27\/100
|
|-heal|p1a: Tapu Fini|33\/100|[from] item: Leftovers
|upkeep
|turn|4
|
|t:|1607814847
|move|p1a: Tapu Fini|Surf|p2a: Blackmore
|-resisted|p2a: Blackmore
|-damage|p2a: Blackmore|151\/354
|move|p2a: Blackmore|Energy Ball|p1a: Tapu Fini
|-supereffective|p1a: Tapu Fini
|-damage|p1a: Tapu Fini|0 fnt
|faint|p1a: Tapu Fini
|
|-end|p2a: Blackmore|move: Taunt
|upkeep
|c|☆aausma|oh this is the grass ghost one
|c|☆inkbug1|it shouldv given you the dt when it mega'd uh 
|c|☆inkbug1|its large 
|c|☆inkbug1|the flash fire one
|c|☆aausma|i’m on mobile 
|c|☆aausma|:(
|c|☆aausma|wasn’t seeing the chat, prolly should’ve 
|c|☆aausma|it’s no bigs
|c|☆inkbug1|okok
|
|t:|1607814915
|switch|p1a: CAMO EEL|Eelektross-Mega, F|100\/100
|-ability|p1a: CAMO EEL|Luster Swap
|-message|CAMO EEL changed its type to match its Knock Off!
|-start|p1a: CAMO EEL|typechange|Dark
|turn|5
|
|t:|1607814928
|switch|p2a: Cindy|Incineroar, F|344\/394
|-ability|p2a: Cindy|Intimidate|boost
|-unboost|p1a: CAMO EEL|atk|1
|move|p1a: CAMO EEL|Knock Off|p2a: Cindy
|-resisted|p2a: Cindy
|-damage|p2a: Cindy|298\/394
|-enditem|p2a: Cindy|Heavy-Duty Boots|[from] move: Knock Off|[of] p1a: CAMO EEL
|
|-fieldend|Misty Terrain
|upkeep
|turn|6
|
|t:|1607814939
|move|p1a: CAMO EEL|Knock Off|p2a: Cindy
|-resisted|p2a: Cindy
|-damage|p2a: Cindy|266\/394
|move|p2a: Cindy|Will-O-Wisp|p1a: CAMO EEL
|-status|p1a: CAMO EEL|brn
|
|-damage|p1a: CAMO EEL|94\/100 brn|[from] brn
|upkeep
|turn|7
|
|t:|1607814951
|move|p1a: CAMO EEL|Knock Off|p2a: Cindy
|-resisted|p2a: Cindy
|-damage|p2a: Cindy|248\/394
|move|p2a: Cindy|Fire Punch|p1a: CAMO EEL
|-damage|p1a: CAMO EEL|68\/100 brn
|
|-damage|p1a: CAMO EEL|61\/100 brn|[from] brn
|upkeep
|turn|8
|
|t:|1607814958
|move|p1a: CAMO EEL|Recover|p1a: CAMO EEL
|-heal|p1a: CAMO EEL|100\/100 brn
|move|p2a: Cindy|Parting Shot|p1a: CAMO EEL
|-unboost|p1a: CAMO EEL|atk|1
|-unboost|p1a: CAMO EEL|spa|1
|
|t:|1607814978
|switch|p2a: Dallas|Scizor, F|343\/343
|
|-damage|p1a: CAMO EEL|94\/100 brn|[from] brn
|upkeep
|turn|9
|
|t:|1607814987
|move|p1a: CAMO EEL|Flamethrower|p2a: Dallas
|-supereffective|p2a: Dallas
|-damage|p2a: Dallas|83\/343
|move|p2a: Dallas|Swords Dance|p2a: Dallas
|-boost|p2a: Dallas|atk|2
|
|-heal|p2a: Dallas|104\/343|[from] item: Leftovers
|-damage|p1a: CAMO EEL|88\/100 brn|[from] brn
|upkeep
|turn|10
|c|☆inkbug1|ok i shoudle seen that coming huh
|
|t:|1607815012
|move|p2a: Dallas|Bullet Punch|p1a: CAMO EEL
|-damage|p1a: CAMO EEL|29\/100 brn
|move|p1a: CAMO EEL|U-turn|p2a: Dallas
|-resisted|p2a: Dallas
|-damage|p2a: Dallas|96\/343
|
|t:|1607815014
|switch|p1a: Landorus|Landorus-Therian, M|100\/100|[from]move: U-turn
|-ability|p1a: Landorus|Intimidate|boost
|-unboost|p2a: Dallas|atk|1
|
|-heal|p2a: Dallas|117\/343|[from] item: Leftovers
|upkeep
|turn|11
|j| ViZarPKMN
|
|t:|1607815031
|switch|p2a: Slowking|Slowking, F|394\/394
|move|p1a: Landorus|Stealth Rock|p2a: Slowking
|-sidestart|p2: inkbug1|move: Stealth Rock
|
|upkeep
|turn|12
|
|t:|1607815045
|move|p1a: Landorus|U-turn|p2a: Slowking
|-supereffective|p2a: Slowking
|-damage|p2a: Slowking|270\/394
|
|t:|1607815048
|switch|p1a: CAMO EEL|Eelektross-Mega, F|29\/100 brn|[from]move: U-turn
|-ability|p1a: CAMO EEL|Luster Swap
|-message|CAMO EEL changed its type to match its Knock Off!
|-start|p1a: CAMO EEL|typechange|Dark
|move|p2a: Slowking|Nasty Plot|p2a: Slowking
|-boost|p2a: Slowking|spa|2
|
|-heal|p2a: Slowking|294\/394|[from] item: Leftovers
|-damage|p1a: CAMO EEL|22\/100 brn|[from] brn
|upkeep
|turn|13
|c|☆aausma|oh no i 
|c|☆aausma|forgot
|c|☆aausma|about this guy
|c|☆aausma|o h. n o 
|
|t:|1607815080
|switch|p2a: Cindy|Incineroar, F|248\/394
|-damage|p2a: Cindy|150\/394|[from] Stealth Rock
|-ability|p2a: Cindy|Intimidate|boost
|-unboost|p1a: CAMO EEL|atk|1
|move|p1a: CAMO EEL|U-turn|p2a: Cindy
|-damage|p2a: Cindy|124\/394
|
|t:|1607815111
|switch|p1a: Volcarona|Volcarona, M|100\/100|[from]move: U-turn
|
|upkeep
|turn|14
|
|t:|1607815125
|move|p1a: Volcarona|Quiver Dance|p1a: Volcarona
|-boost|p1a: Volcarona|spa|1
|-boost|p1a: Volcarona|spd|1
|-boost|p1a: Volcarona|spe|1
|move|p2a: Cindy|Parting Shot|p1a: Volcarona
|-unboost|p1a: Volcarona|atk|1
|-unboost|p1a: Volcarona|spa|1
|c|☆inkbug1|haha i have no good switches for this 
|c|☆inkbug1|wait
|
|t:|1607815167
|switch|p2a: Blackmore|Gourgeist-Large-Mega, M, shiny|151\/354
|-damage|p2a: Blackmore|107\/354|[from] Stealth Rock
|
|upkeep
|turn|15
|
|t:|1607815182
|move|p1a: Volcarona|Quiver Dance|p1a: Volcarona
|-boost|p1a: Volcarona|spa|1
|-boost|p1a: Volcarona|spd|1
|-boost|p1a: Volcarona|spe|1
|move|p2a: Blackmore|Strength Sap|p1a: Volcarona
|-unboost|p1a: Volcarona|atk|1
|-heal|p2a: Blackmore|181\/354
|
|upkeep
|turn|16
|
|t:|1607815192
|move|p1a: Volcarona|Quiver Dance|p1a: Volcarona
|-boost|p1a: Volcarona|spa|1
|-boost|p1a: Volcarona|spd|1
|-boost|p1a: Volcarona|spe|1
|move|p2a: Blackmore|Nasty Plot|p2a: Blackmore
|-boost|p2a: Blackmore|spa|2
|
|upkeep
|turn|17
|
|t:|1607815199
|move|p1a: Volcarona|Bug Buzz|p2a: Blackmore
|-damage|p2a: Blackmore|0 fnt
|faint|p2a: Blackmore
|
|upkeep
|c|☆inkbug1|yeah okl
|l| ViZarPKMN
|c|☆inkbug1|gg
|
|t:|1607815212
|switch|p2a: Blitzen|Manectric, M, shiny|281\/281
|-damage|p2a: Blitzen|246\/281|[from] Stealth Rock
|turn|18
|
|t:|1607815218
|move|p1a: Volcarona|Flamethrower|p2a: Blitzen
|-damage|p2a: Blitzen|0 fnt
|faint|p2a: Blitzen
|
|upkeep
|
|t:|1607815223
|switch|p2a: Slowking|Slowking, F|394\/394
|-damage|p2a: Slowking|345\/394|[from] Stealth Rock
|turn|19
|
|t:|1607815227
|move|p1a: Volcarona|Bug Buzz|p2a: Slowking
|-supereffective|p2a: Slowking
|-damage|p2a: Slowking|0 fnt
|faint|p2a: Slowking
|
|upkeep
|
|t:|1607815231
|switch|p2a: Candyfloss|Eldegoss, M|261\/261
|-damage|p2a: Candyfloss|229\/261|[from] Stealth Rock
|turn|20
|
|t:|1607815237
|move|p1a: Volcarona|Flamethrower|p2a: Candyfloss
|-supereffective|p2a: Candyfloss
|-damage|p2a: Candyfloss|0 fnt
|faint|p2a: Candyfloss
|
|upkeep
|
|t:|1607815242
|switch|p2a: Cindy|Incineroar, F|124\/394
|-damage|p2a: Cindy|26\/394|[from] Stealth Rock
|-ability|p2a: Cindy|Intimidate|boost
|-unboost|p1a: Volcarona|atk|1
|turn|21
|
|t:|1607815246
|move|p1a: Volcarona|Flamethrower|p2a: Cindy
|-resisted|p2a: Cindy
|-damage|p2a: Cindy|0 fnt
|faint|p2a: Cindy
|
|upkeep
|c|☆aausma|gg
|
|t:|1607815251
|switch|p2a: Dallas|Scizor, F|117\/343
|-damage|p2a: Dallas|75\/343|[from] Stealth Rock
|turn|22
|
|t:|1607815255
|move|p2a: Dallas|Bullet Punch|p1a: Volcarona
|-resisted|p1a: Volcarona
|-damage|p1a: Volcarona|75\/100
|move|p1a: Volcarona|Flamethrower|p2a: Dallas
|-supereffective|p2a: Dallas
|-damage|p2a: Dallas|0 fnt
|faint|p2a: Dallas
|
|win|aausma
|c|☆inkbug1|i never learn</script>
</div>
<div class="battle-log battle-log-inline"><div class="inner"><div class="battle-options"><div style="padding-top: 3px; padding-right: 3px; text-align: right"><button class="icon button" name="openBattleOptions" title="Options">Battle Options</button></div></div><div class="inner message-log"><div class="chat"><small>☆aausma and ☆inkbug1 joined</small></div><div class=""><small>Format:</small> <br><strong>[Gen 8] Megas for All</strong></div><div class=""><small><em>HP Percentage Mod:</em> HP is shown in percentages</small></div><div class=""><small><em>Endless Battle Clause:</em> Forcing endless battles is banned</small></div><div class=""><small><em>OHKO Clause:</em> OHKO moves are banned</small></div><div class=""><small><em>Evasion Moves Clause:</em> Evasion moves are banned</small></div><div class=""><small><em>Species Clause:</em> Limit one of each Pokémon</small></div><div class=""><small><em>Dynamax Clause:</em> You cannot dynamax</small></div><div class=""><small><em>Sleep Clause Mod:</em> Limit one foe put to sleep</small></div><div class=""><small><em>Freeze Clause Mod:</em> Limit one foe frozen</small></div><div class="chat battle-history"><strong>aausma's team:</strong> <em style="color:#445566;display:block;">Eelektross / Tapu Fini / Volcarona / Landorus-Therian / Kartana / Terrakion</em></div><div class="chat battle-history"><strong>inkbug1's team:</strong> <em style="color:#445566;display:block;">Scizor / Gourgeist-* / Manectric / Incineroar / Slowking / Eldegoss</em></div><div class="spacer battle-history"><br></div><div class="battle-history">Battle started between aausma and inkbug1!<br></div><div class="spacer battle-history"><br></div><div class="battle-history">aausma sent out CAMO EEL (<strong>Eelektross</strong>)!<br></div><div class="spacer battle-history"><br></div><div class="battle-history">Go! Cindy (<strong>Incineroar</strong>)!<br></div><div class="battle-history">[Cindy's Intimidate]<br></div><div class="battle-history"><small>The opposing CAMO EEL's Attack fell!</small><br></div><div class="spacer battle-history"><br></div><h2 class="battle-history">Turn 1</h2><div class="spacer battle-history"><br></div><div class="battle-history"><small>The opposing CAMO EEL's Eelektrossite is reacting to the Key Stone!</small><br>The opposing CAMO EEL has Mega Evolved into Mega Eelektross!<br></div><div class="battle-history">[The opposing CAMO EEL's Luster Swap]<br></div><div class="battle-history"><small>CAMO EEL can't hit Cindy super effectively!</small><br></div><div class="chat"><ul class="utilichart"><li class="result"><span class="col numcol">PU</span> <span class="col pokemonnamecol" style="white-space: nowrap">Eelektross-Mega</span> <span class="col typecol"><img src="https://play.pokemonshowdown.com/sprites/types/Electric.png" alt="Electric" height="14" width="32"></span> <span style="float: left ; min-height: 26px"><span class="col abilitycol">Luster Swap</span><span class="col abilitycol"></span></span><span style="float: left ; min-height: 26px"><span class="col statcol"><em>HP</em><br>85</span> <span class="col statcol"><em>Atk</em><br>125</span> <span class="col statcol"><em>Def</em><br>100</span> <span class="col statcol"><em>SpA</em><br>125</span> <span class="col statcol"><em>SpD</em><br>100</span> <span class="col statcol"><em>Spe</em><br>80</span> </span></li><li style="clear: both"></li></ul></div><div class="spacer battle-history"><br></div><div class="battle-history">The opposing CAMO EEL used <strong>U-turn</strong>!<br></div><div class="battle-history"><small>(Cindy lost <abbr title="−50/394">12.7%</abbr> of its health!)</small><br></div><div class="spacer battle-history"><br></div><div class="battle-history">The opposing CAMO EEL went back to aausma!<br></div><div class="battle-history">aausma sent out <strong>Tapu Fini</strong>!<br></div><div class="battle-history">[The opposing Tapu Fini's Misty Surge]<br><small>Mist swirled around the battlefield!</small><br></div><div class="spacer battle-history"><br></div><div class="battle-history">Cindy used <strong>Parting Shot</strong>!<br></div><div class="battle-history"><small>The opposing Tapu Fini's Attack fell!</small><br></div><div class="battle-history"><small>The opposing Tapu Fini's Sp. Atk fell!</small><br></div><div class="spacer battle-history"><br></div><div class="battle-history">Cindy, come back!<br></div><div class="battle-history">Go! Blackmore (<strong>Gourgeist-Large</strong>)!<br></div><div class="battle-history">[Blackmore's Frisk]<br><small>Blackmore frisked the opposing Tapu Fini and found its Leftovers!</small><br></div><div class="spacer battle-history"><br></div><h2 class="battle-history">Turn 2</h2><div class="spacer battle-history"><br></div><div class="battle-history"><small>Blackmore's Gourgeite is reacting to the Key Stone!</small><br>Blackmore has Mega Evolved into Mega Gourgeist!<br></div><div class="chat"><ul class="utilichart"><li class="result"><span class="col numcol">(PU)</span> <span class="col pokemonnamecol" style="white-space: nowrap">Gourgeist-Large-Mega</span> <span class="col typecol"><img src="https://play.pokemonshowdown.com/sprites/types/Ghost.png" alt="Ghost" height="14" width="32"><img src="https://play.pokemonshowdown.com/sprites/types/Grass.png" alt="Grass" height="14" width="32"></span> <span style="float: left ; min-height: 26px"><span class="col abilitycol">Flash Fire</span><span class="col abilitycol"></span></span><span style="float: left ; min-height: 26px"><span class="col statcol"><em>HP</em><br>75</span> <span class="col statcol"><em>Atk</em><br>100</span> <span class="col statcol"><em>Def</em><br>125</span> <span class="col statcol"><em>SpA</em><br>100</span> <span class="col statcol"><em>SpD</em><br>125</span> <span class="col statcol"><em>Spe</em><br>69</span> </span></li><li style="clear: both"></li></ul></div><div class="spacer battle-history"><br></div><div class="battle-history">The opposing Tapu Fini used <strong>Taunt</strong>!<br></div><div class="battle-history"><small>Blackmore fell for the taunt!</small><br></div><div class="spacer battle-history"><br></div><div class="battle-history">Blackmore can't use Nasty Plot after the taunt!<br></div><div class="spacer battle-history"><br></div><h2 class="battle-history">Turn 3</h2><div class="spacer battle-history"><br></div><div class="battle-history">The opposing Tapu Fini used <strong>Nature's Madness</strong>!<br></div><div class="battle-history"><small>(Blackmore lost <abbr title="−177/354">50%</abbr> of its health!)</small><br></div><div class="spacer battle-history"><br></div><div class="battle-history">Blackmore used <strong>Energy Ball</strong>!<br></div><div class="battle-history"><small>It's super effective!</small><br></div><div class="battle-history"><small>(The opposing Tapu Fini lost 73% of its health!)</small><br></div><div class="spacer battle-history"><br></div><div class="battle-history"><small>The opposing Tapu Fini restored a little HP using its Leftovers!</small><br></div><div class="spacer battle-history"><br></div><h2 class="battle-history">Turn 4</h2><div class="spacer battle-history"><br></div><div class="battle-history">The opposing Tapu Fini used <strong>Surf</strong>!<br></div><div class="battle-history"><small>It's not very effective...</small><br></div><div class="battle-history"><small>(Blackmore lost <abbr title="−26/354">7.3%</abbr> of its health!)</small><br></div><div class="spacer battle-history"><br></div><div class="battle-history">Blackmore used <strong>Energy Ball</strong>!<br></div><div class="battle-history"><small>It's super effective!</small><br></div><div class="battle-history"><small>(The opposing Tapu Fini lost 33% of its health!)</small><br></div><div class="spacer battle-history"><br></div><div class="battle-history">The opposing Tapu Fini fainted!<br></div><div class="spacer battle-history"><br></div><div class="battle-history"><small>Blackmore shook off the taunt!</small><br></div><div class="chat chatmessage-aausma"><strong style="color:#18a81f"><small>☆</small><span class="username" data-name="aausma">aausma</span>:</strong> <em>oh this is the grass ghost one</em></div><div class="chat chatmessage-inkbug1 mine"><strong style="color:#e46e0f"><small>☆</small><span class="username" data-name="inkbug1">inkbug1</span>:</strong> <em>it shouldv given you the dt when it mega'd uh </em></div><div class="chat chatmessage-inkbug1 mine"><strong style="color:#e46e0f"><small>☆</small><span class="username" data-name="inkbug1">inkbug1</span>:</strong> <em>its large </em></div><div class="chat chatmessage-inkbug1 mine"><strong style="color:#e46e0f"><small>☆</small><span class="username" data-name="inkbug1">inkbug1</span>:</strong> <em>the flash fire one</em></div><div class="chat chatmessage-aausma"><strong style="color:#18a81f"><small>☆</small><span class="username" data-name="aausma">aausma</span>:</strong> <em>i’m on mobile </em></div><div class="chat chatmessage-aausma"><strong style="color:#18a81f"><small>☆</small><span class="username" data-name="aausma">aausma</span>:</strong> <em>:(</em></div><div class="chat chatmessage-aausma"><strong style="color:#18a81f"><small>☆</small><span class="username" data-name="aausma">aausma</span>:</strong> <em>wasn’t seeing the chat, prolly should’ve </em></div><div class="chat chatmessage-aausma"><strong style="color:#18a81f"><small>☆</small><span class="username" data-name="aausma">aausma</span>:</strong> <em>it’s no bigs</em></div><div class="chat chatmessage-inkbug1 mine"><strong style="color:#e46e0f"><small>☆</small><span class="username" data-name="inkbug1">inkbug1</span>:</strong> <em>okok</em></div><div class="spacer battle-history"><br></div><div class="battle-history">aausma sent out CAMO EEL (<strong>Eelektross-Mega</strong>)!<br></div><div class="battle-history">[The opposing CAMO EEL's Luster Swap]<br></div><div class="battle-history"><small>CAMO EEL changed its type to match its Knock Off!</small><br></div><div class="battle-history"><small>The opposing CAMO EEL's type changed to Dark!</small><br></div><div class="spacer battle-history"><br></div><h2 class="battle-history">Turn 5</h2><div class="spacer battle-history"><br></div><div class="battle-history">Blackmore, come back!<br></div><div class="battle-history">Go! Cindy (<strong>Incineroar</strong>)!<br></div><div class="battle-history">[Cindy's Intimidate]<br></div><div class="battle-history"><small>The opposing CAMO EEL's Attack fell!</small><br></div><div class="spacer battle-history"><br></div><div class="battle-history">The opposing CAMO EEL used <strong>Knock Off</strong>!<br></div><div class="battle-history"><small>It's not very effective...</small><br></div><div class="battle-history"><small>(Cindy lost <abbr title="−46/394">11.7%</abbr> of its health!)</small><br></div><div class="battle-history"><small>The opposing CAMO EEL knocked off Cindy's Heavy-Duty Boots!</small><br></div><div class="spacer battle-history"><br></div><div class="battle-history"><small>The mist disappeared from the battlefield.</small><br></div><div class="spacer battle-history"><br></div><h2 class="battle-history">Turn 6</h2><div class="spacer battle-history"><br></div><div class="battle-history">The opposing CAMO EEL used <strong>Knock Off</strong>!<br></div><div class="battle-history"><small>It's not very effective...</small><br></div><div class="battle-history"><small>(Cindy lost <abbr title="−32/394">8.1%</abbr> of its health!)</small><br></div><div class="spacer battle-history"><br></div><div class="battle-history">Cindy used <strong>Will-O-Wisp</strong>!<br></div><div class="battle-history"><small>The opposing CAMO EEL was burned!</small><br></div><div class="spacer battle-history"><br></div><div class="battle-history"><small>The opposing CAMO EEL was hurt by its burn!</small><br></div><div class="spacer battle-history"><br></div><h2 class="battle-history">Turn 7</h2><div class="spacer battle-history"><br></div><div class="battle-history">The opposing CAMO EEL used <strong>Knock Off</strong>!<br></div><div class="battle-history"><small>It's not very effective...</small><br></div><div class="battle-history"><small>(Cindy lost <abbr title="−18/394">4.6%</abbr> of its health!)</small><br></div><div class="spacer battle-history"><br></div><div class="battle-history">Cindy used <strong>Fire Punch</strong>!<br></div><div class="battle-history"><small>(The opposing CAMO EEL lost 26% of its health!)</small><br></div><div class="spacer battle-history"><br></div><div class="battle-history"><small>The opposing CAMO EEL was hurt by its burn!</small><br></div><div class="spacer battle-history"><br></div><h2 class="battle-history">Turn 8</h2><div class="spacer battle-history"><br></div><div class="battle-history">The opposing CAMO EEL used <strong>Recover</strong>!<br></div><div class="battle-history"><small>The opposing CAMO EEL had its HP restored.</small><br></div><div class="spacer battle-history"><br></div><div class="battle-history">Cindy used <strong>Parting Shot</strong>!<br></div><div class="battle-history"><small>The opposing CAMO EEL's Attack fell!</small><br></div><div class="battle-history"><small>The opposing CAMO EEL's Sp. Atk fell!</small><br></div><div class="spacer battle-history"><br></div><div class="battle-history">Cindy, come back!<br></div><div class="battle-history">Go! Dallas (<strong>Scizor</strong>)!<br></div><div class="spacer battle-history"><br></div><div class="battle-history"><small>The opposing CAMO EEL was hurt by its burn!</small><br></div><div class="spacer battle-history"><br></div><h2 class="battle-history">Turn 9</h2><div class="spacer battle-history"><br></div><div class="battle-history">The opposing CAMO EEL used <strong>Flamethrower</strong>!<br></div><div class="battle-history"><small>It's super effective!</small><br></div><div class="battle-history"><small>(Dallas lost <abbr title="−260/343">75.8%</abbr> of its health!)</small><br></div><div class="spacer battle-history"><br></div><div class="battle-history">Dallas used <strong>Swords Dance</strong>!<br></div><div class="battle-history"><small>Dallas's Attack rose sharply!</small><br></div><div class="spacer battle-history"><br></div><div class="battle-history"><small>Dallas restored a little HP using its Leftovers!</small><br></div><div class="battle-history"><small>The opposing CAMO EEL was hurt by its burn!</small><br></div><div class="spacer battle-history"><br></div><h2 class="battle-history">Turn 10</h2><div class="chat chatmessage-inkbug1 mine"><strong style="color:#e46e0f"><small>☆</small><span class="username" data-name="inkbug1">inkbug1</span>:</strong> <em>ok i shoudle seen that coming huh</em></div><div class="spacer battle-history"><br></div><div class="battle-history">Dallas used <strong>Bullet Punch</strong>!<br></div><div class="battle-history"><small>(The opposing CAMO EEL lost 59% of its health!)</small><br></div><div class="spacer battle-history"><br></div><div class="battle-history">The opposing CAMO EEL used <strong>U-turn</strong>!<br></div><div class="battle-history"><small>It's not very effective...</small><br></div><div class="battle-history"><small>(Dallas lost <abbr title="−8/343">2.3%</abbr> of its health!)</small><br></div><div class="spacer battle-history"><br></div><div class="battle-history">The opposing CAMO EEL went back to aausma!<br></div><div class="battle-history">aausma sent out Landorus (<strong>Landorus-Therian</strong>)!<br></div><div class="battle-history">[The opposing Landorus's Intimidate]<br></div><div class="battle-history"><small>Dallas's Attack fell!</small><br></div><div class="spacer battle-history"><br></div><div class="battle-history"><small>Dallas restored a little HP using its Leftovers!</small><br></div><div class="spacer battle-history"><br></div><h2 class="battle-history">Turn 11</h2><div class="chat"><small> ViZarPKMN joined</small></div><div class="spacer battle-history"><br></div><div class="battle-history">Dallas, come back!<br></div><div class="battle-history">Go! <strong>Slowking</strong>!<br></div><div class="spacer battle-history"><br></div><div class="battle-history">The opposing Landorus used <strong>Stealth Rock</strong>!<br></div><div class="battle-history"><small>Pointed stones float in the air around your team!</small><br></div><div class="spacer battle-history"><br></div><h2 class="battle-history">Turn 12</h2><div class="spacer battle-history"><br></div><div class="battle-history">The opposing Landorus used <strong>U-turn</strong>!<br></div><div class="battle-history"><small>It's super effective!</small><br></div><div class="battle-history"><small>(Slowking lost <abbr title="−124/394">31.5%</abbr> of its health!)</small><br></div><div class="spacer battle-history"><br></div><div class="battle-history">The opposing Landorus went back to aausma!<br></div><div class="battle-history">aausma sent out CAMO EEL (<strong>Eelektross-Mega</strong>)!<br></div><div class="battle-history">[The opposing CAMO EEL's Luster Swap]<br></div><div class="battle-history"><small>CAMO EEL changed its type to match its Knock Off!</small><br></div><div class="battle-history"><small>The opposing CAMO EEL's type changed to Dark!</small><br></div><div class="spacer battle-history"><br></div><div class="battle-history">Slowking used <strong>Nasty Plot</strong>!<br></div><div class="battle-history"><small>Slowking's Sp. Atk rose sharply!</small><br></div><div class="spacer battle-history"><br></div><div class="battle-history"><small>Slowking restored a little HP using its Leftovers!</small><br></div><div class="battle-history"><small>The opposing CAMO EEL was hurt by its burn!</small><br></div><div class="spacer battle-history"><br></div><h2 class="battle-history">Turn 13</h2><div class="chat chatmessage-aausma"><strong style="color:#18a81f"><small>☆</small><span class="username" data-name="aausma">aausma</span>:</strong> <em>oh no i </em></div><div class="chat chatmessage-aausma"><strong style="color:#18a81f"><small>☆</small><span class="username" data-name="aausma">aausma</span>:</strong> <em>forgot</em></div><div class="chat chatmessage-aausma"><strong style="color:#18a81f"><small>☆</small><span class="username" data-name="aausma">aausma</span>:</strong> <em>about this guy</em></div><div class="chat chatmessage-aausma"><strong style="color:#18a81f"><small>☆</small><span class="username" data-name="aausma">aausma</span>:</strong> <em>o h. n o </em></div><div class="spacer battle-history"><br></div><div class="battle-history">Slowking, come back!<br></div><div class="battle-history">Go! Cindy (<strong>Incineroar</strong>)!<br></div><div class="battle-history"><small>Pointed stones dug into Cindy!</small><br></div><div class="battle-history">[Cindy's Intimidate]<br></div><div class="battle-history"><small>The opposing CAMO EEL's Attack fell!</small><br></div><div class="spacer battle-history"><br></div><div class="battle-history">The opposing CAMO EEL used <strong>U-turn</strong>!<br></div><div class="battle-history"><small>(Cindy lost <abbr title="−26/394">6.6%</abbr> of its health!)</small><br></div><div class="spacer battle-history"><br></div><div class="battle-history">The opposing CAMO EEL went back to aausma!<br></div><div class="battle-history">aausma sent out <strong>Volcarona</strong>!<br></div><div class="spacer battle-history"><br></div><h2 class="battle-history">Turn 14</h2><div class="spacer battle-history"><br></div><div class="battle-history">The opposing Volcarona used <strong>Quiver Dance</strong>!<br></div><div class="battle-history"><small>The opposing Volcarona's Sp. Atk rose!</small><br></div><div class="battle-history"><small>The opposing Volcarona's Sp. Def rose!</small><br></div><div class="battle-history"><small>The opposing Volcarona's Speed rose!</small><br></div><div class="spacer battle-history"><br></div><div class="battle-history">Cindy used <strong>Parting Shot</strong>!<br></div><div class="battle-history"><small>The opposing Volcarona's Attack fell!</small><br></div><div class="battle-history"><small>The opposing Volcarona's Sp. Atk fell!</small><br></div><div class="chat chatmessage-inkbug1 mine"><strong style="color:#e46e0f"><small>☆</small><span class="username" data-name="inkbug1">inkbug1</span>:</strong> <em>haha i have no good switches for this </em></div><div class="chat chatmessage-inkbug1 mine"><strong style="color:#e46e0f"><small>☆</small><span class="username" data-name="inkbug1">inkbug1</span>:</strong> <em>wait</em></div><div class="spacer battle-history"><br></div><div class="battle-history">Cindy, come back!<br></div><div class="battle-history">Go! Blackmore (<strong>Gourgeist-Large-Mega</strong>)!<br></div><div class="battle-history"><small>Pointed stones dug into Blackmore!</small><br></div><div class="spacer battle-history"><br></div><h2 class="battle-history">Turn 15</h2><div class="spacer battle-history"><br></div><div class="battle-history">The opposing Volcarona used <strong>Quiver Dance</strong>!<br></div><div class="battle-history"><small>The opposing Volcarona's Sp. Atk rose!</small><br></div><div class="battle-history"><small>The opposing Volcarona's Sp. Def rose!</small><br></div><div class="battle-history"><small>The opposing Volcarona's Speed rose!</small><br></div><div class="spacer battle-history"><br></div><div class="battle-history">Blackmore used <strong>Strength Sap</strong>!<br></div><div class="battle-history"><small>The opposing Volcarona's Attack fell!</small><br></div><div class="battle-history"><small>Blackmore had its HP restored.</small><br></div><div class="spacer battle-history"><br></div><h2 class="battle-history">Turn 16</h2><div class="spacer battle-history"><br></div><div class="battle-history">The opposing Volcarona used <strong>Quiver Dance</strong>!<br></div><div class="battle-history"><small>The opposing Volcarona's Sp. Atk rose!</small><br></div><div class="battle-history"><small>The opposing Volcarona's Sp. Def rose!</small><br></div><div class="battle-history"><small>The opposing Volcarona's Speed rose!</small><br></div><div class="spacer battle-history"><br></div><div class="battle-history">Blackmore used <strong>Nasty Plot</strong>!<br></div><div class="battle-history"><small>Blackmore's Sp. Atk rose sharply!</small><br></div><div class="spacer battle-history"><br></div><h2 class="battle-history">Turn 17</h2><div class="spacer battle-history"><br></div><div class="battle-history">The opposing Volcarona used <strong>Bug Buzz</strong>!<br></div><div class="battle-history"><small>(Blackmore lost <abbr title="−181/354">51.1%</abbr> of its health!)</small><br></div><div class="spacer battle-history"><br></div><div class="battle-history">Blackmore fainted!<br></div><div class="chat chatmessage-inkbug1 mine"><strong style="color:#e46e0f"><small>☆</small><span class="username" data-name="inkbug1">inkbug1</span>:</strong> <em>yeah okl</em></div><div class="chat"><small> ViZarPKMN left</small></div><div class="chat chatmessage-inkbug1 mine"><strong style="color:#e46e0f"><small>☆</small><span class="username" data-name="inkbug1">inkbug1</span>:</strong> <em>gg</em></div><div class="spacer battle-history"><br></div><div class="battle-history">Go! Blitzen (<strong>Manectric</strong>)!<br></div><div class="battle-history"><small>Pointed stones dug into Blitzen!</small><br></div><div class="spacer battle-history"><br></div><h2 class="battle-history">Turn 18</h2><div class="spacer battle-history"><br></div><div class="battle-history">The opposing Volcarona used <strong>Flamethrower</strong>!<br></div><div class="battle-history"><small>(Blitzen lost <abbr title="−246/281">87.5%</abbr> of its health!)</small><br></div><div class="spacer battle-history"><br></div><div class="battle-history">Blitzen fainted!<br></div><div class="spacer battle-history"><br></div><div class="battle-history">Go! <strong>Slowking</strong>!<br></div><div class="battle-history"><small>Pointed stones dug into Slowking!</small><br></div><div class="spacer battle-history"><br></div><h2 class="battle-history">Turn 19</h2><div class="spacer battle-history"><br></div><div class="battle-history">The opposing Volcarona used <strong>Bug Buzz</strong>!<br></div><div class="battle-history"><small>It's super effective!</small><br></div><div class="battle-history"><small>(Slowking lost <abbr title="−345/394">87.6%</abbr> of its health!)</small><br></div><div class="spacer battle-history"><br></div><div class="battle-history">Slowking fainted!<br></div><div class="spacer battle-history"><br></div><div class="battle-history">Go! Candyfloss (<strong>Eldegoss</strong>)!<br></div><div class="battle-history"><small>Pointed stones dug into Candyfloss!</small><br></div><div class="spacer battle-history"><br></div><h2 class="battle-history">Turn 20</h2><div class="spacer battle-history"><br></div><div class="battle-history">The opposing Volcarona used <strong>Flamethrower</strong>!<br></div><div class="battle-history"><small>It's super effective!</small><br></div><div class="battle-history"><small>(Candyfloss lost <abbr title="−229/261">87.7%</abbr> of its health!)</small><br></div><div class="spacer battle-history"><br></div><div class="battle-history">Candyfloss fainted!<br></div><div class="spacer battle-history"><br></div><div class="battle-history">Go! Cindy (<strong>Incineroar</strong>)!<br></div><div class="battle-history"><small>Pointed stones dug into Cindy!</small><br></div><div class="battle-history">[Cindy's Intimidate]<br></div><div class="battle-history"><small>The opposing Volcarona's Attack fell!</small><br></div><div class="spacer battle-history"><br></div><h2 class="battle-history">Turn 21</h2><div class="spacer battle-history"><br></div><div class="battle-history">The opposing Volcarona used <strong>Flamethrower</strong>!<br></div><div class="battle-history"><small>It's not very effective...</small><br></div><div class="battle-history"><small>(Cindy lost <abbr title="−26/394">6.6%</abbr> of its health!)</small><br></div><div class="spacer battle-history"><br></div><div class="battle-history">Cindy fainted!<br></div><div class="chat chatmessage-aausma"><strong style="color:#18a81f"><small>☆</small><span class="username" data-name="aausma">aausma</span>:</strong> <em>gg</em></div><div class="spacer battle-history"><br></div><div class="battle-history">Go! Dallas (<strong>Scizor</strong>)!<br></div><div class="battle-history"><small>Pointed stones dug into Dallas!</small><br></div><div class="spacer battle-history"><br></div><h2 class="battle-history">Turn 22</h2><div class="spacer battle-history"><br></div><div class="battle-history">Dallas used <strong>Bullet Punch</strong>!<br></div><div class="battle-history"><small>It's not very effective...</small><br></div><div class="battle-history"><small>(The opposing Volcarona lost 25% of its health!)</small><br></div><div class="spacer battle-history"><br></div><div class="battle-history">The opposing Volcarona used <strong>Flamethrower</strong>!<br></div><div class="battle-history"><small>It's super effective!</small><br></div><div class="battle-history"><small>(Dallas lost <abbr title="−75/343">21.9%</abbr> of its health!)</small><br></div><div class="spacer battle-history"><br></div><div class="battle-history">Dallas fainted!<br></div><div class="spacer battle-history"><br></div><div class="battle-history"><strong>aausma</strong> won the battle!<br></div><div class="chat chatmessage-inkbug1 mine"><strong style="color:#e46e0f"><small>☆</small><span class="username" data-name="inkbug1">inkbug1</span>:</strong> <em>i never learn</em></div></div><div class="inner-preempt message-log"></div></div></div>
</div>
<script>
let daily = Math.floor(Date.now()/1000/60/60/24);document.write('<script src="https://play.pokemonshowdown.com/js/replay-embed.js?version'+daily+'"></'+'script>');
</script>
