<!DOCTYPE html>
<meta charset="utf-8" />
<!-- version 1 -->
<title>[Gen 8] Megas for All replay: Paul(Paulluxx) vs. FierceHawk192</title>
<style>
html,body {font-family:Verdana, sans-serif;font-size:10pt;margin:0;padding:0;}body{padding:12px 0;} .battle-log {font-family:Verdana, sans-serif;font-size:10pt;} .battle-log-inline {border:1px solid #AAAAAA;background:#EEF2F5;color:black;max-width:640px;margin:0 auto 80px;padding-bottom:5px;} .battle-log .inner {padding:4px 8px 0px 8px;} .battle-log .inner-preempt {padding:0 8px 4px 8px;} .battle-log .inner-after {margin-top:0.5em;} .battle-log h2 {margin:0.5em -8px;padding:4px 8px;border:1px solid #AAAAAA;background:#E0E7EA;border-left:0;border-right:0;font-family:Verdana, sans-serif;font-size:13pt;} .battle-log .chat {vertical-align:middle;padding:3px 0 3px 0;font-size:8pt;} .battle-log .chat strong {color:#40576A;} .battle-log .chat em {padding:1px 4px 1px 3px;color:#000000;font-style:normal;} .chat.mine {background:rgba(0,0,0,0.05);margin-left:-8px;margin-right:-8px;padding-left:8px;padding-right:8px;} .spoiler {color:#BBBBBB;background:#BBBBBB;padding:0px 3px;} .spoiler:hover, .spoiler:active, .spoiler-shown {color:#000000;background:#E2E2E2;padding:0px 3px;} .spoiler a {color:#BBBBBB;} .spoiler:hover a, .spoiler:active a, .spoiler-shown a {color:#2288CC;} .chat code, .chat .spoiler:hover code, .chat .spoiler:active code, .chat .spoiler-shown code {border:1px solid #C0C0C0;background:#EEEEEE;color:black;padding:0 2px;} .chat .spoiler code {border:1px solid #CCCCCC;background:#CCCCCC;color:#CCCCCC;} .battle-log .rated {padding:3px 4px;} .battle-log .rated strong {color:white;background:#89A;padding:1px 4px;border-radius:4px;} .spacer {margin-top:0.5em;} .message-announce {background:#6688AA;color:white;padding:1px 4px 2px;} .message-announce a, .broadcast-green a, .broadcast-blue a, .broadcast-red a {color:#DDEEFF;} .broadcast-green {background-color:#559955;color:white;padding:2px 4px;} .broadcast-blue {background-color:#6688AA;color:white;padding:2px 4px;} .infobox {border:1px solid #6688AA;padding:2px 4px;} .infobox-limited {max-height:200px;overflow:auto;overflow-x:hidden;} .broadcast-red {background-color:#AA5544;color:white;padding:2px 4px;} .message-learn-canlearn {font-weight:bold;color:#228822;text-decoration:underline;} .message-learn-cannotlearn {font-weight:bold;color:#CC2222;text-decoration:underline;} .message-effect-weak {font-weight:bold;color:#CC2222;} .message-effect-resist {font-weight:bold;color:#6688AA;} .message-effect-immune {font-weight:bold;color:#666666;} .message-learn-list {margin-top:0;margin-bottom:0;} .message-throttle-notice, .message-error {color:#992222;} .message-overflow, .chat small.message-overflow {font-size:0pt;} .message-overflow::before {font-size:9pt;content:'...';} .subtle {color:#3A4A66;}
</style>
<div class="wrapper replay-wrapper" style="max-width:1180px;margin:0 auto">
<input type="hidden" name="replayid" value="dragonheaven-gen8megasforall-344" />
<div class="battle"></div><div class="battle-log"></div><div class="replay-controls"></div><div class="replay-controls-2"></div>
<h1 style="font-weight:normal;text-align:center"><strong>[Gen 8] Megas for All</strong><br /><a href="http://pokemonshowdown.com/users/paulpaulluxx" class="subtle" target="_blank">Paul(Paulluxx)</a> vs. <a href="http://pokemonshowdown.com/users/fiercehawk192" class="subtle" target="_blank">FierceHawk192</a></h1>
<script type="text/plain" class="battle-log-data">|j|☆Paul(Paulluxx)
|j|☆FierceHawk192
|t:|1640371223
|player|p1|Paul(Paulluxx)|mallow|
|player|p2|FierceHawk192|pokemonranger|
|teamsize|p1|6
|teamsize|p2|6
|gametype|singles
|gen|8
|tier|[Gen 8] Megas for All
|rated|Tournament battle
|clearpoke
|poke|p1|Weavile, F|
|poke|p1|Scizor, F|
|poke|p1|Kyurem|
|poke|p1|Landorus-Therian, M|
|poke|p1|Tapu Fini|
|poke|p1|Heatran, F|
|poke|p2|Clefable, F|
|poke|p2|Tyranitar, F|
|poke|p2|Lunala|
|poke|p2|Buzzwole|
|poke|p2|Excadrill, F|
|poke|p2|Toucannon, M|
|rule|HP Percentage Mod: HP is shown in percentages
|rule|Endless Battle Clause: Forcing endless battles is banned
|rule|OHKO Clause: OHKO moves are banned
|rule|Evasion Moves Clause: Evasion moves are banned
|rule|Species Clause: Limit one of each Pokémon
|rule|Dynamax Clause: You cannot dynamax
|rule|Sleep Clause Mod: Limit one foe put to sleep
|rule|Freeze Clause Mod: Limit one foe frozen
|raw|<img src="https:\/\/raw.githubusercontent.com\/scoopapa\/DH\/master\/data\/mods\/m4av6\/sprites\/m4a_banner.png" height="65" width="381">
|-message|Welcome to Megas for All!
|-message|This is a National Dex-based format where we aim to give a new Mega Evolution to every Pokémon.
|-message|Just like any official format, you can still only Mega Evolve one Pokémon per team!
|-message|You can find our thread and metagame resources here:
|-message|https:\/\/www.smogon.com\/forums\/threads\/3671140\/
|teampreview
|c|☆FierceHawk192|glhf
|c|☆Paul(Paulluxx)|glhf
|
|t:|1640371262
|start
|switch|p1a: Kyurem|Kyurem|100\/100
|switch|p2a: Tyranitar|Tyranitar, F, shiny|100\/100
|-ability|p1a: Kyurem|Pressure
|-weather|Sandstorm|[from] ability: Sand Stream|[of] p2a: Tyranitar
|turn|1
|
|t:|1640371270
|switch|p1a: Landorus|Landorus-Therian, M|100\/100
|-ability|p1a: Landorus|Intimidate|boost
|-unboost|p2a: Tyranitar|atk|1
|move|p2a: Tyranitar|Stone Edge|p1a: Landorus|[miss]
|-miss|p2a: Tyranitar|p1a: Landorus
|
|-weather|Sandstorm|[upkeep]
|upkeep
|turn|2
|
|t:|1640371277
|switch|p2a: Excadrill|Excadrill, F, shiny|100\/100
|move|p1a: Landorus|Earthquake|p2a: Excadrill
|-supereffective|p2a: Excadrill
|-damage|p2a: Excadrill|0 fnt
|faint|p2a: Excadrill
|
|-weather|Sandstorm|[upkeep]
|upkeep
|j|#inkbug1

|
|t:|1640371280
|switch|p2a: Toucannon|Toucannon, M, shiny|100\/100
|turn|3
|
|t:|1640371284
|detailschange|p2a: Toucannon|Toucannon-Mega, M, shiny
|-mega|p2a: Toucannon|Toucannon|Toucannonite
|-start|p2a: Toucannon|typechange|Grass\/Flying|[silent]
|raw|<ul class="utilichart"><li class="result"><span class="col pokemonnamecol" style="white-space: nowrap">Toucannon-Mega<\/span> <span class="col typecol"><img src="https:\/\/play.pokemonshowdown.com\/sprites\/types\/Grass.png" alt="Grass" height="14" width="32"><img src="https:\/\/play.pokemonshowdown.com\/sprites\/types\/Flying.png" alt="Flying" height="14" width="32"><\/span> <span style="float: left ; min-height: 26px"><span class="col abilitycol">Ignite<\/span><span class="col abilitycol"><\/span><\/span><span style="float: left ; min-height: 26px"><span class="col statcol"><em>HP<\/em><br>80<\/span> <span class="col statcol"><em>Atk<\/em><br>75<\/span> <span class="col statcol"><em>Def<\/em><br>86<\/span> <span class="col statcol"><em>SpA<\/em><br>125<\/span> <span class="col statcol"><em>SpD<\/em><br>106<\/span> <span class="col statcol"><em>Spe<\/em><br>118<\/span> <\/span><\/li><li style="clear: both"><\/li><\/ul>
|-hint|Toucannon-Mega was submitted by Mateeus!
|move|p2a: Toucannon|Substitute|p2a: Toucannon
|-start|p2a: Toucannon|Substitute
|-damage|p2a: Toucannon|76\/100
|move|p1a: Landorus|Toxic|p2a: Toucannon|[miss]
|-miss|p1a: Landorus|p2a: Toucannon
|
|-weather|Sandstorm|[upkeep]
|-damage|p2a: Toucannon|70\/100|[from] Sandstorm
|upkeep
|turn|4
|
|t:|1640371287
|move|p2a: Toucannon|Apple Acid|p1a: Landorus
|-damage|p1a: Landorus|60\/100
|-unboost|p1a: Landorus|spd|1
|move|p1a: Landorus|U-turn|p2a: Toucannon
|-end|p2a: Toucannon|Substitute
|
|t:|1640371290
|switch|p1a: Weavile|Weavile, F|100\/100|[from]move: U-turn
|-ability|p1a: Weavile|Pressure
|
|-weather|Sandstorm|[upkeep]
|-damage|p1a: Weavile|94\/100|[from] Sandstorm
|-damage|p2a: Toucannon|64\/100|[from] Sandstorm
|upkeep
|turn|5
|
|t:|1640371295
|-activate|p2a: Toucannon|move: Pursuit
|move|p1a: Weavile|Pursuit|p2a: Toucannon|[from]Pursuit
|-damage|p2a: Toucannon|0 fnt
|-hint|A Pokemon can't switch between when it runs out of HP and when it faints
|faint|p2a: Toucannon
|
|-weather|none
|upkeep
|
|t:|1640371298
|switch|p2a: Tyranitar|Tyranitar, F, shiny|100\/100
|-weather|Sandstorm|[from] ability: Sand Stream|[of] p2a: Tyranitar
|turn|6
|
|t:|1640371302
|switch|p1a: Landorus|Landorus-Therian, M|60\/100
|-ability|p1a: Landorus|Intimidate|boost
|-unboost|p2a: Tyranitar|atk|1
|switch|p2a: Clefable|Clefable, F|100\/100
|
|-weather|Sandstorm|[upkeep]
|upkeep
|turn|7
|
|t:|1640371308
|move|p1a: Landorus|Knock Off|p2a: Clefable
|-resisted|p2a: Clefable
|-damage|p2a: Clefable|88\/100
|-enditem|p2a: Clefable|Leftovers|[from] move: Knock Off|[of] p1a: Landorus
|move|p2a: Clefable|Stealth Rock|p1a: Landorus
|-sidestart|p1: Paul(Paulluxx)|move: Stealth Rock
|
|-weather|Sandstorm|[upkeep]
|upkeep
|turn|8
|
|t:|1640371314
|move|p1a: Landorus|Earthquake|p2a: Clefable
|-damage|p2a: Clefable|54\/100
|move|p2a: Clefable|Teleport|p2a: Clefable
|
|t:|1640371317
|switch|p2a: Buzzwole|Buzzwole|100\/100|[from]move: Teleport
|
|-weather|Sandstorm|[upkeep]
|-damage|p2a: Buzzwole|94\/100|[from] Sandstorm
|upkeep
|turn|9
|
|t:|1640371319
|move|p2a: Buzzwole|Ice Punch|p1a: Landorus
|-supereffective|p1a: Landorus
|-damage|p1a: Landorus|0 fnt
|-damage|p2a: Buzzwole|78\/100|[from] item: Rocky Helmet|[of] p1a: Landorus
|faint|p1a: Landorus
|-ability|p2a: Buzzwole|Beast Boost|boost
|-boost|p2a: Buzzwole|atk|1
|
|-weather|Sandstorm|[upkeep]
|-damage|p2a: Buzzwole|71\/100|[from] Sandstorm
|upkeep
|
|t:|1640371325
|switch|p1a: Tapu Fini|Tapu Fini|100\/100
|-damage|p1a: Tapu Fini|88\/100|[from] Stealth Rock
|-fieldstart|move: Misty Terrain|[from] ability: Misty Surge|[of] p1a: Tapu Fini
|turn|10
|
|t:|1640371328
|switch|p2a: Clefable|Clefable, F|54\/100
|move|p1a: Tapu Fini|Moonblast|p2a: Clefable
|-damage|p2a: Clefable|24\/100
|
|-weather|none
|-heal|p1a: Tapu Fini|94\/100|[from] item: Leftovers
|upkeep
|turn|11
|
|t:|1640371332
|move|p1a: Tapu Fini|Moonblast|p2a: Clefable
|-damage|p2a: Clefable|0 fnt
|faint|p2a: Clefable
|
|-heal|p1a: Tapu Fini|100\/100|[from] item: Leftovers
|upkeep
|
|t:|1640371337
|switch|p2a: Lunala|Lunala, shiny|100\/100
|turn|12
|
|t:|1640371340
|move|p2a: Lunala|Calm Mind|p2a: Lunala
|-boost|p2a: Lunala|spa|1
|-boost|p2a: Lunala|spd|1
|move|p1a: Tapu Fini|Nature's Madness|p2a: Lunala
|-damage|p2a: Lunala|51\/100
|
|upkeep
|turn|13
|
|t:|1640371346
|move|p2a: Lunala|Roost|p2a: Lunala
|-heal|p2a: Lunala|100\/100
|-singleturn|p2a: Lunala|move: Roost
|move|p1a: Tapu Fini|Nature's Madness|p2a: Lunala
|-damage|p2a: Lunala|51\/100
|
|upkeep
|turn|14
|
|t:|1640371351
|move|p2a: Lunala|Calm Mind|p2a: Lunala
|-boost|p2a: Lunala|spa|1
|-boost|p2a: Lunala|spd|1
|move|p1a: Tapu Fini|Moonblast|p2a: Lunala
|-damage|p2a: Lunala|38\/100
|
|-fieldend|Misty Terrain
|upkeep
|turn|15
|
|t:|1640371353
|move|p2a: Lunala|Roost|p2a: Lunala
|-heal|p2a: Lunala|88\/100
|-singleturn|p2a: Lunala|move: Roost
|move|p1a: Tapu Fini|Defog|p2a: Lunala
|-unboost|p2a: Lunala|evasion|1
|-sideend|p1: Paul(Paulluxx)|Stealth Rock|[from] move: Defog|[of] p1a: Tapu Fini
|
|upkeep
|turn|16
|
|t:|1640371355
|move|p2a: Lunala|Calm Mind|p2a: Lunala
|-boost|p2a: Lunala|spa|1
|-boost|p2a: Lunala|spd|1
|move|p1a: Tapu Fini|Nature's Madness|p2a: Lunala
|-damage|p2a: Lunala|45\/100
|
|upkeep
|turn|17
|
|t:|1640371359
|move|p2a: Lunala|Roost|p2a: Lunala
|-heal|p2a: Lunala|95\/100
|-singleturn|p2a: Lunala|move: Roost
|move|p1a: Tapu Fini|Nature's Madness|p2a: Lunala
|-damage|p2a: Lunala|48\/100
|
|upkeep
|turn|18
|
|t:|1640371363
|move|p2a: Lunala|Calm Mind|p2a: Lunala
|-boost|p2a: Lunala|spa|1
|-boost|p2a: Lunala|spd|1
|move|p1a: Tapu Fini|Nature's Madness|p2a: Lunala
|-damage|p2a: Lunala|24\/100
|
|upkeep
|turn|19
|
|t:|1640371364
|move|p2a: Lunala|Roost|p2a: Lunala
|-heal|p2a: Lunala|74\/100
|-singleturn|p2a: Lunala|move: Roost
|move|p1a: Tapu Fini|Nature's Madness|p2a: Lunala
|-damage|p2a: Lunala|37\/100
|
|upkeep
|turn|20
|
|t:|1640371372
|move|p2a: Lunala|Roost|p2a: Lunala
|-heal|p2a: Lunala|87\/100
|-singleturn|p2a: Lunala|move: Roost
|move|p1a: Tapu Fini|Nature's Madness|p2a: Lunala
|-damage|p2a: Lunala|44\/100
|
|upkeep
|turn|21
|
|t:|1640371374
|move|p2a: Lunala|Calm Mind|p2a: Lunala
|-boost|p2a: Lunala|spa|1
|-boost|p2a: Lunala|spd|1
|move|p1a: Tapu Fini|Nature's Madness|p2a: Lunala
|-damage|p2a: Lunala|22\/100
|
|upkeep
|turn|22
|
|t:|1640371377
|move|p2a: Lunala|Roost|p2a: Lunala
|-heal|p2a: Lunala|73\/100
|-singleturn|p2a: Lunala|move: Roost
|move|p1a: Tapu Fini|Nature's Madness|p2a: Lunala
|-damage|p2a: Lunala|37\/100
|
|upkeep
|turn|23
|
|t:|1640371381
|move|p2a: Lunala|Calm Mind|p2a: Lunala
|-boost|p2a: Lunala|spa|1
|-boost|p2a: Lunala|spd|1
|move|p1a: Tapu Fini|Nature's Madness|p2a: Lunala
|-damage|p2a: Lunala|19\/100
|
|upkeep
|turn|24
|
|t:|1640371383
|move|p2a: Lunala|Roost|p2a: Lunala
|-heal|p2a: Lunala|69\/100
|-singleturn|p2a: Lunala|move: Roost
|move|p1a: Tapu Fini|Nature's Madness|p2a: Lunala
|-damage|p2a: Lunala|35\/100
|
|upkeep
|turn|25
|
|t:|1640371385
|move|p2a: Lunala|Roost|p2a: Lunala
|-heal|p2a: Lunala|85\/100
|-singleturn|p2a: Lunala|move: Roost
|move|p1a: Tapu Fini|Nature's Madness|p2a: Lunala
|-damage|p2a: Lunala|43\/100
|
|upkeep
|turn|26
|
|t:|1640371388
|move|p2a: Lunala|Moongeist Beam|p1a: Tapu Fini
|-damage|p1a: Tapu Fini|0 fnt
|faint|p1a: Tapu Fini
|
|upkeep
|
|t:|1640371391
|switch|p1a: Weavile|Weavile, F|94\/100
|-ability|p1a: Weavile|Pressure
|turn|27
|
|t:|1640371395
|move|p1a: Weavile|Pursuit|p2a: Lunala
|-supereffective|p2a: Lunala
|-crit|p2a: Lunala
|-damage|p2a: Lunala|0 fnt
|faint|p2a: Lunala
|
|upkeep
|
|t:|1640371399
|switch|p2a: Buzzwole|Buzzwole|71\/100
|turn|28
|
|t:|1640371402
|switch|p1a: Scizor|Scizor, F|100\/100
|move|p2a: Buzzwole|Leech Life|p1a: Scizor
|-resisted|p1a: Scizor
|-damage|p1a: Scizor|80\/100
|-heal|p2a: Buzzwole|82\/100|[from] drain|[of] p1a: Scizor
|
|upkeep
|turn|29
|
|t:|1640371407
|switch|p2a: Tyranitar|Tyranitar, F, shiny|100\/100
|-weather|Sandstorm|[from] ability: Sand Stream|[of] p2a: Tyranitar
|detailschange|p1a: Scizor|Scizor-Mega, F
|-mega|p1a: Scizor|Scizor|Scizorite
|-start|p1a: Scizor|typechange|Bug\/Steel|[silent]
|raw|<ul class="utilichart"><li class="result"><span class="col pokemonnamecol" style="white-space: nowrap">Scizor-Mega<\/span> <span class="col typecol"><img src="https:\/\/play.pokemonshowdown.com\/sprites\/types\/Bug.png" alt="Bug" height="14" width="32"><img src="https:\/\/play.pokemonshowdown.com\/sprites\/types\/Steel.png" alt="Steel" height="14" width="32"><\/span> <span style="float: left ; min-height: 26px"><span class="col abilitycol">Technician<\/span><span class="col abilitycol"><\/span><\/span><span style="float: left ; min-height: 26px"><span class="col statcol"><em>HP<\/em><br>70<\/span> <span class="col statcol"><em>Atk<\/em><br>150<\/span> <span class="col statcol"><em>Def<\/em><br>140<\/span> <span class="col statcol"><em>SpA<\/em><br>65<\/span> <span class="col statcol"><em>SpD<\/em><br>100<\/span> <span class="col statcol"><em>Spe<\/em><br>75<\/span> <\/span><\/li><li style="clear: both"><\/li><\/ul>
|move|p1a: Scizor|Swords Dance|p1a: Scizor
|-boost|p1a: Scizor|atk|2
|
|-weather|Sandstorm|[upkeep]
|upkeep
|turn|30
|
|t:|1640371409
|move|p1a: Scizor|Bullet Punch|p2a: Tyranitar
|-supereffective|p2a: Tyranitar
|-damage|p2a: Tyranitar|0 fnt
|faint|p2a: Tyranitar
|
|-weather|Sandstorm|[upkeep]
|upkeep
|
|t:|1640371411
|switch|p2a: Buzzwole|Buzzwole|82\/100
|turn|31
|
|t:|1640371414
|switch|p1a: Heatran|Heatran, F|100\/100
|move|p2a: Buzzwole|Close Combat|p1a: Heatran
|-supereffective|p1a: Heatran
|-damage|p1a: Heatran|0 fnt
|-unboost|p2a: Buzzwole|def|1
|-unboost|p2a: Buzzwole|spd|1
|faint|p1a: Heatran
|-ability|p2a: Buzzwole|Beast Boost|boost
|-boost|p2a: Buzzwole|atk|1
|
|-weather|Sandstorm|[upkeep]
|-damage|p2a: Buzzwole|75\/100|[from] Sandstorm
|upkeep
|
|t:|1640371423
|switch|p1a: Scizor|Scizor-Mega, F|80\/100
|-start|p1a: Scizor|typechange|Bug\/Steel|[silent]
|turn|32
|j| Gekokeso
|
|t:|1640371425
|move|p2a: Buzzwole|Close Combat|p1a: Scizor
|-damage|p1a: Scizor|4\/100
|-unboost|p2a: Buzzwole|def|1
|-unboost|p2a: Buzzwole|spd|1
|move|p1a: Scizor|Roost|p1a: Scizor
|-heal|p1a: Scizor|54\/100
|-singleturn|p1a: Scizor|move: Roost
|
|-weather|Sandstorm|[upkeep]
|-damage|p2a: Buzzwole|69\/100|[from] Sandstorm
|upkeep
|turn|33
|
|t:|1640371429
|move|p1a: Scizor|Bullet Punch|p2a: Buzzwole
|-crit|p2a: Buzzwole
|-damage|p2a: Buzzwole|0 fnt
|faint|p2a: Buzzwole
|
|win|Paul(Paulluxx)
|c|☆Paul(Paulluxx)|gg
|c|☆FierceHawk192|gg
|l| Gekokeso
|c|☆Paul(Paulluxx)|crit probably mattered there
|c|☆Paul(Paulluxx)|but
|c|☆Paul(Paulluxx)|not with the pursuit</script>
</div>
<div class="battle-log battle-log-inline"><div class="inner"><div class="battle-options"><div style="padding-top: 3px; padding-right: 3px; text-align: right"><button class="icon button" name="openBattleOptions" title="Options">Battle Options</button></div></div><div class="inner message-log"><div class="chat"><small>☆Paul(Paulluxx) and ☆FierceHawk192 joined</small></div><div class=""><small>Format:</small> <br><strong>[Gen 8] Megas for All</strong></div><div class="rated"><strong>Tournament battle</strong></div><div class=""><small><em>HP Percentage Mod:</em> HP is shown in percentages</small></div><div class=""><small><em>Endless Battle Clause:</em> Forcing endless battles is banned</small></div><div class=""><small><em>OHKO Clause:</em> OHKO moves are banned</small></div><div class=""><small><em>Evasion Moves Clause:</em> Evasion moves are banned</small></div><div class=""><small><em>Species Clause:</em> Limit one of each Pokémon</small></div><div class=""><small><em>Dynamax Clause:</em> You cannot dynamax</small></div><div class=""><small><em>Sleep Clause Mod:</em> Limit one foe put to sleep</small></div><div class=""><small><em>Freeze Clause Mod:</em> Limit one foe frozen</small></div><div class="chat"><img src="https://raw.githubusercontent.com/scoopapa/DH/master/data/mods/m4av6/sprites/m4a_banner.png" height="65" width="381"></div><div class="spacer battle-history"><br></div><div class="battle-history"><small>Welcome to Megas for All!</small><br></div><div class="battle-history"><small>This is a National Dex-based format where we aim to give a new Mega Evolution to every Pokémon.</small><br></div><div class="battle-history"><small>Just like any official format, you can still only Mega Evolve one Pokémon per team!</small><br></div><div class="battle-history"><small>You can find our thread and metagame resources here:</small><br></div><div class="battle-history"><small>https://www.smogon.com/forums/threads/3671140/</small><br></div><div class="chat battle-history"><strong>Paul(Paulluxx)'s team:</strong> <em style="color:#445566;display:block;">Weavile / Scizor / Kyurem / Landorus-Therian / Tapu Fini / Heatran</em></div><div class="chat battle-history"><strong>FierceHawk192's team:</strong> <em style="color:#445566;display:block;">Clefable / Tyranitar / Lunala / Buzzwole / Excadrill / Toucannon</em></div><div class="chat chatmessage-fiercehawk192"><strong style="color:#10a683"><small>☆</small><span class="username" data-name="FierceHawk192">FierceHawk192</span>:</strong> <em>glhf</em></div><div class="chat chatmessage-paulpaulluxx"><strong style="color:#17849a"><small>☆</small><span class="username" data-name="Paul(Paulluxx)">Paul(Paulluxx)</span>:</strong> <em>glhf</em></div><div class="spacer battle-history"><br></div><div class="battle-history">Battle started between Paul(Paulluxx) and FierceHawk192!<br></div><div class="spacer battle-history"><br></div><div class="battle-history">Go! <strong>Kyurem</strong>!<br></div><div class="spacer battle-history"><br></div><div class="battle-history">FierceHawk192 sent out <strong>Tyranitar</strong>!<br></div><div class="battle-history">[Kyurem's Pressure]<br><small>Kyurem is exerting its pressure!</small><br></div><div class="battle-history">[The opposing Tyranitar's Sand Stream]<br><small>A sandstorm kicked up!</small><br></div><div class="spacer battle-history"><br></div><h2 class="battle-history">Turn 1</h2><div class="spacer battle-history"><br></div><div class="battle-history">Kyurem, come back!<br></div><div class="battle-history">Go! Landorus (<strong>Landorus-Therian</strong>)!<br></div><div class="battle-history">[Landorus's Intimidate]<br></div><div class="battle-history"><small>The opposing Tyranitar's Attack fell!</small><br></div><div class="spacer battle-history"><br></div><div class="battle-history">The opposing Tyranitar used <strong>Stone Edge</strong>!<br></div><div class="battle-history"><small>Landorus avoided the attack!</small><br></div><div class="spacer battle-history"><br></div><div class="battle-history"><small>(The sandstorm is raging.)</small><br></div><div class="spacer battle-history"><br></div><h2 class="battle-history">Turn 2</h2><div class="spacer battle-history"><br></div><div class="battle-history">FierceHawk192 withdrew Tyranitar!<br></div><div class="battle-history">FierceHawk192 sent out <strong>Excadrill</strong>!<br></div><div class="spacer battle-history"><br></div><div class="battle-history">Landorus used <strong>Earthquake</strong>!<br></div><div class="battle-history"><small>It's super effective!</small><br></div><div class="battle-history"><small>(The opposing Excadrill lost 100% of its health!)</small><br></div><div class="spacer battle-history"><br></div><div class="battle-history">The opposing Excadrill fainted!<br></div><div class="spacer battle-history"><br></div><div class="battle-history"><small>(The sandstorm is raging.)</small><br></div><div class="chat"><small>#inkbug1 joined</small></div><div class="spacer battle-history"><br></div><div class="battle-history">FierceHawk192 sent out <strong>Toucannon</strong>!<br></div><div class="spacer battle-history"><br></div><h2 class="battle-history">Turn 3</h2><div class="spacer battle-history"><br></div><div class="battle-history"><small>The opposing Toucannon's Toucannonite is reacting to the Key Stone!</small><br>The opposing Toucannon has Mega Evolved into Mega Toucannon!<br></div><div class="chat"><ul class="utilichart"><li class="result"><span class="col pokemonnamecol" style="white-space: nowrap">Toucannon-Mega</span> <span class="col typecol"><img src="https://play.pokemonshowdown.com/sprites/types/Grass.png" alt="Grass" height="14" width="32"><img src="https://play.pokemonshowdown.com/sprites/types/Flying.png" alt="Flying" height="14" width="32"></span> <span style="float: left ; min-height: 26px"><span class="col abilitycol">Ignite</span><span class="col abilitycol"></span></span><span style="float: left ; min-height: 26px"><span class="col statcol"><em>HP</em><br>80</span> <span class="col statcol"><em>Atk</em><br>75</span> <span class="col statcol"><em>Def</em><br>86</span> <span class="col statcol"><em>SpA</em><br>125</span> <span class="col statcol"><em>SpD</em><br>106</span> <span class="col statcol"><em>Spe</em><br>118</span> </span></li><li style="clear: both"></li></ul></div><div class="battle-history"><small>(Toucannon-Mega was submitted by Mateeus!)</small><br></div><div class="spacer battle-history"><br></div><div class="battle-history">The opposing Toucannon used <strong>Substitute</strong>!<br></div><div class="battle-history"><small>The opposing Toucannon put in a substitute!</small><br></div><div class="battle-history"><small>(The opposing Toucannon lost 24% of its health!)</small><br></div><div class="spacer battle-history"><br></div><div class="battle-history">Landorus used <strong>Toxic</strong>!<br></div><div class="battle-history"><small>The opposing Toucannon avoided the attack!</small><br></div><div class="spacer battle-history"><br></div><div class="battle-history"><small>(The sandstorm is raging.)</small><br></div><div class="battle-history"><small>The opposing Toucannon is buffeted by the sandstorm!</small><br></div><div class="spacer battle-history"><br></div><h2 class="battle-history">Turn 4</h2><div class="spacer battle-history"><br></div><div class="battle-history">The opposing Toucannon used <strong>Apple Acid</strong>!<br></div><div class="battle-history"><small>(Landorus lost 40% of its health!)</small><br></div><div class="battle-history"><small>Landorus's Sp. Def fell!</small><br></div><div class="spacer battle-history"><br></div><div class="battle-history">Landorus used <strong>U-turn</strong>!<br></div><div class="battle-history"><small>The opposing Toucannon's substitute faded!</small><br></div><div class="spacer battle-history"><br></div><div class="battle-history">Landorus went back to Paul(Paulluxx)!<br></div><div class="battle-history">Go! <strong>Weavile</strong>!<br></div><div class="battle-history">[Weavile's Pressure]<br><small>Weavile is exerting its pressure!</small><br></div><div class="spacer battle-history"><br></div><div class="battle-history"><small>(The sandstorm is raging.)</small><br></div><div class="battle-history"><small>Weavile is buffeted by the sandstorm!</small><br></div><div class="battle-history"><small>The opposing Toucannon is buffeted by the sandstorm!</small><br></div><div class="spacer battle-history"><br></div><h2 class="battle-history">Turn 5</h2><div class="spacer battle-history"><br></div><div class="battle-history"><small>(The opposing Toucannon is being withdrawn...)</small><br></div><div class="spacer battle-history"><br></div><div class="battle-history">Weavile used <strong>Pursuit</strong>!<br></div><div class="battle-history"><small>(The opposing Toucannon lost 64% of its health!)</small><br></div><div class="battle-history"><small>(A Pokemon can't switch between when it runs out of HP and when it faints)</small><br></div><div class="spacer battle-history"><br></div><div class="battle-history">The opposing Toucannon fainted!<br></div><div class="spacer battle-history"><br></div><div class="battle-history"><small>The sandstorm subsided.</small><br></div><div class="spacer battle-history"><br></div><div class="battle-history">FierceHawk192 sent out <strong>Tyranitar</strong>!<br></div><div class="battle-history">[The opposing Tyranitar's Sand Stream]<br><small>A sandstorm kicked up!</small><br></div><div class="spacer battle-history"><br></div><h2 class="battle-history">Turn 6</h2><div class="spacer battle-history"><br></div><div class="battle-history">Weavile, come back!<br></div><div class="battle-history">Go! Landorus (<strong>Landorus-Therian</strong>)!<br></div><div class="battle-history">[Landorus's Intimidate]<br></div><div class="battle-history"><small>The opposing Tyranitar's Attack fell!</small><br></div><div class="spacer battle-history"><br></div><div class="battle-history">FierceHawk192 withdrew Tyranitar!<br></div><div class="battle-history">FierceHawk192 sent out <strong>Clefable</strong>!<br></div><div class="spacer battle-history"><br></div><div class="battle-history"><small>(The sandstorm is raging.)</small><br></div><div class="spacer battle-history"><br></div><h2 class="battle-history">Turn 7</h2><div class="spacer battle-history"><br></div><div class="battle-history">Landorus used <strong>Knock Off</strong>!<br></div><div class="battle-history"><small>It's not very effective...</small><br></div><div class="battle-history"><small>(The opposing Clefable lost 12% of its health!)</small><br></div><div class="battle-history"><small>Landorus knocked off the opposing Clefable's Leftovers!</small><br></div><div class="spacer battle-history"><br></div><div class="battle-history">The opposing Clefable used <strong>Stealth Rock</strong>!<br></div><div class="battle-history"><small>Pointed stones float in the air around your team!</small><br></div><div class="spacer battle-history"><br></div><div class="battle-history"><small>(The sandstorm is raging.)</small><br></div><div class="spacer battle-history"><br></div><h2 class="battle-history">Turn 8</h2><div class="spacer battle-history"><br></div><div class="battle-history">Landorus used <strong>Earthquake</strong>!<br></div><div class="battle-history"><small>(The opposing Clefable lost 34% of its health!)</small><br></div><div class="spacer battle-history"><br></div><div class="battle-history">The opposing Clefable used <strong>Teleport</strong>!<br></div><div class="spacer battle-history"><br></div><div class="battle-history">FierceHawk192 withdrew Clefable!<br></div><div class="battle-history">FierceHawk192 sent out <strong>Buzzwole</strong>!<br></div><div class="spacer battle-history"><br></div><div class="battle-history"><small>(The sandstorm is raging.)</small><br></div><div class="battle-history"><small>The opposing Buzzwole is buffeted by the sandstorm!</small><br></div><div class="spacer battle-history"><br></div><h2 class="battle-history">Turn 9</h2><div class="spacer battle-history"><br></div><div class="battle-history">The opposing Buzzwole used <strong>Ice Punch</strong>!<br></div><div class="battle-history"><small>It's super effective!</small><br></div><div class="battle-history"><small>(Landorus lost 60% of its health!)</small><br></div><div class="battle-history"><small>The opposing Buzzwole was hurt by the Rocky Helmet!</small><br></div><div class="spacer battle-history"><br></div><div class="battle-history">Landorus fainted!<br></div><div class="battle-history">[The opposing Buzzwole's Beast Boost]<br></div><div class="battle-history"><small>The opposing Buzzwole's Attack rose!</small><br></div><div class="spacer battle-history"><br></div><div class="battle-history"><small>(The sandstorm is raging.)</small><br></div><div class="battle-history"><small>The opposing Buzzwole is buffeted by the sandstorm!</small><br></div><div class="spacer battle-history"><br></div><div class="battle-history">Go! <strong>Tapu Fini</strong>!<br></div><div class="battle-history"><small>Pointed stones dug into Tapu Fini!</small><br></div><div class="battle-history">[Tapu Fini's Misty Surge]<br><small>Mist swirled around the battlefield!</small><br></div><div class="spacer battle-history"><br></div><h2 class="battle-history">Turn 10</h2><div class="spacer battle-history"><br></div><div class="battle-history">FierceHawk192 withdrew Buzzwole!<br></div><div class="battle-history">FierceHawk192 sent out <strong>Clefable</strong>!<br></div><div class="spacer battle-history"><br></div><div class="battle-history">Tapu Fini used <strong>Moonblast</strong>!<br></div><div class="battle-history"><small>(The opposing Clefable lost 30% of its health!)</small><br></div><div class="spacer battle-history"><br></div><div class="battle-history"><small>The sandstorm subsided.</small><br></div><div class="battle-history"><small>Tapu Fini restored a little HP using its Leftovers!</small><br></div><div class="spacer battle-history"><br></div><h2 class="battle-history">Turn 11</h2><div class="spacer battle-history"><br></div><div class="battle-history">Tapu Fini used <strong>Moonblast</strong>!<br></div><div class="battle-history"><small>(The opposing Clefable lost 24% of its health!)</small><br></div><div class="spacer battle-history"><br></div><div class="battle-history">The opposing Clefable fainted!<br></div><div class="spacer battle-history"><br></div><div class="battle-history"><small>Tapu Fini restored a little HP using its Leftovers!</small><br></div><div class="spacer battle-history"><br></div><div class="battle-history">FierceHawk192 sent out <strong>Lunala</strong>!<br></div><div class="spacer battle-history"><br></div><h2 class="battle-history">Turn 12</h2><div class="spacer battle-history"><br></div><div class="battle-history">The opposing Lunala used <strong>Calm Mind</strong>!<br></div><div class="battle-history"><small>The opposing Lunala's Sp. Atk rose!</small><br></div><div class="battle-history"><small>The opposing Lunala's Sp. Def rose!</small><br></div><div class="spacer battle-history"><br></div><div class="battle-history">Tapu Fini used <strong>Nature's Madness</strong>!<br></div><div class="battle-history"><small>(The opposing Lunala lost 49% of its health!)</small><br></div><div class="spacer battle-history"><br></div><h2 class="battle-history">Turn 13</h2><div class="spacer battle-history"><br></div><div class="battle-history">The opposing Lunala used <strong>Roost</strong>!<br></div><div class="battle-history"><small>The opposing Lunala had its HP restored.</small><br></div><div class="spacer battle-history"><br></div><div class="battle-history">Tapu Fini used <strong>Nature's Madness</strong>!<br></div><div class="battle-history"><small>(The opposing Lunala lost 49% of its health!)</small><br></div><div class="spacer battle-history"><br></div><h2 class="battle-history">Turn 14</h2><div class="spacer battle-history"><br></div><div class="battle-history">The opposing Lunala used <strong>Calm Mind</strong>!<br></div><div class="battle-history"><small>The opposing Lunala's Sp. Atk rose!</small><br></div><div class="battle-history"><small>The opposing Lunala's Sp. Def rose!</small><br></div><div class="spacer battle-history"><br></div><div class="battle-history">Tapu Fini used <strong>Moonblast</strong>!<br></div><div class="battle-history"><small>(The opposing Lunala lost 13% of its health!)</small><br></div><div class="spacer battle-history"><br></div><div class="battle-history"><small>The mist disappeared from the battlefield.</small><br></div><div class="spacer battle-history"><br></div><h2 class="battle-history">Turn 15</h2><div class="spacer battle-history"><br></div><div class="battle-history">The opposing Lunala used <strong>Roost</strong>!<br></div><div class="battle-history"><small>The opposing Lunala had its HP restored.</small><br></div><div class="spacer battle-history"><br></div><div class="battle-history">Tapu Fini used <strong>Defog</strong>!<br></div><div class="battle-history"><small>The opposing Lunala's evasiveness fell!</small><br></div><div class="battle-history"><small>The pointed stones disappeared from around your team!</small><br></div><div class="spacer battle-history"><br></div><h2 class="battle-history">Turn 16</h2><div class="spacer battle-history"><br></div><div class="battle-history">The opposing Lunala used <strong>Calm Mind</strong>!<br></div><div class="battle-history"><small>The opposing Lunala's Sp. Atk rose!</small><br></div><div class="battle-history"><small>The opposing Lunala's Sp. Def rose!</small><br></div><div class="spacer battle-history"><br></div><div class="battle-history">Tapu Fini used <strong>Nature's Madness</strong>!<br></div><div class="battle-history"><small>(The opposing Lunala lost 43% of its health!)</small><br></div><div class="spacer battle-history"><br></div><h2 class="battle-history">Turn 17</h2><div class="spacer battle-history"><br></div><div class="battle-history">The opposing Lunala used <strong>Roost</strong>!<br></div><div class="battle-history"><small>The opposing Lunala had its HP restored.</small><br></div><div class="spacer battle-history"><br></div><div class="battle-history">Tapu Fini used <strong>Nature's Madness</strong>!<br></div><div class="battle-history"><small>(The opposing Lunala lost 47% of its health!)</small><br></div><div class="spacer battle-history"><br></div><h2 class="battle-history">Turn 18</h2><div class="spacer battle-history"><br></div><div class="battle-history">The opposing Lunala used <strong>Calm Mind</strong>!<br></div><div class="battle-history"><small>The opposing Lunala's Sp. Atk rose!</small><br></div><div class="battle-history"><small>The opposing Lunala's Sp. Def rose!</small><br></div><div class="spacer battle-history"><br></div><div class="battle-history">Tapu Fini used <strong>Nature's Madness</strong>!<br></div><div class="battle-history"><small>(The opposing Lunala lost 24% of its health!)</small><br></div><div class="spacer battle-history"><br></div><h2 class="battle-history">Turn 19</h2><div class="spacer battle-history"><br></div><div class="battle-history">The opposing Lunala used <strong>Roost</strong>!<br></div><div class="battle-history"><small>The opposing Lunala had its HP restored.</small><br></div><div class="spacer battle-history"><br></div><div class="battle-history">Tapu Fini used <strong>Nature's Madness</strong>!<br></div><div class="battle-history"><small>(The opposing Lunala lost 37% of its health!)</small><br></div><div class="spacer battle-history"><br></div><h2 class="battle-history">Turn 20</h2><div class="spacer battle-history"><br></div><div class="battle-history">The opposing Lunala used <strong>Roost</strong>!<br></div><div class="battle-history"><small>The opposing Lunala had its HP restored.</small><br></div><div class="spacer battle-history"><br></div><div class="battle-history">Tapu Fini used <strong>Nature's Madness</strong>!<br></div><div class="battle-history"><small>(The opposing Lunala lost 43% of its health!)</small><br></div><div class="spacer battle-history"><br></div><h2 class="battle-history">Turn 21</h2><div class="spacer battle-history"><br></div><div class="battle-history">The opposing Lunala used <strong>Calm Mind</strong>!<br></div><div class="battle-history"><small>The opposing Lunala's Sp. Atk rose!</small><br></div><div class="battle-history"><small>The opposing Lunala's Sp. Def rose!</small><br></div><div class="spacer battle-history"><br></div><div class="battle-history">Tapu Fini used <strong>Nature's Madness</strong>!<br></div><div class="battle-history"><small>(The opposing Lunala lost 22% of its health!)</small><br></div><div class="spacer battle-history"><br></div><h2 class="battle-history">Turn 22</h2><div class="spacer battle-history"><br></div><div class="battle-history">The opposing Lunala used <strong>Roost</strong>!<br></div><div class="battle-history"><small>The opposing Lunala had its HP restored.</small><br></div><div class="spacer battle-history"><br></div><div class="battle-history">Tapu Fini used <strong>Nature's Madness</strong>!<br></div><div class="battle-history"><small>(The opposing Lunala lost 36% of its health!)</small><br></div><div class="spacer battle-history"><br></div><h2 class="battle-history">Turn 23</h2><div class="spacer battle-history"><br></div><div class="battle-history">The opposing Lunala used <strong>Calm Mind</strong>!<br></div><div class="battle-history"><small>The opposing Lunala's Sp. Atk rose!</small><br></div><div class="battle-history"><small>The opposing Lunala's Sp. Def rose!</small><br></div><div class="spacer battle-history"><br></div><div class="battle-history">Tapu Fini used <strong>Nature's Madness</strong>!<br></div><div class="battle-history"><small>(The opposing Lunala lost 18% of its health!)</small><br></div><div class="spacer battle-history"><br></div><h2 class="battle-history">Turn 24</h2><div class="spacer battle-history"><br></div><div class="battle-history">The opposing Lunala used <strong>Roost</strong>!<br></div><div class="battle-history"><small>The opposing Lunala had its HP restored.</small><br></div><div class="spacer battle-history"><br></div><div class="battle-history">Tapu Fini used <strong>Nature's Madness</strong>!<br></div><div class="battle-history"><small>(The opposing Lunala lost 34% of its health!)</small><br></div><div class="spacer battle-history"><br></div><h2 class="battle-history">Turn 25</h2><div class="spacer battle-history"><br></div><div class="battle-history">The opposing Lunala used <strong>Roost</strong>!<br></div><div class="battle-history"><small>The opposing Lunala had its HP restored.</small><br></div><div class="spacer battle-history"><br></div><div class="battle-history">Tapu Fini used <strong>Nature's Madness</strong>!<br></div><div class="battle-history"><small>(The opposing Lunala lost 42% of its health!)</small><br></div><div class="spacer battle-history"><br></div><h2 class="battle-history">Turn 26</h2><div class="spacer battle-history"><br></div><div class="battle-history">The opposing Lunala used <strong>Moongeist Beam</strong>!<br></div><div class="battle-history"><small>(Tapu Fini lost 100% of its health!)</small><br></div><div class="spacer battle-history"><br></div><div class="battle-history">Tapu Fini fainted!<br></div><div class="spacer battle-history"><br></div><div class="battle-history">Go! <strong>Weavile</strong>!<br></div><div class="battle-history">[Weavile's Pressure]<br><small>Weavile is exerting its pressure!</small><br></div><div class="spacer battle-history"><br></div><h2 class="battle-history">Turn 27</h2><div class="spacer battle-history"><br></div><div class="battle-history">Weavile used <strong>Pursuit</strong>!<br></div><div class="battle-history"><small>It's super effective!</small><br></div><div class="battle-history"><small>A critical hit!</small><br></div><div class="battle-history"><small>(The opposing Lunala lost 43% of its health!)</small><br></div><div class="spacer battle-history"><br></div><div class="battle-history">The opposing Lunala fainted!<br></div><div class="spacer battle-history"><br></div><div class="battle-history">FierceHawk192 sent out <strong>Buzzwole</strong>!<br></div><div class="spacer battle-history"><br></div><h2 class="battle-history">Turn 28</h2><div class="spacer battle-history"><br></div><div class="battle-history">Weavile, come back!<br></div><div class="battle-history">Go! <strong>Scizor</strong>!<br></div><div class="spacer battle-history"><br></div><div class="battle-history">The opposing Buzzwole used <strong>Leech Life</strong>!<br></div><div class="battle-history"><small>It's not very effective...</small><br></div><div class="battle-history"><small>(Scizor lost 20% of its health!)</small><br></div><div class="battle-history"><small>Scizor had its energy drained!</small><br></div><div class="spacer battle-history"><br></div><h2 class="battle-history">Turn 29</h2><div class="spacer battle-history"><br></div><div class="battle-history">FierceHawk192 withdrew Buzzwole!<br></div><div class="battle-history">FierceHawk192 sent out <strong>Tyranitar</strong>!<br></div><div class="battle-history">[The opposing Tyranitar's Sand Stream]<br><small>A sandstorm kicked up!</small><br></div><div class="spacer battle-history"><br></div><div class="battle-history"><small>Scizor's Scizorite is reacting to the Key Stone!</small><br>Scizor has Mega Evolved into Mega Scizor!<br></div><div class="chat"><ul class="utilichart"><li class="result"><span class="col pokemonnamecol" style="white-space: nowrap">Scizor-Mega</span> <span class="col typecol"><img src="https://play.pokemonshowdown.com/sprites/types/Bug.png" alt="Bug" height="14" width="32"><img src="https://play.pokemonshowdown.com/sprites/types/Steel.png" alt="Steel" height="14" width="32"></span> <span style="float: left ; min-height: 26px"><span class="col abilitycol">Technician</span><span class="col abilitycol"></span></span><span style="float: left ; min-height: 26px"><span class="col statcol"><em>HP</em><br>70</span> <span class="col statcol"><em>Atk</em><br>150</span> <span class="col statcol"><em>Def</em><br>140</span> <span class="col statcol"><em>SpA</em><br>65</span> <span class="col statcol"><em>SpD</em><br>100</span> <span class="col statcol"><em>Spe</em><br>75</span> </span></li><li style="clear: both"></li></ul></div><div class="spacer battle-history"><br></div><div class="battle-history">Scizor used <strong>Swords Dance</strong>!<br></div><div class="battle-history"><small>Scizor's Attack rose sharply!</small><br></div><div class="spacer battle-history"><br></div><div class="battle-history"><small>(The sandstorm is raging.)</small><br></div><div class="spacer battle-history"><br></div><h2 class="battle-history">Turn 30</h2><div class="spacer battle-history"><br></div><div class="battle-history">Scizor used <strong>Bullet Punch</strong>!<br></div><div class="battle-history"><small>It's super effective!</small><br></div><div class="battle-history"><small>(The opposing Tyranitar lost 100% of its health!)</small><br></div><div class="spacer battle-history"><br></div><div class="battle-history">The opposing Tyranitar fainted!<br></div><div class="spacer battle-history"><br></div><div class="battle-history"><small>(The sandstorm is raging.)</small><br></div><div class="spacer battle-history"><br></div><div class="battle-history">FierceHawk192 sent out <strong>Buzzwole</strong>!<br></div><div class="spacer battle-history"><br></div><h2 class="battle-history">Turn 31</h2><div class="spacer battle-history"><br></div><div class="battle-history">Scizor, come back!<br></div><div class="battle-history">Go! <strong>Heatran</strong>!<br></div><div class="spacer battle-history"><br></div><div class="battle-history">The opposing Buzzwole used <strong>Close Combat</strong>!<br></div><div class="battle-history"><small>It's super effective!</small><br></div><div class="battle-history"><small>(Heatran lost 100% of its health!)</small><br></div><div class="battle-history"><small>The opposing Buzzwole's Defense fell!</small><br></div><div class="battle-history"><small>The opposing Buzzwole's Sp. Def fell!</small><br></div><div class="spacer battle-history"><br></div><div class="battle-history">Heatran fainted!<br></div><div class="battle-history">[The opposing Buzzwole's Beast Boost]<br></div><div class="battle-history"><small>The opposing Buzzwole's Attack rose!</small><br></div><div class="spacer battle-history"><br></div><div class="battle-history"><small>(The sandstorm is raging.)</small><br></div><div class="battle-history"><small>The opposing Buzzwole is buffeted by the sandstorm!</small><br></div><div class="spacer battle-history"><br></div><div class="battle-history">Go! Scizor (<strong>Scizor-Mega</strong>)!<br></div><div class="spacer battle-history"><br></div><h2 class="battle-history">Turn 32</h2><div class="chat"><small> Gekokeso joined</small></div><div class="spacer battle-history"><br></div><div class="battle-history">The opposing Buzzwole used <strong>Close Combat</strong>!<br></div><div class="battle-history"><small>(Scizor lost 76% of its health!)</small><br></div><div class="battle-history"><small>The opposing Buzzwole's Defense fell!</small><br></div><div class="battle-history"><small>The opposing Buzzwole's Sp. Def fell!</small><br></div><div class="spacer battle-history"><br></div><div class="battle-history">Scizor used <strong>Roost</strong>!<br></div><div class="battle-history"><small>Scizor had its HP restored.</small><br></div><div class="spacer battle-history"><br></div><div class="battle-history"><small>(The sandstorm is raging.)</small><br></div><div class="battle-history"><small>The opposing Buzzwole is buffeted by the sandstorm!</small><br></div><div class="spacer battle-history"><br></div><h2 class="battle-history">Turn 33</h2><div class="spacer battle-history"><br></div><div class="battle-history">Scizor used <strong>Bullet Punch</strong>!<br></div><div class="battle-history"><small>A critical hit!</small><br></div><div class="battle-history"><small>(The opposing Buzzwole lost 69% of its health!)</small><br></div><div class="spacer battle-history"><br></div><div class="battle-history">The opposing Buzzwole fainted!<br></div><div class="spacer battle-history"><br></div><div class="battle-history"><strong>Paul(Paulluxx)</strong> won the battle!<br></div><div class="chat chatmessage-paulpaulluxx"><strong style="color:#17849a"><small>☆</small><span class="username" data-name="Paul(Paulluxx)">Paul(Paulluxx)</span>:</strong> <em>gg</em></div><div class="chat chatmessage-fiercehawk192"><strong style="color:#10a683"><small>☆</small><span class="username" data-name="FierceHawk192">FierceHawk192</span>:</strong> <em>gg</em></div><div class="chat"><small> Gekokeso left</small></div><div class="chat chatmessage-paulpaulluxx"><strong style="color:#17849a"><small>☆</small><span class="username" data-name="Paul(Paulluxx)">Paul(Paulluxx)</span>:</strong> <em>crit probably mattered there</em></div><div class="chat chatmessage-paulpaulluxx"><strong style="color:#17849a"><small>☆</small><span class="username" data-name="Paul(Paulluxx)">Paul(Paulluxx)</span>:</strong> <em>but</em></div><div class="chat chatmessage-paulpaulluxx"><strong style="color:#17849a"><small>☆</small><span class="username" data-name="Paul(Paulluxx)">Paul(Paulluxx)</span>:</strong> <em>not with the pursuit</em></div></div><div class="inner-preempt message-log"></div></div></div>
</div>
<script>
let daily = Math.floor(Date.now()/1000/60/60/24);document.write('<script src="https://dragonheaven.herokuapp.com/js/replay-embed.js?version'+daily+'"></'+'script>');
</script>
