<!DOCTYPE html>
<meta charset="utf-8" />
<!-- version 1 -->
<title>[Gen 8] M4A Doubles replay: H2OPulse vs. BotwNerd745</title>
<style>
html,body {font-family:Verdana, sans-serif;font-size:10pt;margin:0;padding:0;}body{padding:12px 0;} .battle-log {font-family:Verdana, sans-serif;font-size:10pt;} .battle-log-inline {border:1px solid #AAAAAA;background:#EEF2F5;color:black;max-width:640px;margin:0 auto 80px;padding-bottom:5px;} .battle-log .inner {padding:4px 8px 0px 8px;} .battle-log .inner-preempt {padding:0 8px 4px 8px;} .battle-log .inner-after {margin-top:0.5em;} .battle-log h2 {margin:0.5em -8px;padding:4px 8px;border:1px solid #AAAAAA;background:#E0E7EA;border-left:0;border-right:0;font-family:Verdana, sans-serif;font-size:13pt;} .battle-log .chat {vertical-align:middle;padding:3px 0 3px 0;font-size:8pt;} .battle-log .chat strong {color:#40576A;} .battle-log .chat em {padding:1px 4px 1px 3px;color:#000000;font-style:normal;} .chat.mine {background:rgba(0,0,0,0.05);margin-left:-8px;margin-right:-8px;padding-left:8px;padding-right:8px;} .spoiler {color:#BBBBBB;background:#BBBBBB;padding:0px 3px;} .spoiler:hover, .spoiler:active, .spoiler-shown {color:#000000;background:#E2E2E2;padding:0px 3px;} .spoiler a {color:#BBBBBB;} .spoiler:hover a, .spoiler:active a, .spoiler-shown a {color:#2288CC;} .chat code, .chat .spoiler:hover code, .chat .spoiler:active code, .chat .spoiler-shown code {border:1px solid #C0C0C0;background:#EEEEEE;color:black;padding:0 2px;} .chat .spoiler code {border:1px solid #CCCCCC;background:#CCCCCC;color:#CCCCCC;} .battle-log .rated {padding:3px 4px;} .battle-log .rated strong {color:white;background:#89A;padding:1px 4px;border-radius:4px;} .spacer {margin-top:0.5em;} .message-announce {background:#6688AA;color:white;padding:1px 4px 2px;} .message-announce a, .broadcast-green a, .broadcast-blue a, .broadcast-red a {color:#DDEEFF;} .broadcast-green {background-color:#559955;color:white;padding:2px 4px;} .broadcast-blue {background-color:#6688AA;color:white;padding:2px 4px;} .infobox {border:1px solid #6688AA;padding:2px 4px;} .infobox-limited {max-height:200px;overflow:auto;overflow-x:hidden;} .broadcast-red {background-color:#AA5544;color:white;padding:2px 4px;} .message-learn-canlearn {font-weight:bold;color:#228822;text-decoration:underline;} .message-learn-cannotlearn {font-weight:bold;color:#CC2222;text-decoration:underline;} .message-effect-weak {font-weight:bold;color:#CC2222;} .message-effect-resist {font-weight:bold;color:#6688AA;} .message-effect-immune {font-weight:bold;color:#666666;} .message-learn-list {margin-top:0;margin-bottom:0;} .message-throttle-notice, .message-error {color:#992222;} .message-overflow, .chat small.message-overflow {font-size:0pt;} .message-overflow::before {font-size:9pt;content:'...';} .subtle {color:#3A4A66;}
</style>
<div class="wrapper replay-wrapper" style="max-width:1180px;margin:0 auto">
<input type="hidden" name="replayid" value="dragonheaven-gen8m4adoubles-5048" />
<div class="battle"></div><div class="battle-log"></div><div class="replay-controls"></div><div class="replay-controls-2"></div>
<h1 style="font-weight:normal;text-align:center"><strong>[Gen 8] M4A Doubles</strong><br /><a href="http://pokemonshowdown.com/users/h2opulse" class="subtle" target="_blank">H2OPulse</a> vs. <a href="http://pokemonshowdown.com/users/botwnerd745" class="subtle" target="_blank">BotwNerd745</a></h1>
<script type="text/plain" class="battle-log-data">|j|☆H2OPulse
|j|☆BotwNerd745
|player|p1|H2OPulse|aetherfoundation|
|player|p2|BotwNerd745|hilda-dueldisk|
|teamsize|p1|6
|teamsize|p2|6
|gametype|doubles
|gen|8
|tier|[Gen 8] M4A Doubles
|clearpoke
|poke|p1|Salamence, F|
|poke|p1|Chandelure, F|
|poke|p1|Sableye, F|
|poke|p1|Incineroar, M|
|poke|p1|Torkoal, M|
|poke|p1|Rillaboom, M|
|poke|p2|Ninetales, F|
|poke|p2|Gigalith, F|
|poke|p2|Cherrim, F|
|poke|p2|Torkoal, M|
|poke|p2|Shiftry, M|
|poke|p2|Exeggutor-Alola, F|
|rule|HP Percentage Mod: HP is shown in percentages
|rule|Endless Battle Clause: Forcing endless battles is banned
|rule|OHKO Clause: OHKO moves are banned
|rule|Evasion Moves Clause: Evasion moves are banned
|rule|Species Clause: Limit one of each Pokémon
|rule|Dynamax Clause: You cannot dynamax
|rule|Sleep Clause Mod: Limit one foe put to sleep
|teampreview
|c|☆H2OPulse|Oh __huh__
|c|☆H2OPulse|Interesting!!!
|c|☆H2OPulse|I love Alolan Exeggutor
|j| inkbug1


|
|start
|switch|p1a: Allium|Rillaboom, M|100\/100
|switch|p1b: Strelitzia|Salamence, F|100\/100
|switch|p2a: Firestar|Ninetales, F|100\/100
|switch|p2b: tall boi|Exeggutor-Alola, F|100\/100
|-weather|SunnyDay|[from] ability: Drought|[of] p2a: Firestar
|-fieldstart|move: Grassy Terrain|[from] ability: Grassy Surge|[of] p1a: Allium
|-ability|p1b: Strelitzia|Intimidate|boost
|-unboost|p2a: Firestar|atk|1
|-enditem|p2a: Firestar|Eject Pack
|-unboost|p2b: tall boi|atk|1


|j| felony_arson1


|
|switch|p2a: Qwerty|Gigalith, F|100\/100
|turn|1


|
|detailschange|p2a: Qwerty|Gigalith-Mega, F
|-mega|p2a: Qwerty|Gigalith|Gigalite
|move|p1a: Allium|Grassy Glide|p2a: Qwerty
|-supereffective|p2a: Qwerty
|-damage|p2a: Qwerty|42\/100
|move|p1b: Strelitzia|Tailwind|p1b: Strelitzia
|-sidestart|p1: H2OPulse|move: Tailwind
|move|p2a: Qwerty|Meteor Beam||[still]
|-prepare|p2a: Qwerty|Meteor Beam|p1a: Allium
|-boost|p2a: Qwerty|spa|1
|-anim|p2a: Qwerty|Meteor Beam|p1a: Allium
|-damage|p1a: Allium|11\/100
|-enditem|p1a: Allium|Sitrus Berry|[eat]
|-heal|p1a: Allium|36\/100|[from] item: Sitrus Berry
|move|p2b: tall boi|Trick Room|p2b: tall boi
|-fieldstart|move: Trick Room|[of] p2b: tall boi
|
|-weather|SunnyDay|[upkeep]
|-heal|p2a: Qwerty|48\/100|[from] Grassy Terrain
|-heal|p1a: Allium|42\/100|[from] Grassy Terrain
|upkeep
|turn|2


|
|move|p1a: Allium|Grassy Glide|p2a: Qwerty
|-supereffective|p2a: Qwerty
|-crit|p2a: Qwerty
|-damage|p2a: Qwerty|0 fnt
|faint|p2a: Qwerty
|move|p2b: tall boi|Dragon Pulse|p1b: Strelitzia
|-supereffective|p1b: Strelitzia
|-damage|p1b: Strelitzia|38\/100
|move|p1b: Strelitzia|Draco Meteor|p2b: tall boi
|-supereffective|p2b: tall boi
|-damage|p2b: tall boi|0 fnt
|-unboost|p1b: Strelitzia|spa|2
|-enditem|p1b: Strelitzia|Eject Pack
|faint|p2b: tall boi


|c| inkbug1|god okay


|c|☆BotwNerd745|Yea ok


|
|switch|p1b: Bryoph|Chandelure, F|100\/100
|
|-weather|SunnyDay|[upkeep]
|-heal|p1a: Allium|48\/100|[from] Grassy Terrain
|upkeep


|c|☆BotwNerd745|Oh dear


|
|switch|p2a: Firestar|Ninetales, F|100\/100
|switch|p2b: Spinny|Torkoal, M|100\/100
|turn|3


|n| known-arsonist|felonyarson1


|
|switch|p1a: Snap|Torkoal, M|100\/100
|detailschange|p1b: Bryoph|Chandelure-Mega, F
|-mega|p1b: Bryoph|Chandelure|Chandelite
|move|p2b: Spinny|Yawn|p1b: Bryoph
|-start|p1b: Bryoph|move: Yawn|[of] p2b: Spinny
|move|p2a: Firestar|Flamethrower|p1a: Snap
|-resisted|p1a: Snap
|-damage|p1a: Snap|66\/100
|move|p1b: Bryoph|Heat Wave|p2a: Firestar|[spread] p2a
|-miss|p1b: Bryoph|p2b: Spinny
|-resisted|p2a: Firestar
|-damage|p2a: Firestar|55\/100
|
|-weather|SunnyDay|[upkeep]
|-heal|p1a: Snap|72\/100|[from] Grassy Terrain
|-heal|p2a: Firestar|61\/100|[from] Grassy Terrain
|upkeep
|turn|4


|c|☆BotwNerd745|Take a nap grimm


|
|switch|p1b: Lamial|Incineroar, M|100\/100
|-ability|p1b: Lamial|Intimidate|boost
|-unboost|p2a: Firestar|atk|1
|-unboost|p2b: Spinny|atk|1
|move|p2b: Spinny|Heat Wave|p1a: Snap|[spread] p1a,p1b
|-resisted|p1a: Snap
|-resisted|p1b: Lamial
|-damage|p1a: Snap|49\/100
|-damage|p1b: Lamial|85\/100
|move|p1a: Snap|Body Press|p2a: Firestar
|-damage|p2a: Firestar|15\/100
|move|p2a: Firestar|Overheat|p1b: Lamial|[miss]
|-miss|p2a: Firestar|p1b: Lamial
|
|-weather|SunnyDay|[upkeep]
|-heal|p1a: Snap|55\/100|[from] Grassy Terrain
|-heal|p2a: Firestar|21\/100|[from] Grassy Terrain
|-heal|p1b: Lamial|91\/100|[from] Grassy Terrain
|-sideend|p1: H2OPulse|move: Tailwind
|upkeep
|turn|5


|
|move|p1b: Lamial|Fake Out|p2b: Spinny
|-damage|p2b: Spinny|92\/100
|move|p1a: Snap|Body Press|p2a: Firestar
|-damage|p2a: Firestar|0 fnt
|faint|p2a: Firestar
|cant|p2b: Spinny|flinch
|
|-weather|none
|-heal|p1a: Snap|61\/100|[from] Grassy Terrain
|-heal|p2b: Spinny|98\/100|[from] Grassy Terrain
|-heal|p1b: Lamial|97\/100|[from] Grassy Terrain
|-fieldend|move: Grassy Terrain
|-fieldend|move: Trick Room
|upkeep


|
|switch|p2a: Hazel|Shiftry, M|100\/100
|turn|6


|
|move|p2a: Hazel|Knock Off|p1a: Snap
|-damage|p1a: Snap|37\/100
|-enditem|p1a: Snap|Heat Rock|[from] move: Knock Off|[of] p2a: Hazel
|move|p1b: Lamial|Flare Blitz|p2a: Hazel
|-supereffective|p2a: Hazel
|-damage|p2a: Hazel|0 fnt
|-damage|p1b: Lamial|68\/100|[from] Recoil
|faint|p2a: Hazel
|move|p2b: Spinny|Yawn|p1b: Lamial
|-start|p1b: Lamial|move: Yawn|[of] p2b: Spinny
|move|p1a: Snap|Burning Jealousy|p2b: Spinny
|-resisted|p2b: Spinny
|-damage|p2b: Spinny|86\/100
|
|upkeep


|
|switch|p2a: Cherrim|Cherrim, F|100\/100
|turn|7


|
|move|p2a: Cherrim|Weather Ball|p1b: Lamial
|-damage|p1b: Lamial|57\/100
|move|p1b: Lamial|Parting Shot|p2b: Spinny
|-unboost|p2b: Spinny|atk|1
|-unboost|p2b: Spinny|spa|1


|l| known-arsonist


|
|switch|p1b: Bryoph|Chandelure-Mega, F|100\/100|[from]move: Parting Shot
|move|p2b: Spinny|Yawn|p1a: Snap
|-start|p1a: Snap|move: Yawn|[of] p2b: Spinny
|move|p1a: Snap|Yawn|p2a: Cherrim
|-start|p2a: Cherrim|move: Yawn|[of] p1a: Snap
|
|upkeep
|turn|8


|
|switch|p1a: Missy|Sableye, F|100\/100
|move|p2a: Cherrim|Solar Beam||[still]
|-prepare|p2a: Cherrim|Solar Beam|p1b: Bryoph
|move|p1b: Bryoph|Heat Wave|p2a: Cherrim|[spread] p2a,p2b
|-supereffective|p2a: Cherrim
|-resisted|p2b: Spinny
|-damage|p2a: Cherrim|0 fnt
|-damage|p2b: Spinny|52\/100
|faint|p2a: Cherrim
|move|p2b: Spinny|Heat Wave|p1b: Bryoph|[spread] p1a,p1b
|-resisted|p1b: Bryoph
|-damage|p1a: Missy|80\/100
|-damage|p1b: Bryoph|92\/100
|
|upkeep
|turn|9


|
|switch|p1a: Snap|Torkoal, M|37\/100
|-weather|SunnyDay|[from] ability: Drought|[of] p1a: Snap
|move|p1b: Bryoph|Mind Blown|p2b: Spinny|[spread] p1a,p2b
|-resisted|p1a: Snap
|-resisted|p2b: Spinny
|-damage|p1a: Snap|0 fnt
|-damage|p2b: Spinny|0 fnt
|-damage|p1b: Bryoph|42\/100|[from] mindblown
|faint|p1a: Snap
|faint|p2b: Spinny
|
|win|H2OPulse


|c|☆BotwNerd745|gg


|c| inkbug1|my god
</script>
</div>
<div class="battle-log battle-log-inline"><div class="inner"><div class="battle-options"><div style="padding-top: 3px; padding-right: 3px; text-align: right"><button class="icon button" name="openBattleOptions" title="Options">Battle Options</button></div></div><div class="inner message-log"><div class="chat"><small>☆H2OPulse and ☆BotwNerd745 joined</small></div><div class=""><small>Format:</small> <br><strong>[Gen 8] M4A Doubles</strong></div><div class=""><small><em>HP Percentage Mod:</em> HP is shown in percentages</small></div><div class=""><small><em>Endless Battle Clause:</em> Forcing endless battles is banned</small></div><div class=""><small><em>OHKO Clause:</em> OHKO moves are banned</small></div><div class=""><small><em>Evasion Moves Clause:</em> Evasion moves are banned</small></div><div class=""><small><em>Species Clause:</em> Limit one of each Pokémon</small></div><div class=""><small><em>Dynamax Clause:</em> You cannot dynamax</small></div><div class=""><small><em>Sleep Clause Mod:</em> Limit one foe put to sleep</small></div><div class="chat battle-history"><strong>H2OPulse's team:</strong> <em style="color:#445566;display:block;">Salamence / Chandelure / Sableye / Incineroar / Torkoal / Rillaboom</em></div><div class="chat battle-history"><strong>BotwNerd745's team:</strong> <em style="color:#445566;display:block;">Ninetales / Gigalith / Cherrim / Torkoal / Shiftry / Exeggutor-Alola</em></div><div class="chat chatmessage-h2opulse"><strong style="color:#6e8c2b"><small>☆</small><span class="username" data-name="H2OPulse">H2OPulse</span>:</strong> <em>Oh <i>huh</i></em></div><div class="chat chatmessage-h2opulse"><strong style="color:#6e8c2b"><small>☆</small><span class="username" data-name="H2OPulse">H2OPulse</span>:</strong> <em>Interesting!!!</em></div><div class="chat chatmessage-h2opulse"><strong style="color:#6e8c2b"><small>☆</small><span class="username" data-name="H2OPulse">H2OPulse</span>:</strong> <em>I love Alolan Exeggutor</em></div><div class="chat"><small> inkbug1 joined</small></div><div class="spacer battle-history"><br></div><div class="battle-history">Battle started between H2OPulse and BotwNerd745!<br></div><div class="spacer battle-history"><br></div><div class="battle-history">Go! Allium (<strong>Rillaboom</strong>)!<br></div><div class="spacer battle-history"><br></div><div class="battle-history">Go! Strelitzia (<strong>Salamence</strong>)!<br></div><div class="spacer battle-history"><br></div><div class="battle-history">BotwNerd745 sent out Firestar (<strong>Ninetales</strong>)!<br></div><div class="spacer battle-history"><br></div><div class="battle-history">BotwNerd745 sent out tall boi (<strong>Exeggutor-Alola</strong>)!<br></div><div class="battle-history">[The opposing Firestar's Drought]<br><small>The sunlight turned harsh!</small><br></div><div class="battle-history">[Allium's Grassy Surge]<br><small>Grass grew to cover the battlefield!</small><br></div><div class="battle-history">[Strelitzia's Intimidate]<br></div><div class="battle-history"><small>The opposing Firestar's Attack fell!</small><br></div><div class="battle-history"><small>(The opposing Firestar used its Eject Pack!)</small><br></div><div class="battle-history"><small>The opposing tall boi's Attack fell!</small><br></div><div class="chat"><small> felony_arson1 joined</small></div><div class="spacer battle-history"><br></div><div class="battle-history">BotwNerd745 withdrew Firestar!<br></div><div class="battle-history">BotwNerd745 sent out Qwerty (<strong>Gigalith</strong>)!<br></div><div class="spacer battle-history"><br></div><h2 class="battle-history">Turn 1</h2><div class="spacer battle-history"><br></div><div class="battle-history"><small>The opposing Qwerty's Gigalite is reacting to the Key Stone!</small><br>The opposing Qwerty has Mega Evolved into Mega Gigalith!<br></div><div class="spacer battle-history"><br></div><div class="battle-history">Allium used <strong>Grassy Glide</strong>!<br></div><div class="battle-history"><small>It's super effective!</small><br></div><div class="battle-history"><small>(The opposing Qwerty lost 58% of its health!)</small><br></div><div class="spacer battle-history"><br></div><div class="battle-history">Strelitzia used <strong>Tailwind</strong>!<br></div><div class="battle-history"><small>The Tailwind blew from behind your team!</small><br></div><div class="spacer battle-history"><br></div><div class="battle-history">The opposing Qwerty used <strong>Meteor Beam</strong>!<br></div><div class="battle-history"><small>The opposing Qwerty's Sp. Atk rose!</small><br></div><div class="battle-history"><small>(Allium lost 89% of its health!)</small><br></div><div class="battle-history"><small>(Allium ate its Sitrus Berry!)</small><br></div><div class="battle-history"><small>Allium restored HP using its Sitrus Berry!</small><br></div><div class="spacer battle-history"><br></div><div class="battle-history">The opposing tall boi used <strong>Trick Room</strong>!<br></div><div class="battle-history"><small>The opposing tall boi twisted the dimensions!</small><br></div><div class="spacer battle-history"><br></div><div class="battle-history"><small>(The sunlight is strong.)</small><br></div><div class="battle-history"><small>The opposing Qwerty's HP was restored.</small><br></div><div class="battle-history"><small>Allium's HP was restored.</small><br></div><div class="spacer battle-history"><br></div><h2 class="battle-history">Turn 2</h2><div class="spacer battle-history"><br></div><div class="battle-history">Allium used <strong>Grassy Glide</strong>!<br></div><div class="battle-history"><small>It's super effective!</small><br></div><div class="battle-history"><small>A critical hit!</small><br></div><div class="battle-history"><small>(The opposing Qwerty lost 48% of its health!)</small><br></div><div class="spacer battle-history"><br></div><div class="battle-history">The opposing Qwerty fainted!<br></div><div class="battle-history">The opposing tall boi used <strong>Dragon Pulse</strong>!<br></div><div class="battle-history"><small>It's super effective!</small><br></div><div class="battle-history"><small>(Strelitzia lost 62% of its health!)</small><br></div><div class="spacer battle-history"><br></div><div class="battle-history">Strelitzia used <strong>Draco Meteor</strong>!<br></div><div class="battle-history"><small>It's super effective!</small><br></div><div class="battle-history"><small>(The opposing tall boi lost 100% of its health!)</small><br></div><div class="battle-history"><small>Strelitzia's Sp. Atk fell harshly!</small><br></div><div class="battle-history"><small>(Strelitzia used its Eject Pack!)</small><br></div><div class="spacer battle-history"><br></div><div class="battle-history">The opposing tall boi fainted!<br></div><div class="chat chatmessage-inkbug1 mine"><strong style="color:#e46e0f"><small> </small><span class="username" data-name="inkbug1">inkbug1</span>:</strong> <em>god okay</em></div><div class="chat chatmessage-botwnerd745"><strong style="color:#9835de"><small>☆</small><span class="username" data-name="BotwNerd745">BotwNerd745</span>:</strong> <em>Yea ok</em></div><div class="spacer battle-history"><br></div><div class="battle-history">Strelitzia, come back!<br></div><div class="battle-history">Go! Bryoph (<strong>Chandelure</strong>)!<br></div><div class="spacer battle-history"><br></div><div class="battle-history"><small>(The sunlight is strong.)</small><br></div><div class="battle-history"><small>Allium's HP was restored.</small><br></div><div class="chat chatmessage-botwnerd745"><strong style="color:#9835de"><small>☆</small><span class="username" data-name="BotwNerd745">BotwNerd745</span>:</strong> <em>Oh dear</em></div><div class="spacer battle-history"><br></div><div class="battle-history">BotwNerd745 sent out Firestar (<strong>Ninetales</strong>)!<br></div><div class="spacer battle-history"><br></div><div class="battle-history">BotwNerd745 sent out Spinny (<strong>Torkoal</strong>)!<br></div><div class="spacer battle-history"><br></div><h2 class="battle-history">Turn 3</h2><div class="chat"><small> known-arsonist renamed from felonyarson1.</small></div><div class="spacer battle-history"><br></div><div class="battle-history">Allium, come back!<br></div><div class="battle-history">Go! Snap (<strong>Torkoal</strong>)!<br></div><div class="spacer battle-history"><br></div><div class="battle-history"><small>Bryoph's Chandelite is reacting to the Key Stone!</small><br>Bryoph has Mega Evolved into Mega Chandelure!<br></div><div class="spacer battle-history"><br></div><div class="battle-history">The opposing Spinny used <strong>Yawn</strong>!<br></div><div class="battle-history"><small>Bryoph grew drowsy!</small><br></div><div class="spacer battle-history"><br></div><div class="battle-history">The opposing Firestar used <strong>Flamethrower</strong>!<br></div><div class="battle-history"><small>It's not very effective...</small><br></div><div class="battle-history"><small>(Snap lost 34% of its health!)</small><br></div><div class="spacer battle-history"><br></div><div class="battle-history">Bryoph used <strong>Heat Wave</strong>!<br></div><div class="battle-history"><small>The opposing Spinny avoided the attack!</small><br></div><div class="battle-history"><small>It's not very effective on the opposing Firestar.</small><br></div><div class="battle-history"><small>(The opposing Firestar lost 45% of its health!)</small><br></div><div class="spacer battle-history"><br></div><div class="battle-history"><small>(The sunlight is strong.)</small><br></div><div class="battle-history"><small>Snap's HP was restored.</small><br></div><div class="battle-history"><small>The opposing Firestar's HP was restored.</small><br></div><div class="spacer battle-history"><br></div><h2 class="battle-history">Turn 4</h2><div class="chat chatmessage-botwnerd745"><strong style="color:#9835de"><small>☆</small><span class="username" data-name="BotwNerd745">BotwNerd745</span>:</strong> <em>Take a nap grimm</em></div><div class="spacer battle-history"><br></div><div class="battle-history">Bryoph, come back!<br></div><div class="battle-history">Go! Lamial (<strong>Incineroar</strong>)!<br></div><div class="battle-history">[Lamial's Intimidate]<br></div><div class="battle-history"><small>The opposing Firestar's Attack fell!</small><br></div><div class="battle-history"><small>The opposing Spinny's Attack fell!</small><br></div><div class="spacer battle-history"><br></div><div class="battle-history">The opposing Spinny used <strong>Heat Wave</strong>!<br></div><div class="battle-history"><small>It's not very effective on Snap.</small><br></div><div class="battle-history"><small>It's not very effective on Lamial.</small><br></div><div class="battle-history"><small>(Snap lost 23% of its health!)</small><br></div><div class="battle-history"><small>(Lamial lost 15% of its health!)</small><br></div><div class="spacer battle-history"><br></div><div class="battle-history">Snap used <strong>Body Press</strong>!<br></div><div class="battle-history"><small>(The opposing Firestar lost 46% of its health!)</small><br></div><div class="spacer battle-history"><br></div><div class="battle-history">The opposing Firestar used <strong>Overheat</strong>!<br></div><div class="battle-history"><small>Lamial avoided the attack!</small><br></div><div class="spacer battle-history"><br></div><div class="battle-history"><small>(The sunlight is strong.)</small><br></div><div class="battle-history"><small>Snap's HP was restored.</small><br></div><div class="battle-history"><small>The opposing Firestar's HP was restored.</small><br></div><div class="battle-history"><small>Lamial's HP was restored.</small><br></div><div class="battle-history"><small>Your team's Tailwind petered out!</small><br></div><div class="spacer battle-history"><br></div><h2 class="battle-history">Turn 5</h2><div class="spacer battle-history"><br></div><div class="battle-history">Lamial used <strong>Fake Out</strong>!<br></div><div class="battle-history"><small>(The opposing Spinny lost 8% of its health!)</small><br></div><div class="spacer battle-history"><br></div><div class="battle-history">Snap used <strong>Body Press</strong>!<br></div><div class="battle-history"><small>(The opposing Firestar lost 21% of its health!)</small><br></div><div class="spacer battle-history"><br></div><div class="battle-history">The opposing Firestar fainted!<br></div><div class="battle-history">The opposing Spinny flinched and couldn't move!<br></div><div class="spacer battle-history"><br></div><div class="battle-history"><small>The harsh sunlight faded.</small><br></div><div class="battle-history"><small>Snap's HP was restored.</small><br></div><div class="battle-history"><small>The opposing Spinny's HP was restored.</small><br></div><div class="battle-history"><small>Lamial's HP was restored.</small><br></div><div class="battle-history"><small>The grass disappeared from the battlefield.</small><br></div><div class="battle-history"><small>The twisted dimensions returned to normal!</small><br></div><div class="spacer battle-history"><br></div><div class="battle-history">BotwNerd745 sent out Hazel (<strong>Shiftry</strong>)!<br></div><div class="spacer battle-history"><br></div><h2 class="battle-history">Turn 6</h2><div class="spacer battle-history"><br></div><div class="battle-history">The opposing Hazel used <strong>Knock Off</strong>!<br></div><div class="battle-history"><small>(Snap lost 24% of its health!)</small><br></div><div class="battle-history"><small>The opposing Hazel knocked off Snap's Heat Rock!</small><br></div><div class="spacer battle-history"><br></div><div class="battle-history">Lamial used <strong>Flare Blitz</strong>!<br></div><div class="battle-history"><small>It's super effective!</small><br></div><div class="battle-history"><small>(The opposing Hazel lost 100% of its health!)</small><br></div><div class="battle-history"><small>Lamial was damaged by the recoil!</small><br></div><div class="spacer battle-history"><br></div><div class="battle-history">The opposing Hazel fainted!<br></div><div class="battle-history">The opposing Spinny used <strong>Yawn</strong>!<br></div><div class="battle-history"><small>Lamial grew drowsy!</small><br></div><div class="spacer battle-history"><br></div><div class="battle-history">Snap used <strong>Burning Jealousy</strong>!<br></div><div class="battle-history"><small>It's not very effective...</small><br></div><div class="battle-history"><small>(The opposing Spinny lost 12% of its health!)</small><br></div><div class="spacer battle-history"><br></div><div class="battle-history">BotwNerd745 sent out <strong>Cherrim</strong>!<br></div><div class="spacer battle-history"><br></div><h2 class="battle-history">Turn 7</h2><div class="spacer battle-history"><br></div><div class="battle-history">The opposing Cherrim used <strong>Weather Ball</strong>!<br></div><div class="battle-history"><small>(Lamial lost 11% of its health!)</small><br></div><div class="spacer battle-history"><br></div><div class="battle-history">Lamial used <strong>Parting Shot</strong>!<br></div><div class="battle-history"><small>The opposing Spinny's Attack fell!</small><br></div><div class="battle-history"><small>The opposing Spinny's Sp. Atk fell!</small><br></div><div class="chat"><small> known-arsonist left</small></div><div class="spacer battle-history"><br></div><div class="battle-history">Lamial, come back!<br></div><div class="battle-history">Go! Bryoph (<strong>Chandelure-Mega</strong>)!<br></div><div class="spacer battle-history"><br></div><div class="battle-history">The opposing Spinny used <strong>Yawn</strong>!<br></div><div class="battle-history"><small>Snap grew drowsy!</small><br></div><div class="spacer battle-history"><br></div><div class="battle-history">Snap used <strong>Yawn</strong>!<br></div><div class="battle-history"><small>The opposing Cherrim grew drowsy!</small><br></div><div class="spacer battle-history"><br></div><h2 class="battle-history">Turn 8</h2><div class="spacer battle-history"><br></div><div class="battle-history">Snap, come back!<br></div><div class="battle-history">Go! Missy (<strong>Sableye</strong>)!<br></div><div class="spacer battle-history"><br></div><div class="battle-history">The opposing Cherrim used <strong>Solar Beam</strong>!<br></div><div class="battle-history"><small>The opposing Cherrim absorbed light!</small><br></div><div class="spacer battle-history"><br></div><div class="battle-history">Bryoph used <strong>Heat Wave</strong>!<br></div><div class="battle-history"><small>It's super effective on the opposing Cherrim!</small><br></div><div class="battle-history"><small>It's not very effective on the opposing Spinny.</small><br></div><div class="battle-history"><small>(The opposing Cherrim lost 100% of its health!)</small><br></div><div class="battle-history"><small>(The opposing Spinny lost 34% of its health!)</small><br></div><div class="spacer battle-history"><br></div><div class="battle-history">The opposing Cherrim fainted!<br></div><div class="battle-history">The opposing Spinny used <strong>Heat Wave</strong>!<br></div><div class="battle-history"><small>It's not very effective on Bryoph.</small><br></div><div class="battle-history"><small>(Missy lost 20% of its health!)</small><br></div><div class="battle-history"><small>(Bryoph lost 8% of its health!)</small><br></div><div class="spacer battle-history"><br></div><h2 class="battle-history">Turn 9</h2><div class="spacer battle-history"><br></div><div class="battle-history">Missy, come back!<br></div><div class="battle-history">Go! Snap (<strong>Torkoal</strong>)!<br></div><div class="battle-history">[Snap's Drought]<br><small>The sunlight turned harsh!</small><br></div><div class="spacer battle-history"><br></div><div class="battle-history">Bryoph used <strong>Mind Blown</strong>!<br></div><div class="battle-history"><small>It's not very effective on Snap.</small><br></div><div class="battle-history"><small>It's not very effective on the opposing Spinny.</small><br></div><div class="battle-history"><small>(Snap lost 37% of its health!)</small><br></div><div class="battle-history"><small>(The opposing Spinny lost 52% of its health!)</small><br></div><div class="battle-history"><small>(Bryoph cut its own HP to power up its move!)</small><br></div><div class="spacer battle-history"><br></div><div class="battle-history">Snap fainted!<br></div><div class="battle-history">The opposing Spinny fainted!<br></div><div class="spacer battle-history"><br></div><div class="battle-history"><strong>H2OPulse</strong> won the battle!<br></div><div class="chat chatmessage-botwnerd745"><strong style="color:#9835de"><small>☆</small><span class="username" data-name="BotwNerd745">BotwNerd745</span>:</strong> <em>gg</em></div><div class="chat chatmessage-inkbug1 mine"><strong style="color:#e46e0f"><small> </small><span class="username" data-name="inkbug1">inkbug1</span>:</strong> <em>my god</em></div></div><div class="inner-preempt message-log"></div></div></div>
</div>
<script>
let daily = Math.floor(Date.now()/1000/60/60/24);document.write('<script src="https://play.pokemonshowdown.com/js/replay-embed.js?version'+daily+'"></'+'script>');
</script>
