<!DOCTYPE html>
<meta charset="utf-8" />
<!-- version 1 -->
<title>[Gen 8] Megas for All replay: ThatTheDamned vs. Parcos</title>
<style>
html,body {font-family:Verdana, sans-serif;font-size:10pt;margin:0;padding:0;}body{padding:12px 0;} .battle-log {font-family:Verdana, sans-serif;font-size:10pt;} .battle-log-inline {border:1px solid #AAAAAA;background:#EEF2F5;color:black;max-width:640px;margin:0 auto 80px;padding-bottom:5px;} .battle-log .inner {padding:4px 8px 0px 8px;} .battle-log .inner-preempt {padding:0 8px 4px 8px;} .battle-log .inner-after {margin-top:0.5em;} .battle-log h2 {margin:0.5em -8px;padding:4px 8px;border:1px solid #AAAAAA;background:#E0E7EA;border-left:0;border-right:0;font-family:Verdana, sans-serif;font-size:13pt;} .battle-log .chat {vertical-align:middle;padding:3px 0 3px 0;font-size:8pt;} .battle-log .chat strong {color:#40576A;} .battle-log .chat em {padding:1px 4px 1px 3px;color:#000000;font-style:normal;} .chat.mine {background:rgba(0,0,0,0.05);margin-left:-8px;margin-right:-8px;padding-left:8px;padding-right:8px;} .spoiler {color:#BBBBBB;background:#BBBBBB;padding:0px 3px;} .spoiler:hover, .spoiler:active, .spoiler-shown {color:#000000;background:#E2E2E2;padding:0px 3px;} .spoiler a {color:#BBBBBB;} .spoiler:hover a, .spoiler:active a, .spoiler-shown a {color:#2288CC;} .chat code, .chat .spoiler:hover code, .chat .spoiler:active code, .chat .spoiler-shown code {border:1px solid #C0C0C0;background:#EEEEEE;color:black;padding:0 2px;} .chat .spoiler code {border:1px solid #CCCCCC;background:#CCCCCC;color:#CCCCCC;} .battle-log .rated {padding:3px 4px;} .battle-log .rated strong {color:white;background:#89A;padding:1px 4px;border-radius:4px;} .spacer {margin-top:0.5em;} .message-announce {background:#6688AA;color:white;padding:1px 4px 2px;} .message-announce a, .broadcast-green a, .broadcast-blue a, .broadcast-red a {color:#DDEEFF;} .broadcast-green {background-color:#559955;color:white;padding:2px 4px;} .broadcast-blue {background-color:#6688AA;color:white;padding:2px 4px;} .infobox {border:1px solid #6688AA;padding:2px 4px;} .infobox-limited {max-height:200px;overflow:auto;overflow-x:hidden;} .broadcast-red {background-color:#AA5544;color:white;padding:2px 4px;} .message-learn-canlearn {font-weight:bold;color:#228822;text-decoration:underline;} .message-learn-cannotlearn {font-weight:bold;color:#CC2222;text-decoration:underline;} .message-effect-weak {font-weight:bold;color:#CC2222;} .message-effect-resist {font-weight:bold;color:#6688AA;} .message-effect-immune {font-weight:bold;color:#666666;} .message-learn-list {margin-top:0;margin-bottom:0;} .message-throttle-notice, .message-error {color:#992222;} .message-overflow, .chat small.message-overflow {font-size:0pt;} .message-overflow::before {font-size:9pt;content:'...';} .subtle {color:#3A4A66;}
</style>
<div class="wrapper replay-wrapper" style="max-width:1180px;margin:0 auto">
<input type="hidden" name="replayid" value="dragonheaven-gen8megasforall-266" />
<div class="battle"></div><div class="battle-log"></div><div class="replay-controls"></div><div class="replay-controls-2"></div>
<h1 style="font-weight:normal;text-align:center"><strong>[Gen 8] Megas for All</strong><br /><a href="http://pokemonshowdown.com/users/thatthedamned" class="subtle" target="_blank">ThatTheDamned</a> vs. <a href="http://pokemonshowdown.com/users/parcos" class="subtle" target="_blank">Parcos</a></h1>
<script type="text/plain" class="battle-log-data">|j|☆ThatTheDamned
|j|☆Parcos
|t:|1615661455
|player|p1|ThatTheDamned|bugcatcher|
|player|p2|Parcos|102|
|teamsize|p1|6
|teamsize|p2|6
|gametype|singles
|gen|8
|tier|[Gen 8] Megas for All
|clearpoke
|poke|p1|Exploud, F|
|poke|p1|Zapdos-Galar|
|poke|p1|Heatran, M|
|poke|p1|Tangrowth, M|
|poke|p1|Tapu Fini|
|poke|p1|Swampert, F|
|poke|p2|Toxtricity-Low-Key, M|
|poke|p2|Buzzwole|
|poke|p2|Tapu Bulu|
|poke|p2|Cursola, F|
|poke|p2|Comfey, F|
|poke|p2|Volcanion|
|rule|HP Percentage Mod: HP is shown in percentages
|rule|Endless Battle Clause: Forcing endless battles is banned
|rule|OHKO Clause: OHKO moves are banned
|rule|Evasion Moves Clause: Evasion moves are banned
|rule|Species Clause: Limit one of each Pokémon
|rule|Dynamax Clause: You cannot dynamax
|rule|Sleep Clause Mod: Limit one foe put to sleep
|rule|Freeze Clause Mod: Limit one foe frozen
|raw|<img src="https:\/\/www.smogon.com\/forums\/attachments\/banner_2-png.302358\/" height="65" width="381">
|-message|Welcome to Megas for All!
|-message|This is a National Dex-based format where we aim to give a new Mega Evolution to every Pokémon.
|-message|Just like any official format, you can still only Mega Evolve one Pokémon per team!
|-message|You can find our thread and metagame resources here:
|-message|https:\/\/www.smogon.com\/forums\/threads\/3671140\/
|teampreview
|c|☆Parcos|gl hf
|j|+inkbug1

|c|☆ThatTheDamned|Oh no. Buzzwole.
|c|☆ThatTheDamned|You too.
|c|☆Parcos|>.>
|c|☆Parcos|ty
|
|t:|1615661493
|start
|switch|p1a: Exploud|Exploud, F|100\/100
|switch|p2a: Tapu Bulu|Tapu Bulu|100\/100
|-fieldstart|move: Grassy Terrain|[from] ability: Grassy Surge|[of] p2a: Tapu Bulu
|turn|1
|j| exploziff
|
|t:|1615661509
|switch|p1a: Tangrowth|Tangrowth, M|100\/100
|move|p2a: Tapu Bulu|Darkest Lariat|p1a: Tangrowth
|-damage|p1a: Tangrowth|76\/100
|-damage|p2a: Tapu Bulu|84\/100|[from] item: Rocky Helmet|[of] p1a: Tangrowth
|
|-heal|p2a: Tapu Bulu|90\/100|[from] Grassy Terrain
|-heal|p1a: Tangrowth|82\/100|[from] Grassy Terrain
|upkeep
|turn|2
|
|t:|1615661520
|switch|p2a: Toxtricity|Toxtricity-Low-Key, M|100\/100
|move|p1a: Tangrowth|Giga Drain|p2a: Toxtricity
|-resisted|p2a: Toxtricity
|-damage|p2a: Toxtricity|85\/100
|-heal|p1a: Tangrowth|89\/100|[from] drain|[of] p2a: Toxtricity
|
|-heal|p2a: Toxtricity|91\/100|[from] Grassy Terrain
|-heal|p1a: Tangrowth|95\/100|[from] Grassy Terrain
|upkeep
|turn|3
|
|t:|1615661533
|switch|p1a: Heatran|Heatran, M|100\/100
|detailschange|p2a: Toxtricity|Toxtricity-Low-Key-Mega, M
|-mega|p2a: Toxtricity|Toxtricity|Toxtricitite
|-ability|p2a: Toxtricity|Acid Rock
|-immune|p1a: Heatran
|-start|p2a: Toxtricity|typechange|Electric\/Poison|[silent]
|raw|<ul class="utilichart"><li class="result"><span class="col pokemonnamecol" style="white-space: nowrap">Toxtricity-Low-Key-Mega<\/span> <span class="col typecol"><img src="https:\/\/play.pokemonshowdown.com\/sprites\/types\/Electric.png" alt="Electric" height="14" width="32"><img src="https:\/\/play.pokemonshowdown.com\/sprites\/types\/Poison.png" alt="Poison" height="14" width="32"><\/span> <span style="float: left ; min-height: 26px"><span class="col abilitycol">Acid Rock<\/span><span class="col abilitycol"><\/span><\/span><span style="float: left ; min-height: 26px"><span class="col statcol"><em>HP<\/em><br>75<\/span> <span class="col statcol"><em>Atk<\/em><br>98<\/span> <span class="col statcol"><em>Def<\/em><br>100<\/span> <span class="col statcol"><em>SpA<\/em><br>114<\/span> <span class="col statcol"><em>SpD<\/em><br>140<\/span> <span class="col statcol"><em>Spe<\/em><br>75<\/span> <\/span><\/li><li style="clear: both"><\/li><\/ul>
|move|p2a: Toxtricity|Hex|p1a: Heatran
|-damage|p1a: Heatran|84\/100
|
|-heal|p1a: Heatran|91\/100|[from] item: Leftovers
|-heal|p1a: Heatran|97\/100|[from] Grassy Terrain
|-heal|p2a: Toxtricity|98\/100|[from] Grassy Terrain
|upkeep
|turn|4
|c|☆ThatTheDamned|"You kids and your rock music."
|
|t:|1615661554
|switch|p2a: Cursola|Cursola, F|100\/100
|move|p1a: Heatran|Earth Power|p2a: Cursola
|-crit|p2a: Cursola
|-damage|p2a: Cursola|72\/100
|
|-heal|p1a: Heatran|100\/100|[from] item: Leftovers
|-heal|p2a: Cursola|78\/100|[from] Grassy Terrain
|upkeep
|turn|5
|c|☆Parcos|lollll
|
|t:|1615661565
|switch|p1a: Tapu Fini|Tapu Fini|100\/100
|-fieldstart|move: Misty Terrain|[from] ability: Misty Surge|[of] p1a: Tapu Fini
|move|p2a: Cursola|Shadow Ball|p1a: Tapu Fini
|-damage|p1a: Tapu Fini|64\/100
|
|-heal|p1a: Tapu Fini|70\/100|[from] item: Leftovers
|upkeep
|turn|6
|
|t:|1615661575
|move|p1a: Tapu Fini|Moonblast|p2a: Cursola
|-damage|p2a: Cursola|60\/100
|move|p2a: Cursola|Giga Drain|p1a: Tapu Fini
|-supereffective|p1a: Tapu Fini
|-damage|p1a: Tapu Fini|21\/100
|-heal|p2a: Cursola|92\/100|[from] drain|[of] p1a: Tapu Fini
|
|-heal|p1a: Tapu Fini|27\/100|[from] item: Leftovers
|upkeep
|turn|7
|
|t:|1615661587
|switch|p1a: Exploud|Exploud, F|100\/100
|move|p2a: Cursola|Shadow Ball|p1a: Exploud
|-immune|p1a: Exploud
|
|upkeep
|turn|8
|c|☆Parcos|btw, does punk rock affect soundproof
|c|☆ThatTheDamned|No.
|c|☆Parcos|acid rock**
|
|t:|1615661606
|detailschange|p1a: Exploud|Exploud-Mega, F
|-mega|p1a: Exploud|Exploud|Exploudite
|-start|p1a: Exploud|typechange|Normal\/Dragon|[silent]
|raw|<ul class="utilichart"><li class="result"><span class="col pokemonnamecol" style="white-space: nowrap">Exploud-Mega<\/span> <span class="col typecol"><img src="https:\/\/play.pokemonshowdown.com\/sprites\/types\/Normal.png" alt="Normal" height="14" width="32"><img src="https:\/\/play.pokemonshowdown.com\/sprites\/types\/Dragon.png" alt="Dragon" height="14" width="32"><\/span> <span style="float: left ; min-height: 26px"><span class="col abilitycol">Seismic Scream<\/span><span class="col abilitycol"><\/span><\/span><span style="float: left ; min-height: 26px"><span class="col statcol"><em>HP<\/em><br>104<\/span> <span class="col statcol"><em>Atk<\/em><br>101<\/span> <span class="col statcol"><em>Def<\/em><br>73<\/span> <span class="col statcol"><em>SpA<\/em><br>101<\/span> <span class="col statcol"><em>SpD<\/em><br>113<\/span> <span class="col statcol"><em>Spe<\/em><br>98<\/span> <\/span><\/li><li style="clear: both"><\/li><\/ul>
|move|p1a: Exploud|Screech|p2a: Cursola
|-unboost|p2a: Cursola|def|2
|move|p1a: Exploud|Earthquake|p2a: Cursola|[from]ability: Seismic Scream
|-damage|p2a: Cursola|40\/100
|move|p2a: Cursola|Ice Beam|p1a: Exploud
|-supereffective|p1a: Exploud
|-damage|p1a: Exploud|36\/100
|
|upkeep
|turn|9
|c|☆ThatTheDamned|Or, at least, it's not supposed to.
|
|t:|1615661620
|switch|p2a: Tapu Bulu|Tapu Bulu|90\/100
|-fieldstart|move: Grassy Terrain|[from] ability: Grassy Surge|[of] p2a: Tapu Bulu
|move|p1a: Exploud|Screech|p2a: Tapu Bulu|[miss]
|-miss|p1a: Exploud|p2a: Tapu Bulu
|
|-heal|p1a: Exploud|42\/100|[from] Grassy Terrain
|-heal|p2a: Tapu Bulu|96\/100|[from] Grassy Terrain
|upkeep
|turn|10
|c|☆Parcos|i see
|c|☆Parcos|this miss tho
|c|☆ThatTheDamned|It's funny that Screech can miss. It actually has far worse accuracy than I remember.
|c|☆Parcos|i sometimes forget status moves aside from toxic\/wow\/twave miss lol
|c|☆Parcos|i think its 85?
|c|☆ThatTheDamned|Yeah. 85%.
|
|t:|1615661668
|switch|p1a: Tangrowth|Tangrowth, M|100\/100
|move|p2a: Tapu Bulu|High Horsepower|p1a: Tangrowth
|-resisted|p1a: Tangrowth
|-damage|p1a: Tangrowth|87\/100
|-damage|p2a: Tapu Bulu|80\/100|[from] item: Rocky Helmet|[of] p1a: Tangrowth
|
|-heal|p2a: Tapu Bulu|86\/100|[from] Grassy Terrain
|-heal|p1a: Tangrowth|93\/100|[from] Grassy Terrain
|upkeep
|turn|11
|c|☆Parcos|oof
|c|☆Parcos|im... not sure why i remember that tbh
|
|t:|1615661682
|switch|p2a: Toxtricity|Toxtricity-Low-Key-Mega, M|98\/100
|-start|p2a: Toxtricity|typechange|Electric\/Poison|[silent]
|-status|p1a: Tangrowth|psn|[from] ability: Acid Rock|[of] p2a: Toxtricity
|switch|p1a: Heatran|Heatran, M|100\/100
|
|-heal|p2a: Toxtricity|100\/100|[from] Grassy Terrain
|upkeep
|turn|12
|c|☆ThatTheDamned|Damn. It didn't get to switch first.
|
|t:|1615661699
|move|p1a: Heatran|Magma Storm|p2a: Toxtricity
|-damage|p2a: Toxtricity|73\/100
|-activate|p2a: Toxtricity|move: Magma Storm|[of] p1a: Heatran
|move|p2a: Toxtricity|Volt Switch|p1a: Heatran
|-damage|p1a: Heatran|74\/100
|c|☆Parcos|oh i think i was faster
|
|t:|1615661707
|switch|p2a: Volcanion|Volcanion|100\/100|[from]move: Volt Switch
|
|-heal|p1a: Heatran|81\/100|[from] item: Leftovers
|-heal|p1a: Heatran|87\/100|[from] Grassy Terrain
|upkeep
|turn|13
|
|t:|1615661720
|switch|p1a: Tapu Fini|Tapu Fini|27\/100
|-fieldstart|move: Misty Terrain|[from] ability: Misty Surge|[of] p1a: Tapu Fini
|move|p2a: Volcanion|Scorching Sands|p1a: Tapu Fini
|-damage|p1a: Tapu Fini|6\/100
|
|-heal|p1a: Tapu Fini|12\/100|[from] item: Leftovers
|upkeep
|turn|14
|
|t:|1615661753
|move|p1a: Tapu Fini|Moonblast|p2a: Volcanion
|-resisted|p2a: Volcanion
|-damage|p2a: Volcanion|86\/100
|move|p2a: Volcanion|Scorching Sands|p1a: Tapu Fini
|-damage|p1a: Tapu Fini|0 fnt
|faint|p1a: Tapu Fini
|
|upkeep
|
|t:|1615661765
|switch|p1a: Zapdos|Zapdos-Galar|100\/100
|turn|15
|
|t:|1615661793
|move|p1a: Zapdos|U-turn|p2a: Volcanion
|-resisted|p2a: Volcanion
|-damage|p2a: Volcanion|76\/100
|
|t:|1615661805
|switch|p1a: Tangrowth|Tangrowth, M|100\/100 psn|[from]move: U-turn
|move|p2a: Volcanion|Steam Eruption|p1a: Tangrowth
|-resisted|p1a: Tangrowth
|-damage|p1a: Tangrowth|53\/100 psn
|
|-damage|p1a: Tangrowth|41\/100 psn|[from] psn
|upkeep
|turn|16
|c|☆Parcos|oof
|c|☆Parcos|47 for nve
|
|t:|1615661824
|switch|p1a: Swampert|Swampert, F|100\/100
|move|p2a: Volcanion|Fire Blast|p1a: Swampert
|-resisted|p1a: Swampert
|-damage|p1a: Swampert|80\/100
|
|-heal|p1a: Swampert|86\/100|[from] item: Leftovers
|upkeep
|turn|17
|c|☆ThatTheDamned|Yeah, not great.
|c|☆Parcos|its not vest?
|
|t:|1615661836
|switch|p2a: Tapu Bulu|Tapu Bulu|86\/100
|-fieldstart|move: Grassy Terrain|[from] ability: Grassy Surge|[of] p2a: Tapu Bulu
|move|p1a: Swampert|Stealth Rock|p2a: Tapu Bulu
|-sidestart|p2: Parcos|move: Stealth Rock
|
|-heal|p2a: Tapu Bulu|92\/100|[from] Grassy Terrain
|-heal|p1a: Swampert|93\/100|[from] item: Leftovers
|-heal|p1a: Swampert|99\/100|[from] Grassy Terrain
|upkeep
|turn|18
|c|☆Parcos|oh helmet
|c|☆ThatTheDamned|Yeah.
|
|t:|1615661852
|switch|p2a: Volcanion|Volcanion|76\/100
|switch|p1a: Tangrowth|Tangrowth, M|74\/100 psn
|
|-heal|p2a: Volcanion|82\/100|[from] Grassy Terrain
|-heal|p1a: Tangrowth|80\/100 psn|[from] Grassy Terrain
|-damage|p1a: Tangrowth|68\/100 psn|[from] psn
|upkeep
|turn|19
|
|t:|1615661861
|switch|p1a: Swampert|Swampert, F|99\/100
|move|p2a: Volcanion|Defog|p1a: Swampert
|-unboost|p1a: Swampert|evasion|1
|-sideend|p2: Parcos|Stealth Rock|[from] move: Defog|[of] p2a: Volcanion
|-fieldend|move: Grassy Terrain
|
|-heal|p1a: Swampert|100\/100|[from] item: Leftovers
|upkeep
|turn|20
|c|☆ThatTheDamned|Oh, right. That has Defog.
|c|☆Parcos|yeah lol
|
|t:|1615661872
|move|p2a: Volcanion|Steam Eruption|p1a: Swampert
|-damage|p1a: Swampert|58\/100
|-status|p1a: Swampert|brn
|move|p1a: Swampert|Stealth Rock|p2a: Volcanion
|-sidestart|p2: Parcos|move: Stealth Rock
|
|-heal|p1a: Swampert|64\/100 brn|[from] item: Leftovers
|-damage|p1a: Swampert|58\/100 brn|[from] brn
|upkeep
|turn|21
|c|☆ThatTheDamned|Well, rip.
|c|☆Parcos|tbh i think it kinda makes sense?
|c|☆Parcos|oof
|c|☆Parcos|now IM getting too lucky
|c|☆Parcos|sorry bout that buddy
|c|☆ThatTheDamned|Yeah, Defog makes sense. It just never sees use.
|
|t:|1615661900
|switch|p2a: Tapu Bulu|Tapu Bulu|92\/100
|-damage|p2a: Tapu Bulu|79\/100|[from] Stealth Rock
|-fieldstart|move: Grassy Terrain|[from] ability: Grassy Surge|[of] p2a: Tapu Bulu
|move|p1a: Swampert|Earthquake|p2a: Tapu Bulu
|-resisted|p2a: Tapu Bulu
|-damage|p2a: Tapu Bulu|75\/100
|
|-heal|p2a: Tapu Bulu|82\/100|[from] Grassy Terrain
|-heal|p1a: Swampert|64\/100 brn|[from] item: Leftovers
|-heal|p1a: Swampert|71\/100 brn|[from] Grassy Terrain
|-damage|p1a: Swampert|64\/100 brn|[from] brn
|upkeep
|turn|22
|c|☆ThatTheDamned|It's fine.
|
|t:|1615661920
|switch|p1a: Tangrowth|Tangrowth, M|100\/100 psn
|move|p2a: Tapu Bulu|Darkest Lariat|p1a: Tangrowth
|-damage|p1a: Tangrowth|75\/100 psn
|-damage|p2a: Tapu Bulu|65\/100|[from] item: Rocky Helmet|[of] p1a: Tangrowth
|
|-heal|p2a: Tapu Bulu|71\/100|[from] Grassy Terrain
|-heal|p1a: Tangrowth|82\/100 psn|[from] Grassy Terrain
|-damage|p1a: Tangrowth|69\/100 psn|[from] psn
|upkeep
|turn|23
|c|☆Parcos|i personally like defog on it, it has some natural bulk
|c|☆ThatTheDamned|Yeah.
|
|t:|1615661934
|move|p2a: Tapu Bulu|Darkest Lariat|p1a: Tangrowth
|-damage|p1a: Tangrowth|43\/100 psn
|-damage|p2a: Tapu Bulu|55\/100|[from] item: Rocky Helmet|[of] p1a: Tangrowth
|move|p1a: Tangrowth|Sludge Bomb|p2a: Tapu Bulu
|-supereffective|p2a: Tapu Bulu
|-damage|p2a: Tapu Bulu|0 fnt
|faint|p2a: Tapu Bulu
|
|-heal|p1a: Tangrowth|49\/100 psn|[from] Grassy Terrain
|-damage|p1a: Tangrowth|37\/100 psn|[from] psn
|upkeep
|
|t:|1615661943
|switch|p2a: Volcanion|Volcanion|82\/100
|turn|24
|
|t:|1615661951
|move|p2a: Volcanion|Steam Eruption|p1a: Tangrowth
|-resisted|p1a: Tangrowth
|-damage|p1a: Tangrowth|0 fnt
|faint|p1a: Tangrowth
|
|-heal|p2a: Volcanion|88\/100|[from] Grassy Terrain
|upkeep
|
|t:|1615661964
|switch|p1a: Exploud|Exploud-Mega, F|42\/100
|-start|p1a: Exploud|typechange|Normal\/Dragon|[silent]
|turn|25
|
|t:|1615661972
|move|p1a: Exploud|Boomburst|p2a: Volcanion
|-damage|p2a: Volcanion|24\/100
|move|p1a: Exploud|Earthquake|p2a: Volcanion|[from]ability: Seismic Scream
|-supereffective|p2a: Volcanion
|-damage|p2a: Volcanion|6\/100
|move|p2a: Volcanion|Defog|p1a: Exploud
|-unboost|p1a: Exploud|evasion|1
|-sideend|p2: Parcos|Stealth Rock|[from] move: Defog|[of] p2a: Volcanion
|-fieldend|move: Grassy Terrain
|
|upkeep
|turn|26
|
|t:|1615661985
|move|p1a: Exploud|Clanging Scales|p2a: Volcanion
|-damage|p2a: Volcanion|0 fnt
|-unboost|p1a: Exploud|def|1
|faint|p2a: Volcanion
|
|upkeep
|c|☆Parcos|i
|c|☆ThatTheDamned|?
|c|☆Parcos|keep seeing that and thinking its scale shot
|c|☆ThatTheDamned|Ah.
|c|☆Parcos|i was like why didnt the speed raise
|
|t:|1615662025
|switch|p2a: Comfey|Comfey, F|100\/100
|turn|27
|c|☆ThatTheDamned|Yeah, they use the same generic animation on here.
|c|☆Parcos|yea
|c|☆ThatTheDamned|Not sure if they differ in-game.
|
|t:|1615662036
|switch|p1a: Heatran|Heatran, M|87\/100
|move|p2a: Comfey|Calm Mind|p2a: Comfey
|-boost|p2a: Comfey|spa|1
|-boost|p2a: Comfey|spd|1
|
|-heal|p1a: Heatran|93\/100|[from] item: Leftovers
|upkeep
|turn|28
|
|t:|1615662046
|move|p1a: Heatran|Taunt|p2a: Comfey
|-start|p2a: Comfey|move: Taunt
|cant|p2a: Comfey|move: Taunt|Leech Seed
|
|-heal|p1a: Heatran|99\/100|[from] item: Leftovers
|upkeep
|turn|29
|
|t:|1615662054
|switch|p2a: Cursola|Cursola, F|40\/100
|move|p1a: Heatran|Magma Storm|p2a: Cursola
|-crit|p2a: Cursola
|-damage|p2a: Cursola|0 fnt
|faint|p2a: Cursola
|
|-heal|p1a: Heatran|100\/100|[from] item: Leftovers
|upkeep
|c|☆Parcos|good question tbh
|
|t:|1615662060
|switch|p2a: Buzzwole|Buzzwole|100\/100
|turn|30
|
|t:|1615662075
|switch|p1a: Swampert|Swampert, F|64\/100 brn
|move|p2a: Buzzwole|Earthquake|p1a: Swampert
|-damage|p1a: Swampert|20\/100 brn
|-damage|p2a: Buzzwole|91\/100|[from] item: Life Orb
|
|-heal|p1a: Swampert|26\/100 brn|[from] item: Leftovers
|-damage|p1a: Swampert|20\/100 brn|[from] brn
|upkeep
|turn|31
|c|☆Parcos|woah buzzwole is... wide on this server lol
|c|☆ThatTheDamned|Yeah, that sprite is pretty fat.
|
|t:|1615662090
|move|p2a: Buzzwole|Fell Stinger|p1a: Swampert
|-damage|p1a: Swampert|0 fnt
|-boost|p2a: Buzzwole|atk|3
|-damage|p2a: Buzzwole|81\/100|[from] item: Life Orb
|faint|p1a: Swampert
|-ability|p2a: Buzzwole|Beast Boost|boost
|-boost|p2a: Buzzwole|def|1
|
|upkeep
|
|t:|1615662098
|switch|p1a: Zapdos|Zapdos-Galar|100\/100
|turn|32
|
|t:|1615662104
|move|p1a: Zapdos|Brave Bird|p2a: Buzzwole
|-supereffective|p2a: Buzzwole
|-damage|p2a: Buzzwole|0 fnt
|-damage|p1a: Zapdos|66\/100|[from] Recoil
|faint|p2a: Buzzwole
|
|upkeep
|
|t:|1615662107
|switch|p2a: Comfey|Comfey, F|100\/100
|turn|33
|
|t:|1615662117
|switch|p1a: Heatran|Heatran, M|100\/100
|move|p2a: Comfey|Leech Seed|p1a: Heatran
|-start|p1a: Heatran|move: Leech Seed
|
|-damage|p1a: Heatran|88\/100|[from] Leech Seed|[of] p2a: Comfey
|upkeep
|turn|34
|
|t:|1615662126
|move|p1a: Heatran|Flash Cannon|p2a: Comfey
|-supereffective|p2a: Comfey
|-damage|p2a: Comfey|10\/100
|move|p2a: Comfey|Calm Mind|p2a: Comfey
|-boost|p2a: Comfey|spa|1
|-boost|p2a: Comfey|spd|1
|
|-heal|p1a: Heatran|94\/100|[from] item: Leftovers
|-damage|p1a: Heatran|82\/100|[from] Leech Seed|[of] p2a: Comfey
|-heal|p2a: Comfey|27\/100|[silent]
|upkeep
|turn|35
|
|t:|1615662137
|switch|p2a: Toxtricity|Toxtricity-Low-Key-Mega, M|73\/100
|-start|p2a: Toxtricity|typechange|Electric\/Poison|[silent]
|-ability|p2a: Toxtricity|Acid Rock
|-immune|p1a: Heatran
|move|p1a: Heatran|Flash Cannon|p2a: Toxtricity
|-resisted|p2a: Toxtricity
|-damage|p2a: Toxtricity|62\/100
|
|-heal|p1a: Heatran|88\/100|[from] item: Leftovers
|-damage|p1a: Heatran|76\/100|[from] Leech Seed|[of] p2a: Toxtricity
|-heal|p2a: Toxtricity|73\/100|[silent]
|upkeep
|turn|36
|
|t:|1615662161
|switch|p1a: Exploud|Exploud-Mega, F|42\/100
|-start|p1a: Exploud|typechange|Normal\/Dragon|[silent]
|move|p2a: Toxtricity|Hex|p1a: Exploud
|-immune|p1a: Exploud
|
|upkeep
|turn|37
|
|t:|1615662171
|move|p1a: Exploud|Screech|p2a: Toxtricity
|-unboost|p2a: Toxtricity|def|2
|move|p1a: Exploud|Earthquake|p2a: Toxtricity|[from]ability: Seismic Scream
|-supereffective|p2a: Toxtricity
|-damage|p2a: Toxtricity|0 fnt
|faint|p2a: Toxtricity
|
|upkeep
|
|t:|1615662176
|switch|p2a: Comfey|Comfey, F|27\/100
|turn|38
|c|☆Parcos|ggs!
|
|t:|1615662182
|switch|p1a: Heatran|Heatran, M|76\/100
|move|p2a: Comfey|Draining Kiss|p1a: Heatran
|-resisted|p1a: Heatran
|-damage|p1a: Heatran|73\/100
|-heal|p2a: Comfey|31\/100|[from] drain|[of] p1a: Heatran
|
|-heal|p1a: Heatran|79\/100|[from] item: Leftovers
|upkeep
|turn|39
|c|☆Parcos|well played buddy
|c|☆ThatTheDamned|gg, didn't think I would win that.
|
|t:|1615662192
|move|p1a: Heatran|Flash Cannon|p2a: Comfey
|-supereffective|p2a: Comfey
|-damage|p2a: Comfey|0 fnt
|faint|p2a: Comfey
|
|win|ThatTheDamned
|c|☆Parcos|i was p unsure 
|c|☆ThatTheDamned|Well played on your end too.
|c|☆Parcos|but when i got to 3 pokemon
|c|☆Parcos|and heatran was still there i was scared
|c|☆Parcos|ty
|c|☆Parcos|you too
|c|☆ThatTheDamned|Thanks.
|c|☆Parcos|gl on the rest of this
|c|☆ThatTheDamned|Also thanks.
|l|☆ThatTheDamned</script>
</div>
<div class="battle-log battle-log-inline"><div class="inner"><div class="battle-options"><div style="padding-top: 3px; padding-right: 3px; text-align: right"><button class="icon button" name="openBattleOptions" title="Options">Battle Options</button></div></div><div class="inner message-log"><div class="chat"><small>☆ThatTheDamned and ☆Parcos joined</small></div><div class=""><small>Format:</small> <br><strong>[Gen 8] Megas for All</strong></div><div class=""><small><em>HP Percentage Mod:</em> HP is shown in percentages</small></div><div class=""><small><em>Endless Battle Clause:</em> Forcing endless battles is banned</small></div><div class=""><small><em>OHKO Clause:</em> OHKO moves are banned</small></div><div class=""><small><em>Evasion Moves Clause:</em> Evasion moves are banned</small></div><div class=""><small><em>Species Clause:</em> Limit one of each Pokémon</small></div><div class=""><small><em>Dynamax Clause:</em> You cannot dynamax</small></div><div class=""><small><em>Sleep Clause Mod:</em> Limit one foe put to sleep</small></div><div class=""><small><em>Freeze Clause Mod:</em> Limit one foe frozen</small></div><div class="chat"><img src="https://www.smogon.com/forums/attachments/banner_2-png.302358/" height="65" width="381"></div><div class="spacer battle-history"><br></div><div class="battle-history"><small>Welcome to Megas for All!</small><br></div><div class="battle-history"><small>This is a National Dex-based format where we aim to give a new Mega Evolution to every Pokémon.</small><br></div><div class="battle-history"><small>Just like any official format, you can still only Mega Evolve one Pokémon per team!</small><br></div><div class="battle-history"><small>You can find our thread and metagame resources here:</small><br></div><div class="battle-history"><small>https://www.smogon.com/forums/threads/3671140/</small><br></div><div class="chat battle-history"><strong>ThatTheDamned's team:</strong> <em style="color:#445566;display:block;">Exploud / Zapdos-Galar / Heatran / Tangrowth / Tapu Fini / Swampert</em></div><div class="chat battle-history"><strong>Parcos's team:</strong> <em style="color:#445566;display:block;">Toxtricity-Low-Key / Buzzwole / Tapu Bulu / Cursola / Comfey / Volcanion</em></div><div class="chat chatmessage-parcos"><strong style="color:#9c0fc2"><small>☆</small><span class="username" data-name="Parcos">Parcos</span>:</strong> <em>gl hf</em></div><div class="chat"><small>+inkbug1 joined</small></div><div class="chat chatmessage-thatthedamned"><strong style="color:#ae6012"><small>☆</small><span class="username" data-name="ThatTheDamned">ThatTheDamned</span>:</strong> <em>Oh no. Buzzwole.</em></div><div class="chat chatmessage-thatthedamned"><strong style="color:#ae6012"><small>☆</small><span class="username" data-name="ThatTheDamned">ThatTheDamned</span>:</strong> <em>You too.</em></div><div class="chat chatmessage-parcos"><strong style="color:#9c0fc2"><small>☆</small><span class="username" data-name="Parcos">Parcos</span>:</strong> <em>&gt;.&gt;</em></div><div class="chat chatmessage-parcos"><strong style="color:#9c0fc2"><small>☆</small><span class="username" data-name="Parcos">Parcos</span>:</strong> <em>ty</em></div><div class="spacer battle-history"><br></div><div class="battle-history">Battle started between ThatTheDamned and Parcos!<br></div><div class="spacer battle-history"><br></div><div class="battle-history">Go! <strong>Exploud</strong>!<br></div><div class="spacer battle-history"><br></div><div class="battle-history">Parcos sent out <strong>Tapu Bulu</strong>!<br></div><div class="battle-history">[The opposing Tapu Bulu's Grassy Surge]<br><small>Grass grew to cover the battlefield!</small><br></div><div class="spacer battle-history"><br></div><h2 class="battle-history">Turn 1</h2><div class="chat"><small> exploziff joined</small></div><div class="spacer battle-history"><br></div><div class="battle-history">Exploud, come back!<br></div><div class="battle-history">Go! <strong>Tangrowth</strong>!<br></div><div class="spacer battle-history"><br></div><div class="battle-history">The opposing Tapu Bulu used <strong>Darkest Lariat</strong>!<br></div><div class="battle-history"><small>(Tangrowth lost 24% of its health!)</small><br></div><div class="battle-history"><small>The opposing Tapu Bulu was hurt by the Rocky Helmet!</small><br></div><div class="spacer battle-history"><br></div><div class="battle-history"><small>The opposing Tapu Bulu's HP was restored.</small><br></div><div class="battle-history"><small>Tangrowth's HP was restored.</small><br></div><div class="spacer battle-history"><br></div><h2 class="battle-history">Turn 2</h2><div class="spacer battle-history"><br></div><div class="battle-history">Parcos withdrew Tapu Bulu!<br></div><div class="battle-history">Parcos sent out Toxtricity (<strong>Toxtricity-Low-Key</strong>)!<br></div><div class="spacer battle-history"><br></div><div class="battle-history">Tangrowth used <strong>Giga Drain</strong>!<br></div><div class="battle-history"><small>It's not very effective...</small><br></div><div class="battle-history"><small>(The opposing Toxtricity lost 15% of its health!)</small><br></div><div class="battle-history"><small>The opposing Toxtricity had its energy drained!</small><br></div><div class="spacer battle-history"><br></div><div class="battle-history"><small>The opposing Toxtricity's HP was restored.</small><br></div><div class="battle-history"><small>Tangrowth's HP was restored.</small><br></div><div class="spacer battle-history"><br></div><h2 class="battle-history">Turn 3</h2><div class="spacer battle-history"><br></div><div class="battle-history">Tangrowth, come back!<br></div><div class="battle-history">Go! <strong>Heatran</strong>!<br></div><div class="spacer battle-history"><br></div><div class="battle-history"><small>The opposing Toxtricity's Toxtricitite is reacting to the Key Stone!</small><br>The opposing Toxtricity has Mega Evolved into Mega Toxtricity!<br></div><div class="battle-history">[The opposing Toxtricity's Acid Rock]<br></div><div class="battle-history"><small>It doesn't affect Heatran...</small><br></div><div class="chat"><ul class="utilichart"><li class="result"><span class="col pokemonnamecol" style="white-space: nowrap">Toxtricity-Low-Key-Mega</span> <span class="col typecol"><img src="https://play.pokemonshowdown.com/sprites/types/Electric.png" alt="Electric" height="14" width="32"><img src="https://play.pokemonshowdown.com/sprites/types/Poison.png" alt="Poison" height="14" width="32"></span> <span style="float: left ; min-height: 26px"><span class="col abilitycol">Acid Rock</span><span class="col abilitycol"></span></span><span style="float: left ; min-height: 26px"><span class="col statcol"><em>HP</em><br>75</span> <span class="col statcol"><em>Atk</em><br>98</span> <span class="col statcol"><em>Def</em><br>100</span> <span class="col statcol"><em>SpA</em><br>114</span> <span class="col statcol"><em>SpD</em><br>140</span> <span class="col statcol"><em>Spe</em><br>75</span> </span></li><li style="clear: both"></li></ul></div><div class="spacer battle-history"><br></div><div class="battle-history">The opposing Toxtricity used <strong>Hex</strong>!<br></div><div class="battle-history"><small>(Heatran lost 16% of its health!)</small><br></div><div class="spacer battle-history"><br></div><div class="battle-history"><small>Heatran restored a little HP using its Leftovers!</small><br></div><div class="battle-history"><small>Heatran's HP was restored.</small><br></div><div class="battle-history"><small>The opposing Toxtricity's HP was restored.</small><br></div><div class="spacer battle-history"><br></div><h2 class="battle-history">Turn 4</h2><div class="chat chatmessage-thatthedamned"><strong style="color:#ae6012"><small>☆</small><span class="username" data-name="ThatTheDamned">ThatTheDamned</span>:</strong> <em>"You kids and your rock music."</em></div><div class="spacer battle-history"><br></div><div class="battle-history">Parcos withdrew Toxtricity!<br></div><div class="battle-history">Parcos sent out <strong>Cursola</strong>!<br></div><div class="spacer battle-history"><br></div><div class="battle-history">Heatran used <strong>Earth Power</strong>!<br></div><div class="battle-history"><small>A critical hit!</small><br></div><div class="battle-history"><small>(The opposing Cursola lost 28% of its health!)</small><br></div><div class="spacer battle-history"><br></div><div class="battle-history"><small>Heatran restored a little HP using its Leftovers!</small><br></div><div class="battle-history"><small>The opposing Cursola's HP was restored.</small><br></div><div class="spacer battle-history"><br></div><h2 class="battle-history">Turn 5</h2><div class="chat chatmessage-parcos"><strong style="color:#9c0fc2"><small>☆</small><span class="username" data-name="Parcos">Parcos</span>:</strong> <em>lollll</em></div><div class="spacer battle-history"><br></div><div class="battle-history">Heatran, come back!<br></div><div class="battle-history">Go! <strong>Tapu Fini</strong>!<br></div><div class="battle-history">[Tapu Fini's Misty Surge]<br><small>Mist swirled around the battlefield!</small><br></div><div class="spacer battle-history"><br></div><div class="battle-history">The opposing Cursola used <strong>Shadow Ball</strong>!<br></div><div class="battle-history"><small>(Tapu Fini lost 36% of its health!)</small><br></div><div class="spacer battle-history"><br></div><div class="battle-history"><small>Tapu Fini restored a little HP using its Leftovers!</small><br></div><div class="spacer battle-history"><br></div><h2 class="battle-history">Turn 6</h2><div class="spacer battle-history"><br></div><div class="battle-history">Tapu Fini used <strong>Moonblast</strong>!<br></div><div class="battle-history"><small>(The opposing Cursola lost 18% of its health!)</small><br></div><div class="spacer battle-history"><br></div><div class="battle-history">The opposing Cursola used <strong>Giga Drain</strong>!<br></div><div class="battle-history"><small>It's super effective!</small><br></div><div class="battle-history"><small>(Tapu Fini lost 49% of its health!)</small><br></div><div class="battle-history"><small>Tapu Fini had its energy drained!</small><br></div><div class="spacer battle-history"><br></div><div class="battle-history"><small>Tapu Fini restored a little HP using its Leftovers!</small><br></div><div class="spacer battle-history"><br></div><h2 class="battle-history">Turn 7</h2><div class="spacer battle-history"><br></div><div class="battle-history">Tapu Fini, come back!<br></div><div class="battle-history">Go! <strong>Exploud</strong>!<br></div><div class="spacer battle-history"><br></div><div class="battle-history">The opposing Cursola used <strong>Shadow Ball</strong>!<br></div><div class="battle-history"><small>It doesn't affect Exploud...</small><br></div><div class="spacer battle-history"><br></div><h2 class="battle-history">Turn 8</h2><div class="chat chatmessage-parcos"><strong style="color:#9c0fc2"><small>☆</small><span class="username" data-name="Parcos">Parcos</span>:</strong> <em>btw, does punk rock affect soundproof</em></div><div class="chat chatmessage-thatthedamned"><strong style="color:#ae6012"><small>☆</small><span class="username" data-name="ThatTheDamned">ThatTheDamned</span>:</strong> <em>No.</em></div><div class="chat chatmessage-parcos"><strong style="color:#9c0fc2"><small>☆</small><span class="username" data-name="Parcos">Parcos</span>:</strong> <em>acid rock**</em></div><div class="spacer battle-history"><br></div><div class="battle-history"><small>Exploud's Exploudite is reacting to the Key Stone!</small><br>Exploud has Mega Evolved into Mega Exploud!<br></div><div class="chat"><ul class="utilichart"><li class="result"><span class="col pokemonnamecol" style="white-space: nowrap">Exploud-Mega</span> <span class="col typecol"><img src="https://play.pokemonshowdown.com/sprites/types/Normal.png" alt="Normal" height="14" width="32"><img src="https://play.pokemonshowdown.com/sprites/types/Dragon.png" alt="Dragon" height="14" width="32"></span> <span style="float: left ; min-height: 26px"><span class="col abilitycol">Seismic Scream</span><span class="col abilitycol"></span></span><span style="float: left ; min-height: 26px"><span class="col statcol"><em>HP</em><br>104</span> <span class="col statcol"><em>Atk</em><br>101</span> <span class="col statcol"><em>Def</em><br>73</span> <span class="col statcol"><em>SpA</em><br>101</span> <span class="col statcol"><em>SpD</em><br>113</span> <span class="col statcol"><em>Spe</em><br>98</span> </span></li><li style="clear: both"></li></ul></div><div class="spacer battle-history"><br></div><div class="battle-history">Exploud used <strong>Screech</strong>!<br></div><div class="battle-history"><small>The opposing Cursola's Defense fell harshly!</small><br></div><div class="spacer battle-history"><br></div><div class="battle-history">[Exploud's Seismic Scream]<br>Exploud used <strong>Earthquake</strong>!<br></div><div class="battle-history"><small>(The opposing Cursola lost 52% of its health!)</small><br></div><div class="spacer battle-history"><br></div><div class="battle-history">The opposing Cursola used <strong>Ice Beam</strong>!<br></div><div class="battle-history"><small>It's super effective!</small><br></div><div class="battle-history"><small>(Exploud lost 64% of its health!)</small><br></div><div class="spacer battle-history"><br></div><h2 class="battle-history">Turn 9</h2><div class="chat chatmessage-thatthedamned"><strong style="color:#ae6012"><small>☆</small><span class="username" data-name="ThatTheDamned">ThatTheDamned</span>:</strong> <em>Or, at least, it's not supposed to.</em></div><div class="spacer battle-history"><br></div><div class="battle-history">Parcos withdrew Cursola!<br></div><div class="battle-history">Parcos sent out <strong>Tapu Bulu</strong>!<br></div><div class="battle-history">[The opposing Tapu Bulu's Grassy Surge]<br><small>Grass grew to cover the battlefield!</small><br></div><div class="spacer battle-history"><br></div><div class="battle-history">Exploud used <strong>Screech</strong>!<br></div><div class="battle-history"><small>The opposing Tapu Bulu avoided the attack!</small><br></div><div class="spacer battle-history"><br></div><div class="battle-history"><small>Exploud's HP was restored.</small><br></div><div class="battle-history"><small>The opposing Tapu Bulu's HP was restored.</small><br></div><div class="spacer battle-history"><br></div><h2 class="battle-history">Turn 10</h2><div class="chat chatmessage-parcos"><strong style="color:#9c0fc2"><small>☆</small><span class="username" data-name="Parcos">Parcos</span>:</strong> <em>i see</em></div><div class="chat chatmessage-parcos"><strong style="color:#9c0fc2"><small>☆</small><span class="username" data-name="Parcos">Parcos</span>:</strong> <em>this miss tho</em></div><div class="chat chatmessage-thatthedamned"><strong style="color:#ae6012"><small>☆</small><span class="username" data-name="ThatTheDamned">ThatTheDamned</span>:</strong> <em>It's funny that Screech can miss. It actually has far worse accuracy than I remember.</em></div><div class="chat chatmessage-parcos"><strong style="color:#9c0fc2"><small>☆</small><span class="username" data-name="Parcos">Parcos</span>:</strong> <em>i sometimes forget status moves aside from toxic/wow/twave miss lol</em></div><div class="chat chatmessage-parcos"><strong style="color:#9c0fc2"><small>☆</small><span class="username" data-name="Parcos">Parcos</span>:</strong> <em>i think its 85?</em></div><div class="chat chatmessage-thatthedamned"><strong style="color:#ae6012"><small>☆</small><span class="username" data-name="ThatTheDamned">ThatTheDamned</span>:</strong> <em>Yeah. 85%.</em></div><div class="spacer battle-history"><br></div><div class="battle-history">Exploud, come back!<br></div><div class="battle-history">Go! <strong>Tangrowth</strong>!<br></div><div class="spacer battle-history"><br></div><div class="battle-history">The opposing Tapu Bulu used <strong>High Horsepower</strong>!<br></div><div class="battle-history"><small>It's not very effective...</small><br></div><div class="battle-history"><small>(Tangrowth lost 13% of its health!)</small><br></div><div class="battle-history"><small>The opposing Tapu Bulu was hurt by the Rocky Helmet!</small><br></div><div class="spacer battle-history"><br></div><div class="battle-history"><small>The opposing Tapu Bulu's HP was restored.</small><br></div><div class="battle-history"><small>Tangrowth's HP was restored.</small><br></div><div class="spacer battle-history"><br></div><h2 class="battle-history">Turn 11</h2><div class="chat chatmessage-parcos"><strong style="color:#9c0fc2"><small>☆</small><span class="username" data-name="Parcos">Parcos</span>:</strong> <em>oof</em></div><div class="chat chatmessage-parcos"><strong style="color:#9c0fc2"><small>☆</small><span class="username" data-name="Parcos">Parcos</span>:</strong> <em>im... not sure why i remember that tbh</em></div><div class="spacer battle-history"><br></div><div class="battle-history">Parcos withdrew Tapu Bulu!<br></div><div class="battle-history">Parcos sent out Toxtricity (<strong>Toxtricity-Low-Key-Mega</strong>)!<br></div><div class="battle-history">[The opposing Toxtricity's Acid Rock]<br><small>Tangrowth was poisoned!</small><br></div><div class="spacer battle-history"><br></div><div class="battle-history">Tangrowth, come back!<br></div><div class="battle-history">Go! <strong>Heatran</strong>!<br></div><div class="spacer battle-history"><br></div><div class="battle-history"><small>The opposing Toxtricity's HP was restored.</small><br></div><div class="spacer battle-history"><br></div><h2 class="battle-history">Turn 12</h2><div class="chat chatmessage-thatthedamned"><strong style="color:#ae6012"><small>☆</small><span class="username" data-name="ThatTheDamned">ThatTheDamned</span>:</strong> <em>Damn. It didn't get to switch first.</em></div><div class="spacer battle-history"><br></div><div class="battle-history">Heatran used <strong>Magma Storm</strong>!<br></div><div class="battle-history"><small>(The opposing Toxtricity lost 27% of its health!)</small><br></div><div class="battle-history"><small>The opposing Toxtricity became trapped by swirling magma!</small><br></div><div class="spacer battle-history"><br></div><div class="battle-history">The opposing Toxtricity used <strong>Volt Switch</strong>!<br></div><div class="battle-history"><small>(Heatran lost 26% of its health!)</small><br></div><div class="chat chatmessage-parcos"><strong style="color:#9c0fc2"><small>☆</small><span class="username" data-name="Parcos">Parcos</span>:</strong> <em>oh i think i was faster</em></div><div class="spacer battle-history"><br></div><div class="battle-history">The opposing Toxtricity went back to Parcos!<br></div><div class="battle-history">Parcos sent out <strong>Volcanion</strong>!<br></div><div class="spacer battle-history"><br></div><div class="battle-history"><small>Heatran restored a little HP using its Leftovers!</small><br></div><div class="battle-history"><small>Heatran's HP was restored.</small><br></div><div class="spacer battle-history"><br></div><h2 class="battle-history">Turn 13</h2><div class="spacer battle-history"><br></div><div class="battle-history">Heatran, come back!<br></div><div class="battle-history">Go! <strong>Tapu Fini</strong>!<br></div><div class="battle-history">[Tapu Fini's Misty Surge]<br><small>Mist swirled around the battlefield!</small><br></div><div class="spacer battle-history"><br></div><div class="battle-history">The opposing Volcanion used <strong>Scorching Sands</strong>!<br></div><div class="battle-history"><small>(Tapu Fini lost 21% of its health!)</small><br></div><div class="spacer battle-history"><br></div><div class="battle-history"><small>Tapu Fini restored a little HP using its Leftovers!</small><br></div><div class="spacer battle-history"><br></div><h2 class="battle-history">Turn 14</h2><div class="spacer battle-history"><br></div><div class="battle-history">Tapu Fini used <strong>Moonblast</strong>!<br></div><div class="battle-history"><small>It's not very effective...</small><br></div><div class="battle-history"><small>(The opposing Volcanion lost 14% of its health!)</small><br></div><div class="spacer battle-history"><br></div><div class="battle-history">The opposing Volcanion used <strong>Scorching Sands</strong>!<br></div><div class="battle-history"><small>(Tapu Fini lost 12% of its health!)</small><br></div><div class="spacer battle-history"><br></div><div class="battle-history">Tapu Fini fainted!<br></div><div class="spacer battle-history"><br></div><div class="battle-history">Go! Zapdos (<strong>Zapdos-Galar</strong>)!<br></div><div class="spacer battle-history"><br></div><h2 class="battle-history">Turn 15</h2><div class="spacer battle-history"><br></div><div class="battle-history">Zapdos used <strong>U-turn</strong>!<br></div><div class="battle-history"><small>It's not very effective...</small><br></div><div class="battle-history"><small>(The opposing Volcanion lost 10% of its health!)</small><br></div><div class="spacer battle-history"><br></div><div class="battle-history">Zapdos went back to ThatTheDamned!<br></div><div class="battle-history">Go! <strong>Tangrowth</strong>!<br></div><div class="spacer battle-history"><br></div><div class="battle-history">The opposing Volcanion used <strong>Steam Eruption</strong>!<br></div><div class="battle-history"><small>It's not very effective...</small><br></div><div class="battle-history"><small>(Tangrowth lost 47% of its health!)</small><br></div><div class="spacer battle-history"><br></div><div class="battle-history"><small>Tangrowth was hurt by poison!</small><br></div><div class="spacer battle-history"><br></div><h2 class="battle-history">Turn 16</h2><div class="chat chatmessage-parcos"><strong style="color:#9c0fc2"><small>☆</small><span class="username" data-name="Parcos">Parcos</span>:</strong> <em>oof</em></div><div class="chat chatmessage-parcos"><strong style="color:#9c0fc2"><small>☆</small><span class="username" data-name="Parcos">Parcos</span>:</strong> <em>47 for nve</em></div><div class="spacer battle-history"><br></div><div class="battle-history">Tangrowth, come back!<br></div><div class="battle-history">Go! <strong>Swampert</strong>!<br></div><div class="spacer battle-history"><br></div><div class="battle-history">The opposing Volcanion used <strong>Fire Blast</strong>!<br></div><div class="battle-history"><small>It's not very effective...</small><br></div><div class="battle-history"><small>(Swampert lost 20% of its health!)</small><br></div><div class="spacer battle-history"><br></div><div class="battle-history"><small>Swampert restored a little HP using its Leftovers!</small><br></div><div class="spacer battle-history"><br></div><h2 class="battle-history">Turn 17</h2><div class="chat chatmessage-thatthedamned"><strong style="color:#ae6012"><small>☆</small><span class="username" data-name="ThatTheDamned">ThatTheDamned</span>:</strong> <em>Yeah, not great.</em></div><div class="chat chatmessage-parcos"><strong style="color:#9c0fc2"><small>☆</small><span class="username" data-name="Parcos">Parcos</span>:</strong> <em>its not vest?</em></div><div class="spacer battle-history"><br></div><div class="battle-history">Parcos withdrew Volcanion!<br></div><div class="battle-history">Parcos sent out <strong>Tapu Bulu</strong>!<br></div><div class="battle-history">[The opposing Tapu Bulu's Grassy Surge]<br><small>Grass grew to cover the battlefield!</small><br></div><div class="spacer battle-history"><br></div><div class="battle-history">Swampert used <strong>Stealth Rock</strong>!<br></div><div class="battle-history"><small>Pointed stones float in the air around the opposing team!</small><br></div><div class="spacer battle-history"><br></div><div class="battle-history"><small>The opposing Tapu Bulu's HP was restored.</small><br></div><div class="battle-history"><small>Swampert restored a little HP using its Leftovers!</small><br></div><div class="battle-history"><small>Swampert's HP was restored.</small><br></div><div class="spacer battle-history"><br></div><h2 class="battle-history">Turn 18</h2><div class="chat chatmessage-parcos"><strong style="color:#9c0fc2"><small>☆</small><span class="username" data-name="Parcos">Parcos</span>:</strong> <em>oh helmet</em></div><div class="chat chatmessage-thatthedamned"><strong style="color:#ae6012"><small>☆</small><span class="username" data-name="ThatTheDamned">ThatTheDamned</span>:</strong> <em>Yeah.</em></div><div class="spacer battle-history"><br></div><div class="battle-history">Parcos withdrew Tapu Bulu!<br></div><div class="battle-history">Parcos sent out <strong>Volcanion</strong>!<br></div><div class="spacer battle-history"><br></div><div class="battle-history">Swampert, come back!<br></div><div class="battle-history">Go! <strong>Tangrowth</strong>!<br></div><div class="spacer battle-history"><br></div><div class="battle-history"><small>The opposing Volcanion's HP was restored.</small><br></div><div class="battle-history"><small>Tangrowth's HP was restored.</small><br></div><div class="battle-history"><small>Tangrowth was hurt by poison!</small><br></div><div class="spacer battle-history"><br></div><h2 class="battle-history">Turn 19</h2><div class="spacer battle-history"><br></div><div class="battle-history">Tangrowth, come back!<br></div><div class="battle-history">Go! <strong>Swampert</strong>!<br></div><div class="spacer battle-history"><br></div><div class="battle-history">The opposing Volcanion used <strong>Defog</strong>!<br></div><div class="battle-history"><small>Swampert's evasiveness fell!</small><br></div><div class="battle-history"><small>The pointed stones disappeared from around the opposing team!</small><br></div><div class="battle-history"><small>The grass disappeared from the battlefield.</small><br></div><div class="spacer battle-history"><br></div><div class="battle-history"><small>Swampert restored a little HP using its Leftovers!</small><br></div><div class="spacer battle-history"><br></div><h2 class="battle-history">Turn 20</h2><div class="chat chatmessage-thatthedamned"><strong style="color:#ae6012"><small>☆</small><span class="username" data-name="ThatTheDamned">ThatTheDamned</span>:</strong> <em>Oh, right. That has Defog.</em></div><div class="chat chatmessage-parcos"><strong style="color:#9c0fc2"><small>☆</small><span class="username" data-name="Parcos">Parcos</span>:</strong> <em>yeah lol</em></div><div class="spacer battle-history"><br></div><div class="battle-history">The opposing Volcanion used <strong>Steam Eruption</strong>!<br></div><div class="battle-history"><small>(Swampert lost 42% of its health!)</small><br></div><div class="battle-history"><small>Swampert was burned!</small><br></div><div class="spacer battle-history"><br></div><div class="battle-history">Swampert used <strong>Stealth Rock</strong>!<br></div><div class="battle-history"><small>Pointed stones float in the air around the opposing team!</small><br></div><div class="spacer battle-history"><br></div><div class="battle-history"><small>Swampert restored a little HP using its Leftovers!</small><br></div><div class="battle-history"><small>Swampert was hurt by its burn!</small><br></div><div class="spacer battle-history"><br></div><h2 class="battle-history">Turn 21</h2><div class="chat chatmessage-thatthedamned"><strong style="color:#ae6012"><small>☆</small><span class="username" data-name="ThatTheDamned">ThatTheDamned</span>:</strong> <em>Well, rip.</em></div><div class="chat chatmessage-parcos"><strong style="color:#9c0fc2"><small>☆</small><span class="username" data-name="Parcos">Parcos</span>:</strong> <em>tbh i think it kinda makes sense?</em></div><div class="chat chatmessage-parcos"><strong style="color:#9c0fc2"><small>☆</small><span class="username" data-name="Parcos">Parcos</span>:</strong> <em>oof</em></div><div class="chat chatmessage-parcos"><strong style="color:#9c0fc2"><small>☆</small><span class="username" data-name="Parcos">Parcos</span>:</strong> <em>now IM getting too lucky</em></div><div class="chat chatmessage-parcos"><strong style="color:#9c0fc2"><small>☆</small><span class="username" data-name="Parcos">Parcos</span>:</strong> <em>sorry bout that buddy</em></div><div class="chat chatmessage-thatthedamned"><strong style="color:#ae6012"><small>☆</small><span class="username" data-name="ThatTheDamned">ThatTheDamned</span>:</strong> <em>Yeah, Defog makes sense. It just never sees use.</em></div><div class="spacer battle-history"><br></div><div class="battle-history">Parcos withdrew Volcanion!<br></div><div class="battle-history">Parcos sent out <strong>Tapu Bulu</strong>!<br></div><div class="battle-history"><small>Pointed stones dug into the opposing Tapu Bulu!</small><br></div><div class="battle-history">[The opposing Tapu Bulu's Grassy Surge]<br><small>Grass grew to cover the battlefield!</small><br></div><div class="spacer battle-history"><br></div><div class="battle-history">Swampert used <strong>Earthquake</strong>!<br></div><div class="battle-history"><small>It's not very effective...</small><br></div><div class="battle-history"><small>(The opposing Tapu Bulu lost 4% of its health!)</small><br></div><div class="spacer battle-history"><br></div><div class="battle-history"><small>The opposing Tapu Bulu's HP was restored.</small><br></div><div class="battle-history"><small>Swampert restored a little HP using its Leftovers!</small><br></div><div class="battle-history"><small>Swampert's HP was restored.</small><br></div><div class="battle-history"><small>Swampert was hurt by its burn!</small><br></div><div class="spacer battle-history"><br></div><h2 class="battle-history">Turn 22</h2><div class="chat chatmessage-thatthedamned"><strong style="color:#ae6012"><small>☆</small><span class="username" data-name="ThatTheDamned">ThatTheDamned</span>:</strong> <em>It's fine.</em></div><div class="spacer battle-history"><br></div><div class="battle-history">Swampert, come back!<br></div><div class="battle-history">Go! <strong>Tangrowth</strong>!<br></div><div class="spacer battle-history"><br></div><div class="battle-history">The opposing Tapu Bulu used <strong>Darkest Lariat</strong>!<br></div><div class="battle-history"><small>(Tangrowth lost 25% of its health!)</small><br></div><div class="battle-history"><small>The opposing Tapu Bulu was hurt by the Rocky Helmet!</small><br></div><div class="spacer battle-history"><br></div><div class="battle-history"><small>The opposing Tapu Bulu's HP was restored.</small><br></div><div class="battle-history"><small>Tangrowth's HP was restored.</small><br></div><div class="battle-history"><small>Tangrowth was hurt by poison!</small><br></div><div class="spacer battle-history"><br></div><h2 class="battle-history">Turn 23</h2><div class="chat chatmessage-parcos"><strong style="color:#9c0fc2"><small>☆</small><span class="username" data-name="Parcos">Parcos</span>:</strong> <em>i personally like defog on it, it has some natural bulk</em></div><div class="chat chatmessage-thatthedamned"><strong style="color:#ae6012"><small>☆</small><span class="username" data-name="ThatTheDamned">ThatTheDamned</span>:</strong> <em>Yeah.</em></div><div class="spacer battle-history"><br></div><div class="battle-history">The opposing Tapu Bulu used <strong>Darkest Lariat</strong>!<br></div><div class="battle-history"><small>(Tangrowth lost 26% of its health!)</small><br></div><div class="battle-history"><small>The opposing Tapu Bulu was hurt by the Rocky Helmet!</small><br></div><div class="spacer battle-history"><br></div><div class="battle-history">Tangrowth used <strong>Sludge Bomb</strong>!<br></div><div class="battle-history"><small>It's super effective!</small><br></div><div class="battle-history"><small>(The opposing Tapu Bulu lost 55% of its health!)</small><br></div><div class="spacer battle-history"><br></div><div class="battle-history">The opposing Tapu Bulu fainted!<br></div><div class="spacer battle-history"><br></div><div class="battle-history"><small>Tangrowth's HP was restored.</small><br></div><div class="battle-history"><small>Tangrowth was hurt by poison!</small><br></div><div class="spacer battle-history"><br></div><div class="battle-history">Parcos sent out <strong>Volcanion</strong>!<br></div><div class="spacer battle-history"><br></div><h2 class="battle-history">Turn 24</h2><div class="spacer battle-history"><br></div><div class="battle-history">The opposing Volcanion used <strong>Steam Eruption</strong>!<br></div><div class="battle-history"><small>It's not very effective...</small><br></div><div class="battle-history"><small>(Tangrowth lost 37% of its health!)</small><br></div><div class="spacer battle-history"><br></div><div class="battle-history">Tangrowth fainted!<br></div><div class="spacer battle-history"><br></div><div class="battle-history"><small>The opposing Volcanion's HP was restored.</small><br></div><div class="spacer battle-history"><br></div><div class="battle-history">Go! Exploud (<strong>Exploud-Mega</strong>)!<br></div><div class="spacer battle-history"><br></div><h2 class="battle-history">Turn 25</h2><div class="spacer battle-history"><br></div><div class="battle-history">Exploud used <strong>Boomburst</strong>!<br></div><div class="battle-history"><small>(The opposing Volcanion lost 64% of its health!)</small><br></div><div class="spacer battle-history"><br></div><div class="battle-history">[Exploud's Seismic Scream]<br>Exploud used <strong>Earthquake</strong>!<br></div><div class="battle-history"><small>It's super effective!</small><br></div><div class="battle-history"><small>(The opposing Volcanion lost 18% of its health!)</small><br></div><div class="spacer battle-history"><br></div><div class="battle-history">The opposing Volcanion used <strong>Defog</strong>!<br></div><div class="battle-history"><small>Exploud's evasiveness fell!</small><br></div><div class="battle-history"><small>The pointed stones disappeared from around the opposing team!</small><br></div><div class="battle-history"><small>The grass disappeared from the battlefield.</small><br></div><div class="spacer battle-history"><br></div><h2 class="battle-history">Turn 26</h2><div class="spacer battle-history"><br></div><div class="battle-history">Exploud used <strong>Clanging Scales</strong>!<br></div><div class="battle-history"><small>(The opposing Volcanion lost 6% of its health!)</small><br></div><div class="battle-history"><small>Exploud's Defense fell!</small><br></div><div class="spacer battle-history"><br></div><div class="battle-history">The opposing Volcanion fainted!<br></div><div class="chat chatmessage-parcos"><strong style="color:#9c0fc2"><small>☆</small><span class="username" data-name="Parcos">Parcos</span>:</strong> <em>i</em></div><div class="chat chatmessage-thatthedamned"><strong style="color:#ae6012"><small>☆</small><span class="username" data-name="ThatTheDamned">ThatTheDamned</span>:</strong> <em>?</em></div><div class="chat chatmessage-parcos"><strong style="color:#9c0fc2"><small>☆</small><span class="username" data-name="Parcos">Parcos</span>:</strong> <em>keep seeing that and thinking its scale shot</em></div><div class="chat chatmessage-thatthedamned"><strong style="color:#ae6012"><small>☆</small><span class="username" data-name="ThatTheDamned">ThatTheDamned</span>:</strong> <em>Ah.</em></div><div class="chat chatmessage-parcos"><strong style="color:#9c0fc2"><small>☆</small><span class="username" data-name="Parcos">Parcos</span>:</strong> <em>i was like why didnt the speed raise</em></div><div class="spacer battle-history"><br></div><div class="battle-history">Parcos sent out <strong>Comfey</strong>!<br></div><div class="spacer battle-history"><br></div><h2 class="battle-history">Turn 27</h2><div class="chat chatmessage-thatthedamned"><strong style="color:#ae6012"><small>☆</small><span class="username" data-name="ThatTheDamned">ThatTheDamned</span>:</strong> <em>Yeah, they use the same generic animation on here.</em></div><div class="chat chatmessage-parcos"><strong style="color:#9c0fc2"><small>☆</small><span class="username" data-name="Parcos">Parcos</span>:</strong> <em>yea</em></div><div class="chat chatmessage-thatthedamned"><strong style="color:#ae6012"><small>☆</small><span class="username" data-name="ThatTheDamned">ThatTheDamned</span>:</strong> <em>Not sure if they differ in-game.</em></div><div class="spacer battle-history"><br></div><div class="battle-history">Exploud, come back!<br></div><div class="battle-history">Go! <strong>Heatran</strong>!<br></div><div class="spacer battle-history"><br></div><div class="battle-history">The opposing Comfey used <strong>Calm Mind</strong>!<br></div><div class="battle-history"><small>The opposing Comfey's Sp. Atk rose!</small><br></div><div class="battle-history"><small>The opposing Comfey's Sp. Def rose!</small><br></div><div class="spacer battle-history"><br></div><div class="battle-history"><small>Heatran restored a little HP using its Leftovers!</small><br></div><div class="spacer battle-history"><br></div><h2 class="battle-history">Turn 28</h2><div class="spacer battle-history"><br></div><div class="battle-history">Heatran used <strong>Taunt</strong>!<br></div><div class="battle-history"><small>The opposing Comfey fell for the taunt!</small><br></div><div class="spacer battle-history"><br></div><div class="battle-history">The opposing Comfey can't use Leech Seed after the taunt!<br></div><div class="spacer battle-history"><br></div><div class="battle-history"><small>Heatran restored a little HP using its Leftovers!</small><br></div><div class="spacer battle-history"><br></div><h2 class="battle-history">Turn 29</h2><div class="spacer battle-history"><br></div><div class="battle-history">Parcos withdrew Comfey!<br></div><div class="battle-history">Parcos sent out <strong>Cursola</strong>!<br></div><div class="spacer battle-history"><br></div><div class="battle-history">Heatran used <strong>Magma Storm</strong>!<br></div><div class="battle-history"><small>A critical hit!</small><br></div><div class="battle-history"><small>(The opposing Cursola lost 40% of its health!)</small><br></div><div class="spacer battle-history"><br></div><div class="battle-history">The opposing Cursola fainted!<br></div><div class="spacer battle-history"><br></div><div class="battle-history"><small>Heatran restored a little HP using its Leftovers!</small><br></div><div class="chat chatmessage-parcos"><strong style="color:#9c0fc2"><small>☆</small><span class="username" data-name="Parcos">Parcos</span>:</strong> <em>good question tbh</em></div><div class="spacer battle-history"><br></div><div class="battle-history">Parcos sent out <strong>Buzzwole</strong>!<br></div><div class="spacer battle-history"><br></div><h2 class="battle-history">Turn 30</h2><div class="spacer battle-history"><br></div><div class="battle-history">Heatran, come back!<br></div><div class="battle-history">Go! <strong>Swampert</strong>!<br></div><div class="spacer battle-history"><br></div><div class="battle-history">The opposing Buzzwole used <strong>Earthquake</strong>!<br></div><div class="battle-history"><small>(Swampert lost 44% of its health!)</small><br></div><div class="battle-history"><small>The opposing Buzzwole lost some of its HP!</small><br></div><div class="spacer battle-history"><br></div><div class="battle-history"><small>Swampert restored a little HP using its Leftovers!</small><br></div><div class="battle-history"><small>Swampert was hurt by its burn!</small><br></div><div class="spacer battle-history"><br></div><h2 class="battle-history">Turn 31</h2><div class="chat chatmessage-parcos"><strong style="color:#9c0fc2"><small>☆</small><span class="username" data-name="Parcos">Parcos</span>:</strong> <em>woah buzzwole is... wide on this server lol</em></div><div class="chat chatmessage-thatthedamned"><strong style="color:#ae6012"><small>☆</small><span class="username" data-name="ThatTheDamned">ThatTheDamned</span>:</strong> <em>Yeah, that sprite is pretty fat.</em></div><div class="spacer battle-history"><br></div><div class="battle-history">The opposing Buzzwole used <strong>Fell Stinger</strong>!<br></div><div class="battle-history"><small>(Swampert lost 20% of its health!)</small><br></div><div class="battle-history"><small>The opposing Buzzwole's Attack rose drastically!</small><br></div><div class="battle-history"><small>The opposing Buzzwole lost some of its HP!</small><br></div><div class="spacer battle-history"><br></div><div class="battle-history">Swampert fainted!<br></div><div class="battle-history">[The opposing Buzzwole's Beast Boost]<br></div><div class="battle-history"><small>The opposing Buzzwole's Defense rose!</small><br></div><div class="spacer battle-history"><br></div><div class="battle-history">Go! Zapdos (<strong>Zapdos-Galar</strong>)!<br></div><div class="spacer battle-history"><br></div><h2 class="battle-history">Turn 32</h2><div class="spacer battle-history"><br></div><div class="battle-history">Zapdos used <strong>Brave Bird</strong>!<br></div><div class="battle-history"><small>It's super effective!</small><br></div><div class="battle-history"><small>(The opposing Buzzwole lost 81% of its health!)</small><br></div><div class="battle-history"><small>Zapdos was damaged by the recoil!</small><br></div><div class="spacer battle-history"><br></div><div class="battle-history">The opposing Buzzwole fainted!<br></div><div class="spacer battle-history"><br></div><div class="battle-history">Parcos sent out <strong>Comfey</strong>!<br></div><div class="spacer battle-history"><br></div><h2 class="battle-history">Turn 33</h2><div class="spacer battle-history"><br></div><div class="battle-history">Zapdos, come back!<br></div><div class="battle-history">Go! <strong>Heatran</strong>!<br></div><div class="spacer battle-history"><br></div><div class="battle-history">The opposing Comfey used <strong>Leech Seed</strong>!<br></div><div class="battle-history"><small>Heatran was seeded!</small><br></div><div class="spacer battle-history"><br></div><div class="battle-history"><small>Heatran's health is sapped by Leech Seed!</small><br></div><div class="spacer battle-history"><br></div><h2 class="battle-history">Turn 34</h2><div class="spacer battle-history"><br></div><div class="battle-history">Heatran used <strong>Flash Cannon</strong>!<br></div><div class="battle-history"><small>It's super effective!</small><br></div><div class="battle-history"><small>(The opposing Comfey lost 90% of its health!)</small><br></div><div class="spacer battle-history"><br></div><div class="battle-history">The opposing Comfey used <strong>Calm Mind</strong>!<br></div><div class="battle-history"><small>The opposing Comfey's Sp. Atk rose!</small><br></div><div class="battle-history"><small>The opposing Comfey's Sp. Def rose!</small><br></div><div class="spacer battle-history"><br></div><div class="battle-history"><small>Heatran restored a little HP using its Leftovers!</small><br></div><div class="battle-history"><small>Heatran's health is sapped by Leech Seed!</small><br></div><div class="spacer battle-history"><br></div><h2 class="battle-history">Turn 35</h2><div class="spacer battle-history"><br></div><div class="battle-history">Parcos withdrew Comfey!<br></div><div class="battle-history">Parcos sent out Toxtricity (<strong>Toxtricity-Low-Key-Mega</strong>)!<br></div><div class="battle-history">[The opposing Toxtricity's Acid Rock]<br></div><div class="battle-history"><small>It doesn't affect Heatran...</small><br></div><div class="spacer battle-history"><br></div><div class="battle-history">Heatran used <strong>Flash Cannon</strong>!<br></div><div class="battle-history"><small>It's not very effective...</small><br></div><div class="battle-history"><small>(The opposing Toxtricity lost 11% of its health!)</small><br></div><div class="spacer battle-history"><br></div><div class="battle-history"><small>Heatran restored a little HP using its Leftovers!</small><br></div><div class="battle-history"><small>Heatran's health is sapped by Leech Seed!</small><br></div><div class="spacer battle-history"><br></div><h2 class="battle-history">Turn 36</h2><div class="spacer battle-history"><br></div><div class="battle-history">Heatran, come back!<br></div><div class="battle-history">Go! Exploud (<strong>Exploud-Mega</strong>)!<br></div><div class="spacer battle-history"><br></div><div class="battle-history">The opposing Toxtricity used <strong>Hex</strong>!<br></div><div class="battle-history"><small>It doesn't affect Exploud...</small><br></div><div class="spacer battle-history"><br></div><h2 class="battle-history">Turn 37</h2><div class="spacer battle-history"><br></div><div class="battle-history">Exploud used <strong>Screech</strong>!<br></div><div class="battle-history"><small>The opposing Toxtricity's Defense fell harshly!</small><br></div><div class="spacer battle-history"><br></div><div class="battle-history">[Exploud's Seismic Scream]<br>Exploud used <strong>Earthquake</strong>!<br></div><div class="battle-history"><small>It's super effective!</small><br></div><div class="battle-history"><small>(The opposing Toxtricity lost 73% of its health!)</small><br></div><div class="spacer battle-history"><br></div><div class="battle-history">The opposing Toxtricity fainted!<br></div><div class="spacer battle-history"><br></div><div class="battle-history">Parcos sent out <strong>Comfey</strong>!<br></div><div class="spacer battle-history"><br></div><h2 class="battle-history">Turn 38</h2><div class="chat chatmessage-parcos"><strong style="color:#9c0fc2"><small>☆</small><span class="username" data-name="Parcos">Parcos</span>:</strong> <em>ggs!</em></div><div class="spacer battle-history"><br></div><div class="battle-history">Exploud, come back!<br></div><div class="battle-history">Go! <strong>Heatran</strong>!<br></div><div class="spacer battle-history"><br></div><div class="battle-history">The opposing Comfey used <strong>Draining Kiss</strong>!<br></div><div class="battle-history"><small>It's not very effective...</small><br></div><div class="battle-history"><small>(Heatran lost 3% of its health!)</small><br></div><div class="battle-history"><small>Heatran had its energy drained!</small><br></div><div class="spacer battle-history"><br></div><div class="battle-history"><small>Heatran restored a little HP using its Leftovers!</small><br></div><div class="spacer battle-history"><br></div><h2 class="battle-history">Turn 39</h2><div class="chat chatmessage-parcos"><strong style="color:#9c0fc2"><small>☆</small><span class="username" data-name="Parcos">Parcos</span>:</strong> <em>well played buddy</em></div><div class="chat chatmessage-thatthedamned"><strong style="color:#ae6012"><small>☆</small><span class="username" data-name="ThatTheDamned">ThatTheDamned</span>:</strong> <em>gg, didn't think I would win that.</em></div><div class="spacer battle-history"><br></div><div class="battle-history">Heatran used <strong>Flash Cannon</strong>!<br></div><div class="battle-history"><small>It's super effective!</small><br></div><div class="battle-history"><small>(The opposing Comfey lost 31% of its health!)</small><br></div><div class="spacer battle-history"><br></div><div class="battle-history">The opposing Comfey fainted!<br></div><div class="spacer battle-history"><br></div><div class="battle-history"><strong>ThatTheDamned</strong> won the battle!<br></div><div class="chat chatmessage-parcos"><strong style="color:#9c0fc2"><small>☆</small><span class="username" data-name="Parcos">Parcos</span>:</strong> <em>i was p unsure </em></div><div class="chat chatmessage-thatthedamned"><strong style="color:#ae6012"><small>☆</small><span class="username" data-name="ThatTheDamned">ThatTheDamned</span>:</strong> <em>Well played on your end too.</em></div><div class="chat chatmessage-parcos"><strong style="color:#9c0fc2"><small>☆</small><span class="username" data-name="Parcos">Parcos</span>:</strong> <em>but when i got to 3 pokemon</em></div><div class="chat chatmessage-parcos"><strong style="color:#9c0fc2"><small>☆</small><span class="username" data-name="Parcos">Parcos</span>:</strong> <em>and heatran was still there i was scared</em></div><div class="chat chatmessage-parcos"><strong style="color:#9c0fc2"><small>☆</small><span class="username" data-name="Parcos">Parcos</span>:</strong> <em>ty</em></div><div class="chat chatmessage-parcos"><strong style="color:#9c0fc2"><small>☆</small><span class="username" data-name="Parcos">Parcos</span>:</strong> <em>you too</em></div><div class="chat chatmessage-thatthedamned"><strong style="color:#ae6012"><small>☆</small><span class="username" data-name="ThatTheDamned">ThatTheDamned</span>:</strong> <em>Thanks.</em></div><div class="chat chatmessage-parcos"><strong style="color:#9c0fc2"><small>☆</small><span class="username" data-name="Parcos">Parcos</span>:</strong> <em>gl on the rest of this</em></div><div class="chat chatmessage-thatthedamned"><strong style="color:#ae6012"><small>☆</small><span class="username" data-name="ThatTheDamned">ThatTheDamned</span>:</strong> <em>Also thanks.</em></div><div class="chat"><small>☆ThatTheDamned left</small></div></div><div class="inner-preempt message-log"></div></div></div>
</div>
<script>
let daily = Math.floor(Date.now()/1000/60/60/24);document.write('<script src="https://dragonheaven.herokuapp.com/js/replay-embed.js?version'+daily+'"></'+'script>');
</script>
