<!DOCTYPE html>
<meta charset="utf-8" />
<!-- version 1 -->
<title>[Gen 8] M4A VGC replay: ASnomPlaysShowdown vs. ViZarPKMN</title>
<style>
html,body {font-family:Verdana, sans-serif;font-size:10pt;margin:0;padding:0;}body{padding:12px 0;} .battle-log {font-family:Verdana, sans-serif;font-size:10pt;} .battle-log-inline {border:1px solid #AAAAAA;background:#EEF2F5;color:black;max-width:640px;margin:0 auto 80px;padding-bottom:5px;} .battle-log .inner {padding:4px 8px 0px 8px;} .battle-log .inner-preempt {padding:0 8px 4px 8px;} .battle-log .inner-after {margin-top:0.5em;} .battle-log h2 {margin:0.5em -8px;padding:4px 8px;border:1px solid #AAAAAA;background:#E0E7EA;border-left:0;border-right:0;font-family:Verdana, sans-serif;font-size:13pt;} .battle-log .chat {vertical-align:middle;padding:3px 0 3px 0;font-size:8pt;} .battle-log .chat strong {color:#40576A;} .battle-log .chat em {padding:1px 4px 1px 3px;color:#000000;font-style:normal;} .chat.mine {background:rgba(0,0,0,0.05);margin-left:-8px;margin-right:-8px;padding-left:8px;padding-right:8px;} .spoiler {color:#BBBBBB;background:#BBBBBB;padding:0px 3px;} .spoiler:hover, .spoiler:active, .spoiler-shown {color:#000000;background:#E2E2E2;padding:0px 3px;} .spoiler a {color:#BBBBBB;} .spoiler:hover a, .spoiler:active a, .spoiler-shown a {color:#2288CC;} .chat code, .chat .spoiler:hover code, .chat .spoiler:active code, .chat .spoiler-shown code {border:1px solid #C0C0C0;background:#EEEEEE;color:black;padding:0 2px;} .chat .spoiler code {border:1px solid #CCCCCC;background:#CCCCCC;color:#CCCCCC;} .battle-log .rated {padding:3px 4px;} .battle-log .rated strong {color:white;background:#89A;padding:1px 4px;border-radius:4px;} .spacer {margin-top:0.5em;} .message-announce {background:#6688AA;color:white;padding:1px 4px 2px;} .message-announce a, .broadcast-green a, .broadcast-blue a, .broadcast-red a {color:#DDEEFF;} .broadcast-green {background-color:#559955;color:white;padding:2px 4px;} .broadcast-blue {background-color:#6688AA;color:white;padding:2px 4px;} .infobox {border:1px solid #6688AA;padding:2px 4px;} .infobox-limited {max-height:200px;overflow:auto;overflow-x:hidden;} .broadcast-red {background-color:#AA5544;color:white;padding:2px 4px;} .message-learn-canlearn {font-weight:bold;color:#228822;text-decoration:underline;} .message-learn-cannotlearn {font-weight:bold;color:#CC2222;text-decoration:underline;} .message-effect-weak {font-weight:bold;color:#CC2222;} .message-effect-resist {font-weight:bold;color:#6688AA;} .message-effect-immune {font-weight:bold;color:#666666;} .message-learn-list {margin-top:0;margin-bottom:0;} .message-throttle-notice, .message-error {color:#992222;} .message-overflow, .chat small.message-overflow {font-size:0pt;} .message-overflow::before {font-size:9pt;content:'...';} .subtle {color:#3A4A66;}
</style>
<div class="wrapper replay-wrapper" style="max-width:1180px;margin:0 auto">
<input type="hidden" name="replayid" value="dragonheaven-gen8m4avgc-269" />
<div class="battle"></div><div class="battle-log"></div><div class="replay-controls"></div><div class="replay-controls-2"></div>
<h1 style="font-weight:normal;text-align:center"><strong>[Gen 8] M4A VGC</strong><br /><a href="http://pokemonshowdown.com/users/asnomplaysshowdown" class="subtle" target="_blank">ASnomPlaysShowdown</a> vs. <a href="http://pokemonshowdown.com/users/vizarpkmn" class="subtle" target="_blank">ViZarPKMN</a></h1>
<script type="text/plain" class="battle-log-data">|j|☆ASnomPlaysShowdown
|j|☆ViZarPKMN
|t:|1615142076
|player|p1|ASnomPlaysShowdown|hugh|
|player|p2|ViZarPKMN|benga|
|teamsize|p1|6
|teamsize|p2|6
|gametype|doubles
|gen|8
|tier|[Gen 8] M4A VGC
|clearpoke
|poke|p1|Araquanid, L50, F|
|poke|p1|Dusclops, L50, M|
|poke|p1|Landorus-Therian, L50, M|
|poke|p1|Incineroar, L50, F|
|poke|p1|Regieleki, L50|
|poke|p1|Amoonguss, L50, M|
|poke|p2|Torkoal, L50, M|
|poke|p2|Slowking, L50, F|
|poke|p2|Reuniclus, L50, F|
|poke|p2|Regieleki, L50|
|poke|p2|Aegislash, L50, F|
|poke|p2|Cresselia, L50, F|
|rule|Species Clause: Limit one of each Pokémon
|rule|Item Clause: Limit one of each item
|rule|Dynamax Clause: You cannot dynamax
|raw|<img src="https:\/\/www.smogon.com\/forums\/attachments\/banner_2-png.302358\/" height="65" width="381">
|-message|Welcome to Megas for All!
|-message|This is a National Dex-based format where we aim to give a new Mega Evolution to every Pokémon.
|-message|Just like any official format, you can still only Mega Evolve one Pokémon per team!
|-message|You can find our thread and metagame resources here:
|-message|https:\/\/www.smogon.com\/forums\/threads\/3671140\/
|teampreview|4
|j| CsidNoDyg
|c|☆ASnomPlaysShowdown|Gl Hf
|c|☆ViZarPKMN|u2
|j|+inkbug1

|j| Coppersmith
|
|t:|1615142138
|start
|switch|p1a: Incineroar|Incineroar, L50, F|48\/48
|switch|p1b: Landorus|Landorus-Therian, L50, M|48\/48
|switch|p2a: Torkoal|Torkoal, L50, M|48\/48
|switch|p2b: Slowking|Slowking, L50, F|48\/48
|-ability|p1b: Landorus|Intimidate|boost
|-unboost|p2a: Torkoal|atk|1
|-unboost|p2b: Slowking|atk|1
|-ability|p1a: Incineroar|Intimidate|boost
|-unboost|p2a: Torkoal|atk|1
|-unboost|p2b: Slowking|atk|1
|-weather|SunnyDay|[from] ability: Drought|[of] p2a: Torkoal
|turn|1
|c| Coppersmith|I’m placing my bet on 
|c| Coppersmith|Hm
|
|t:|1615142155
|detailschange|p2b: Slowking|Slowking-Mega, L50, F
|-mega|p2b: Slowking|Slowking|Slowkinite
|-activate|p2b: Slowking|ability: Counter-Clockwise Spiral|p2b: Slowking
|-fieldstart|move: Trick Room|[of] p2b: Slowking
|-start|p2b: Slowking|typechange|Water\/Psychic|[silent]
|raw|<ul class="utilichart"><li class="result"><span class="col pokemonnamecol" style="white-space: nowrap">Slowking-Mega<\/span> <span class="col typecol"><img src="https:\/\/play.pokemonshowdown.com\/sprites\/types\/Water.png" alt="Water" height="14" width="32"><img src="https:\/\/play.pokemonshowdown.com\/sprites\/types\/Psychic.png" alt="Psychic" height="14" width="32"><\/span> <span style="float: left ; min-height: 26px"><span class="col abilitycol">Counter-Clockwise Spiral<\/span><span class="col abilitycol"><\/span><\/span><span style="float: left ; min-height: 26px"><span class="col statcol"><em>HP<\/em><br>95<\/span> <span class="col statcol"><em>Atk<\/em><br>75<\/span> <span class="col statcol"><em>Def<\/em><br>80<\/span> <span class="col statcol"><em>SpA<\/em><br>110<\/span> <span class="col statcol"><em>SpD<\/em><br>110<\/span> <span class="col statcol"><em>Spe<\/em><br>120<\/span> <\/span><\/li><li style="clear: both"><\/li><\/ul>
|move|p1a: Incineroar|Fake Out|p2a: Torkoal
|-damage|p2a: Torkoal|43\/48
|cant|p2a: Torkoal|flinch
|move|p2b: Slowking|Muddy Water|p1a: Incineroar|[spread] p1a,p1b
|-supereffective|p1a: Incineroar
|-supereffective|p1b: Landorus
|-damage|p1a: Incineroar|36\/48
|-damage|p1b: Landorus|26\/48
|-unboost|p1a: Incineroar|accuracy|1
|-zpower|p1b: Landorus
|move|p1b: Landorus|Tectonic Rage|p2b: Slowking|[zeffect]
|-damage|p2b: Slowking|0 fnt
|faint|p2b: Slowking
|-fieldend|move: Trick Room
|
|-weather|SunnyDay|[upkeep]
|upkeep
|
|t:|1615142165
|switch|p2b: Cresselia|Cresselia, L50, F|48\/48
|turn|2
|
|t:|1615142178
|move|p1b: Landorus|Rock Slide|p2a: Torkoal|[spread] p2a,p2b
|-supereffective|p2a: Torkoal
|-damage|p2a: Torkoal|29\/48
|-damage|p2b: Cresselia|41\/48
|move|p1a: Incineroar|Darkest Lariat|p2b: Cresselia|[miss]
|-miss|p1a: Incineroar|p2b: Cresselia
|cant|p2a: Torkoal|flinch
|move|p2b: Cresselia|Trick Room|p2b: Cresselia
|-fieldstart|move: Trick Room|[of] p2b: Cresselia
|
|-weather|SunnyDay|[upkeep]
|upkeep
|turn|3
|
|t:|1615142195
|move|p1b: Landorus|Protect|p1b: Landorus
|-singleturn|p1b: Landorus|Protect
|move|p2a: Torkoal|Heat Wave|p1a: Incineroar|[spread] p1a
|-activate|p1b: Landorus|move: Protect
|-resisted|p1a: Incineroar
|-damage|p1a: Incineroar|22\/48
|move|p1a: Incineroar|Parting Shot|p2a: Torkoal
|-unboost|p2a: Torkoal|atk|1
|-unboost|p2a: Torkoal|spa|1
|
|t:|1615142205
|switch|p1a: Araquanid|Araquanid, L50, F|48\/48|[from]move: Parting Shot
|move|p2b: Cresselia|Psychic|p1b: Landorus
|-activate|p1b: Landorus|move: Protect
|
|-weather|SunnyDay|[upkeep]
|upkeep
|turn|4
|
|t:|1615142220
|switch|p1b: Incineroar|Incineroar, L50, F|22\/48
|-ability|p1b: Incineroar|Intimidate|boost
|-unboost|p2a: Torkoal|atk|1
|-unboost|p2b: Cresselia|atk|1
|detailschange|p1a: Araquanid|Araquanid-Mega, L50, F
|-mega|p1a: Araquanid|Araquanid|Araquanite
|-start|p1a: Araquanid|typechange|Water\/Bug|[silent]
|raw|<ul class="utilichart"><li class="result"><span class="col pokemonnamecol" style="white-space: nowrap">Araquanid-Mega<\/span> <span class="col typecol"><img src="https:\/\/play.pokemonshowdown.com\/sprites\/types\/Water.png" alt="Water" height="14" width="32"><img src="https:\/\/play.pokemonshowdown.com\/sprites\/types\/Bug.png" alt="Bug" height="14" width="32"><\/span> <span style="float: left ; min-height: 26px"><span class="col abilitycol">Body of Water<\/span><span class="col abilitycol"><\/span><\/span><span style="float: left ; min-height: 26px"><span class="col statcol"><em>HP<\/em><br>68<\/span> <span class="col statcol"><em>Atk<\/em><br>70<\/span> <span class="col statcol"><em>Def<\/em><br>147<\/span> <span class="col statcol"><em>SpA<\/em><br>50<\/span> <span class="col statcol"><em>SpD<\/em><br>177<\/span> <span class="col statcol"><em>Spe<\/em><br>42<\/span> <\/span><\/li><li style="clear: both"><\/li><\/ul>
|move|p2a: Torkoal|Heat Wave|p1a: Araquanid|[spread] p1a,p1b
|-resisted|p1b: Incineroar
|-damage|p1a: Araquanid|35\/48
|-damage|p1b: Incineroar|13\/48
|move|p1a: Araquanid|Iron Defense|p1a: Araquanid
|-boost|p1a: Araquanid|def|2
|move|p2b: Cresselia|Psychic|p1b: Incineroar
|-immune|p1b: Incineroar
|
|-weather|SunnyDay|[upkeep]
|upkeep
|turn|5
|
|t:|1615142241
|move|p2a: Torkoal|Heat Wave|p1b: Incineroar|[spread] p1b
|-miss|p2a: Torkoal|p1a: Araquanid
|-resisted|p1b: Incineroar
|-damage|p1b: Incineroar|5\/48
|-enditem|p1b: Incineroar|Figy Berry|[eat]
|-heal|p1b: Incineroar|20\/48|[from] item: Figy Berry
|move|p1a: Araquanid|Liquidation|p2a: Torkoal
|-supereffective|p2a: Torkoal
|-damage|p2a: Torkoal|0 fnt
|faint|p2a: Torkoal
|move|p1b: Incineroar|Darkest Lariat|p2b: Cresselia
|-supereffective|p2b: Cresselia
|-damage|p2b: Cresselia|15\/48
|move|p2b: Cresselia|Psychic|p1a: Araquanid
|-damage|p1a: Araquanid|28\/48
|
|-weather|none
|upkeep
|
|t:|1615142245
|switch|p2a: Aegislash|Aegislash, L50, F|48\/48
|turn|6
|
|t:|1615142266
|-formechange|p2a: Aegislash|Aegislash-Blade||[from] ability: Stance Change
|move|p2a: Aegislash|Close Combat|p1b: Incineroar
|-supereffective|p1b: Incineroar
|-damage|p1b: Incineroar|0 fnt
|-unboost|p2a: Aegislash|def|1
|-unboost|p2a: Aegislash|spd|1
|faint|p1b: Incineroar
|move|p1a: Araquanid|Liquidation|p2b: Cresselia
|-damage|p2b: Cresselia|0 fnt
|faint|p2b: Cresselia
|
|-fieldend|move: Trick Room
|upkeep
|
|t:|1615142274
|switch|p1b: Landorus|Landorus-Therian, L50, M|26\/48
|-ability|p1b: Landorus|Intimidate|boost
|-unboost|p2a: Aegislash|atk|1
|turn|7
|
|t:|1615142280
|-formechange|p2a: Aegislash|Aegislash||[from] ability: Stance Change
|move|p2a: Aegislash|King's Shield|p2a: Aegislash
|-singleturn|p2a: Aegislash|Protect
|move|p1b: Landorus|Earthquake|p2a: Aegislash|[spread] p1a
|-activate|p2a: Aegislash|move: Protect
|-resisted|p1a: Araquanid
|-damage|p1a: Araquanid|25\/48
|move|p1a: Araquanid|Liquidation|p2a: Aegislash
|-activate|p2a: Aegislash|move: Protect
|-unboost|p1a: Araquanid|atk|1
|
|upkeep
|turn|8
|c|☆ViZarPKMN|gg
|
|t:|1615142285
|move|p1b: Landorus|Earthquake|p2a: Aegislash|[spread] p1a,p2a
|-resisted|p1a: Araquanid
|-supereffective|p2a: Aegislash
|-damage|p1a: Araquanid|22\/48
|-damage|p2a: Aegislash|0 fnt
|faint|p2a: Aegislash
|
|win|ASnomPlaysShowdown
|c|☆ASnomPlaysShowdown|Gg
|l| CsidNoDyg
|l| Coppersmith
|l|☆ASnomPlaysShowdown
|j| H2OPulse
|l|☆ViZarPKMN
|l| H2OPulse
|j| H2OPulse
|l| H2OPulse</script>
</div>
<div class="battle-log battle-log-inline"><div class="inner"><div class="battle-options"><div style="padding-top: 3px; padding-right: 3px; text-align: right"><button class="icon button" name="openBattleOptions" title="Options">Battle Options</button></div></div><div class="inner message-log"><div class="chat"><small>☆ASnomPlaysShowdown and ☆ViZarPKMN joined</small></div><div class=""><small>Format:</small> <br><strong>[Gen 8] M4A VGC</strong></div><div class=""><small><em>Species Clause:</em> Limit one of each Pokémon</small></div><div class=""><small><em>Item Clause:</em> Limit one of each item</small></div><div class=""><small><em>Dynamax Clause:</em> You cannot dynamax</small></div><div class="chat"><img src="https://www.smogon.com/forums/attachments/banner_2-png.302358/" height="65" width="381"></div><div class="spacer battle-history"><br></div><div class="battle-history"><small>Welcome to Megas for All!</small><br></div><div class="battle-history"><small>This is a National Dex-based format where we aim to give a new Mega Evolution to every Pokémon.</small><br></div><div class="battle-history"><small>Just like any official format, you can still only Mega Evolve one Pokémon per team!</small><br></div><div class="battle-history"><small>You can find our thread and metagame resources here:</small><br></div><div class="battle-history"><small>https://www.smogon.com/forums/threads/3671140/</small><br></div><div class="chat battle-history"><strong>ASnomPlaysShowdown's team:</strong> <em style="color:#445566;display:block;">Araquanid / Dusclops / Landorus-Therian / Incineroar / Regieleki / Amoonguss</em></div><div class="chat battle-history"><strong>ViZarPKMN's team:</strong> <em style="color:#445566;display:block;">Torkoal / Slowking / Reuniclus / Regieleki / Aegislash / Cresselia</em></div><div class="chat"><small> CsidNoDyg joined</small></div><div class="chat chatmessage-asnomplaysshowdown"><strong style="color:#1bb1b6"><small>☆</small><span class="username" data-name="ASnomPlaysShowdown">ASnomPlaysShowdown</span>:</strong> <em>Gl Hf</em></div><div class="chat chatmessage-vizarpkmn"><strong style="color:#4f78c0"><small>☆</small><span class="username" data-name="ViZarPKMN">ViZarPKMN</span>:</strong> <em>u2</em></div><div class="chat"><small>+inkbug1 joined</small></div><div class="chat"><small> Coppersmith joined</small></div><div class="spacer battle-history"><br></div><div class="battle-history">Battle started between ASnomPlaysShowdown and ViZarPKMN!<br></div><div class="spacer battle-history"><br></div><div class="battle-history">Go! <strong>Incineroar</strong>!<br></div><div class="spacer battle-history"><br></div><div class="battle-history">Go! Landorus (<strong>Landorus-Therian</strong>)!<br></div><div class="spacer battle-history"><br></div><div class="battle-history">ViZarPKMN sent out <strong>Torkoal</strong>!<br></div><div class="spacer battle-history"><br></div><div class="battle-history">ViZarPKMN sent out <strong>Slowking</strong>!<br></div><div class="battle-history">[Landorus's Intimidate]<br></div><div class="battle-history"><small>The opposing Torkoal's Attack fell!</small><br></div><div class="battle-history"><small>The opposing Slowking's Attack fell!</small><br></div><div class="battle-history">[Incineroar's Intimidate]<br></div><div class="battle-history"><small>The opposing Torkoal's Attack fell!</small><br></div><div class="battle-history"><small>The opposing Slowking's Attack fell!</small><br></div><div class="battle-history">[The opposing Torkoal's Drought]<br><small>The sunlight turned harsh!</small><br></div><div class="spacer battle-history"><br></div><h2 class="battle-history">Turn 1</h2><div class="chat chatmessage-coppersmith"><strong style="color:#0aa445"><small> </small><span class="username" data-name="Coppersmith">Coppersmith</span>:</strong> <em>I’m placing my bet on </em></div><div class="chat chatmessage-coppersmith"><strong style="color:#0aa445"><small> </small><span class="username" data-name="Coppersmith">Coppersmith</span>:</strong> <em>Hm</em></div><div class="spacer battle-history"><br></div><div class="battle-history"><small>The opposing Slowking's Slowkinite is reacting to the Key Stone!</small><br>The opposing Slowking has Mega Evolved into Mega Slowking!<br></div><div class="battle-history">[The opposing Slowking's Counter-Clockwise Spiral]<br></div><div class="battle-history"><small>The opposing Slowking twisted the dimensions!</small><br></div><div class="chat"><ul class="utilichart"><li class="result"><span class="col pokemonnamecol" style="white-space: nowrap">Slowking-Mega</span> <span class="col typecol"><img src="https://play.pokemonshowdown.com/sprites/types/Water.png" alt="Water" height="14" width="32"><img src="https://play.pokemonshowdown.com/sprites/types/Psychic.png" alt="Psychic" height="14" width="32"></span> <span style="float: left ; min-height: 26px"><span class="col abilitycol">Counter-Clockwise Spiral</span><span class="col abilitycol"></span></span><span style="float: left ; min-height: 26px"><span class="col statcol"><em>HP</em><br>95</span> <span class="col statcol"><em>Atk</em><br>75</span> <span class="col statcol"><em>Def</em><br>80</span> <span class="col statcol"><em>SpA</em><br>110</span> <span class="col statcol"><em>SpD</em><br>110</span> <span class="col statcol"><em>Spe</em><br>120</span> </span></li><li style="clear: both"></li></ul></div><div class="spacer battle-history"><br></div><div class="battle-history">Incineroar used <strong>Fake Out</strong>!<br></div><div class="battle-history"><small>(The opposing Torkoal lost <abbr title="−5/48 pixels">8.4–10.4%</abbr> of its health!)</small><br></div><div class="spacer battle-history"><br></div><div class="battle-history">The opposing Torkoal flinched and couldn't move!<br></div><div class="spacer battle-history"><br></div><div class="battle-history">The opposing Slowking used <strong>Muddy Water</strong>!<br></div><div class="battle-history"><small>It's super effective on Incineroar!</small><br></div><div class="battle-history"><small>It's super effective on Landorus!</small><br></div><div class="battle-history"><small>(Incineroar lost <abbr title="−12/48 pixels">23.0–25.0%</abbr> of its health!)</small><br></div><div class="battle-history"><small>(Landorus lost <abbr title="−22/48 pixels">43.8–45.8%</abbr> of its health!)</small><br></div><div class="battle-history"><small>Incineroar's accuracy fell!</small><br></div><div class="battle-history"><small>Landorus surrounded itself with its Z-Power!</small><br></div><div class="spacer battle-history"><br></div><div class="battle-history"><small>Landorus unleashes its full-force Z-Move!</small><br>Landorus used <strong>Tectonic Rage</strong>!<br></div><div class="battle-history"><small>(The opposing Slowking lost <abbr title="−48/48 pixels">100%</abbr> of its health!)</small><br></div><div class="spacer battle-history"><br></div><div class="battle-history">The opposing Slowking fainted!<br></div><div class="battle-history"><small>The twisted dimensions returned to normal!</small><br></div><div class="spacer battle-history"><br></div><div class="battle-history"><small>(The sunlight is strong.)</small><br></div><div class="spacer battle-history"><br></div><div class="battle-history">ViZarPKMN sent out <strong>Cresselia</strong>!<br></div><div class="spacer battle-history"><br></div><h2 class="battle-history">Turn 2</h2><div class="spacer battle-history"><br></div><div class="battle-history">Landorus used <strong>Rock Slide</strong>!<br></div><div class="battle-history"><small>It's super effective on the opposing Torkoal!</small><br></div><div class="battle-history"><small>(The opposing Torkoal lost <abbr title="−14/48 pixels">27.2–31.2%</abbr> of its health!)</small><br></div><div class="battle-history"><small>(The opposing Cresselia lost <abbr title="−7/48 pixels">12.6–14.6%</abbr> of its health!)</small><br></div><div class="spacer battle-history"><br></div><div class="battle-history">Incineroar used <strong>Darkest Lariat</strong>!<br></div><div class="battle-history"><small>The opposing Cresselia avoided the attack!</small><br></div><div class="spacer battle-history"><br></div><div class="battle-history">The opposing Torkoal flinched and couldn't move!<br></div><div class="spacer battle-history"><br></div><div class="battle-history">The opposing Cresselia used <strong>Trick Room</strong>!<br></div><div class="battle-history"><small>The opposing Cresselia twisted the dimensions!</small><br></div><div class="spacer battle-history"><br></div><div class="battle-history"><small>(The sunlight is strong.)</small><br></div><div class="spacer battle-history"><br></div><h2 class="battle-history">Turn 3</h2><div class="spacer battle-history"><br></div><div class="battle-history">Landorus used <strong>Protect</strong>!<br></div><div class="battle-history"><small>Landorus protected itself!</small><br></div><div class="spacer battle-history"><br></div><div class="battle-history">The opposing Torkoal used <strong>Heat Wave</strong>!<br></div><div class="battle-history"><small>Landorus protected itself!</small><br></div><div class="battle-history"><small>It's not very effective on Incineroar.</small><br></div><div class="battle-history"><small>(Incineroar lost <abbr title="−14/48 pixels">27.2–31.2%</abbr> of its health!)</small><br></div><div class="spacer battle-history"><br></div><div class="battle-history">Incineroar used <strong>Parting Shot</strong>!<br></div><div class="battle-history"><small>The opposing Torkoal's Attack fell!</small><br></div><div class="battle-history"><small>The opposing Torkoal's Sp. Atk fell!</small><br></div><div class="spacer battle-history"><br></div><div class="battle-history">Incineroar, come back!<br></div><div class="battle-history">Go! <strong>Araquanid</strong>!<br></div><div class="spacer battle-history"><br></div><div class="battle-history">The opposing Cresselia used <strong>Psychic</strong>!<br></div><div class="battle-history"><small>Landorus protected itself!</small><br></div><div class="spacer battle-history"><br></div><div class="battle-history"><small>(The sunlight is strong.)</small><br></div><div class="spacer battle-history"><br></div><h2 class="battle-history">Turn 4</h2><div class="spacer battle-history"><br></div><div class="battle-history">Landorus, come back!<br></div><div class="battle-history">Go! <strong>Incineroar</strong>!<br></div><div class="battle-history">[Incineroar's Intimidate]<br></div><div class="battle-history"><small>The opposing Torkoal's Attack fell!</small><br></div><div class="battle-history"><small>The opposing Cresselia's Attack fell!</small><br></div><div class="spacer battle-history"><br></div><div class="battle-history"><small>Araquanid's Araquanite is reacting to the Key Stone!</small><br>Araquanid has Mega Evolved into Mega Araquanid!<br></div><div class="chat"><ul class="utilichart"><li class="result"><span class="col pokemonnamecol" style="white-space: nowrap">Araquanid-Mega</span> <span class="col typecol"><img src="https://play.pokemonshowdown.com/sprites/types/Water.png" alt="Water" height="14" width="32"><img src="https://play.pokemonshowdown.com/sprites/types/Bug.png" alt="Bug" height="14" width="32"></span> <span style="float: left ; min-height: 26px"><span class="col abilitycol">Body of Water</span><span class="col abilitycol"></span></span><span style="float: left ; min-height: 26px"><span class="col statcol"><em>HP</em><br>68</span> <span class="col statcol"><em>Atk</em><br>70</span> <span class="col statcol"><em>Def</em><br>147</span> <span class="col statcol"><em>SpA</em><br>50</span> <span class="col statcol"><em>SpD</em><br>177</span> <span class="col statcol"><em>Spe</em><br>42</span> </span></li><li style="clear: both"></li></ul></div><div class="spacer battle-history"><br></div><div class="battle-history">The opposing Torkoal used <strong>Heat Wave</strong>!<br></div><div class="battle-history"><small>It's not very effective on Incineroar.</small><br></div><div class="battle-history"><small>(Araquanid lost <abbr title="−13/48 pixels">25.1–27.1%</abbr> of its health!)</small><br></div><div class="battle-history"><small>(Incineroar lost <abbr title="−9/48 pixels">16.7–20.8%</abbr> of its health!)</small><br></div><div class="spacer battle-history"><br></div><div class="battle-history">Araquanid used <strong>Iron Defense</strong>!<br></div><div class="battle-history"><small>Araquanid's Defense rose sharply!</small><br></div><div class="spacer battle-history"><br></div><div class="battle-history">The opposing Cresselia used <strong>Psychic</strong>!<br></div><div class="battle-history"><small>It doesn't affect Incineroar...</small><br></div><div class="spacer battle-history"><br></div><div class="battle-history"><small>(The sunlight is strong.)</small><br></div><div class="spacer battle-history"><br></div><h2 class="battle-history">Turn 5</h2><div class="spacer battle-history"><br></div><div class="battle-history">The opposing Torkoal used <strong>Heat Wave</strong>!<br></div><div class="battle-history"><small>Araquanid avoided the attack!</small><br></div><div class="battle-history"><small>It's not very effective on Incineroar.</small><br></div><div class="battle-history"><small>(Incineroar lost <abbr title="−8/48 pixels">14.7–18.7%</abbr> of its health!)</small><br></div><div class="battle-history"><small>(Incineroar ate its Figy Berry!)</small><br></div><div class="battle-history"><small>Incineroar restored HP using its Figy Berry!</small><br></div><div class="spacer battle-history"><br></div><div class="battle-history">Araquanid used <strong>Liquidation</strong>!<br></div><div class="battle-history"><small>It's super effective!</small><br></div><div class="battle-history"><small>(The opposing Torkoal lost <abbr title="−29/48 pixels">60.4–62.4%</abbr> of its health!)</small><br></div><div class="spacer battle-history"><br></div><div class="battle-history">The opposing Torkoal fainted!<br></div><div class="battle-history">Incineroar used <strong>Darkest Lariat</strong>!<br></div><div class="battle-history"><small>It's super effective!</small><br></div><div class="battle-history"><small>(The opposing Cresselia lost <abbr title="−26/48 pixels">52.2–56.2%</abbr> of its health!)</small><br></div><div class="spacer battle-history"><br></div><div class="battle-history">The opposing Cresselia used <strong>Psychic</strong>!<br></div><div class="battle-history"><small>(Araquanid lost <abbr title="−7/48 pixels">12.6–16.6%</abbr> of its health!)</small><br></div><div class="spacer battle-history"><br></div><div class="battle-history"><small>The harsh sunlight faded.</small><br></div><div class="spacer battle-history"><br></div><div class="battle-history">ViZarPKMN sent out <strong>Aegislash</strong>!<br></div><div class="spacer battle-history"><br></div><h2 class="battle-history">Turn 6</h2><div class="spacer battle-history"><br></div><div class="battle-history">[The opposing Aegislash's Stance Change]<br>Changed to Blade Forme!<br></div><div class="spacer battle-history"><br></div><div class="battle-history">The opposing Aegislash used <strong>Close Combat</strong>!<br></div><div class="battle-history"><small>It's super effective!</small><br></div><div class="battle-history"><small>(Incineroar lost <abbr title="−20/48 pixels">41.7–43.7%</abbr> of its health!)</small><br></div><div class="battle-history"><small>The opposing Aegislash's Defense fell!</small><br></div><div class="battle-history"><small>The opposing Aegislash's Sp. Def fell!</small><br></div><div class="spacer battle-history"><br></div><div class="battle-history">Incineroar fainted!<br></div><div class="battle-history">Araquanid used <strong>Liquidation</strong>!<br></div><div class="battle-history"><small>(The opposing Cresselia lost <abbr title="−15/48 pixels">31.3–33.3%</abbr> of its health!)</small><br></div><div class="spacer battle-history"><br></div><div class="battle-history">The opposing Cresselia fainted!<br></div><div class="spacer battle-history"><br></div><div class="battle-history"><small>The twisted dimensions returned to normal!</small><br></div><div class="spacer battle-history"><br></div><div class="battle-history">Go! Landorus (<strong>Landorus-Therian</strong>)!<br></div><div class="battle-history">[Landorus's Intimidate]<br></div><div class="battle-history"><small>The opposing Aegislash's Attack fell!</small><br></div><div class="spacer battle-history"><br></div><h2 class="battle-history">Turn 7</h2><div class="spacer battle-history"><br></div><div class="battle-history">[The opposing Aegislash's Stance Change]<br>Changed to Shield Forme!<br></div><div class="spacer battle-history"><br></div><div class="battle-history">The opposing Aegislash used <strong>King's Shield</strong>!<br></div><div class="battle-history"><small>The opposing Aegislash protected itself!</small><br></div><div class="spacer battle-history"><br></div><div class="battle-history">Landorus used <strong>Earthquake</strong>!<br></div><div class="battle-history"><small>The opposing Aegislash protected itself!</small><br></div><div class="battle-history"><small>It's not very effective on Araquanid.</small><br></div><div class="battle-history"><small>(Araquanid lost <abbr title="−3/48 pixels">4.2–8.3%</abbr> of its health!)</small><br></div><div class="spacer battle-history"><br></div><div class="battle-history">Araquanid used <strong>Liquidation</strong>!<br></div><div class="battle-history"><small>The opposing Aegislash protected itself!</small><br></div><div class="battle-history"><small>Araquanid's Attack fell!</small><br></div><div class="spacer battle-history"><br></div><h2 class="battle-history">Turn 8</h2><div class="chat chatmessage-vizarpkmn"><strong style="color:#4f78c0"><small>☆</small><span class="username" data-name="ViZarPKMN">ViZarPKMN</span>:</strong> <em>gg</em></div><div class="spacer battle-history"><br></div><div class="battle-history">Landorus used <strong>Earthquake</strong>!<br></div><div class="battle-history"><small>It's not very effective on Araquanid.</small><br></div><div class="battle-history"><small>It's super effective on the opposing Aegislash!</small><br></div><div class="battle-history"><small>(Araquanid lost <abbr title="−3/48 pixels">4.2–8.3%</abbr> of its health!)</small><br></div><div class="battle-history"><small>(The opposing Aegislash lost <abbr title="−48/48 pixels">100%</abbr> of its health!)</small><br></div><div class="spacer battle-history"><br></div><div class="battle-history">The opposing Aegislash fainted!<br></div><div class="spacer battle-history"><br></div><div class="battle-history"><strong>ASnomPlaysShowdown</strong> won the battle!<br></div><div class="chat chatmessage-asnomplaysshowdown"><strong style="color:#1bb1b6"><small>☆</small><span class="username" data-name="ASnomPlaysShowdown">ASnomPlaysShowdown</span>:</strong> <em>Gg</em></div><div class="chat"><small> H2OPulse joined;  CsidNoDyg,  Coppersmith, ☆ASnomPlaysShowdown, ☆ViZarPKMN, and  H2OPulse left</small></div></div><div class="inner-preempt message-log"></div></div></div>
</div>
<script>
let daily = Math.floor(Date.now()/1000/60/60/24);document.write('<script src="https://dragonheaven.herokuapp.com/js/replay-embed.js?version'+daily+'"></'+'script>');
</script>
