<!DOCTYPE html>
<meta charset="utf-8" />
<!-- version 1 -->
<title>[Gen 8] M4A Random Battle replay: inkbug1 vs. H2OPulse</title>
<style>
html,body {font-family:Verdana, sans-serif;font-size:10pt;margin:0;padding:0;}body{padding:12px 0;} .battle-log {font-family:Verdana, sans-serif;font-size:10pt;} .battle-log-inline {border:1px solid #AAAAAA;background:#EEF2F5;color:black;max-width:640px;margin:0 auto 80px;padding-bottom:5px;} .battle-log .inner {padding:4px 8px 0px 8px;} .battle-log .inner-preempt {padding:0 8px 4px 8px;} .battle-log .inner-after {margin-top:0.5em;} .battle-log h2 {margin:0.5em -8px;padding:4px 8px;border:1px solid #AAAAAA;background:#E0E7EA;border-left:0;border-right:0;font-family:Verdana, sans-serif;font-size:13pt;} .battle-log .chat {vertical-align:middle;padding:3px 0 3px 0;font-size:8pt;} .battle-log .chat strong {color:#40576A;} .battle-log .chat em {padding:1px 4px 1px 3px;color:#000000;font-style:normal;} .chat.mine {background:rgba(0,0,0,0.05);margin-left:-8px;margin-right:-8px;padding-left:8px;padding-right:8px;} .spoiler {color:#BBBBBB;background:#BBBBBB;padding:0px 3px;} .spoiler:hover, .spoiler:active, .spoiler-shown {color:#000000;background:#E2E2E2;padding:0px 3px;} .spoiler a {color:#BBBBBB;} .spoiler:hover a, .spoiler:active a, .spoiler-shown a {color:#2288CC;} .chat code, .chat .spoiler:hover code, .chat .spoiler:active code, .chat .spoiler-shown code {border:1px solid #C0C0C0;background:#EEEEEE;color:black;padding:0 2px;} .chat .spoiler code {border:1px solid #CCCCCC;background:#CCCCCC;color:#CCCCCC;} .battle-log .rated {padding:3px 4px;} .battle-log .rated strong {color:white;background:#89A;padding:1px 4px;border-radius:4px;} .spacer {margin-top:0.5em;} .message-announce {background:#6688AA;color:white;padding:1px 4px 2px;} .message-announce a, .broadcast-green a, .broadcast-blue a, .broadcast-red a {color:#DDEEFF;} .broadcast-green {background-color:#559955;color:white;padding:2px 4px;} .broadcast-blue {background-color:#6688AA;color:white;padding:2px 4px;} .infobox {border:1px solid #6688AA;padding:2px 4px;} .infobox-limited {max-height:200px;overflow:auto;overflow-x:hidden;} .broadcast-red {background-color:#AA5544;color:white;padding:2px 4px;} .message-learn-canlearn {font-weight:bold;color:#228822;text-decoration:underline;} .message-learn-cannotlearn {font-weight:bold;color:#CC2222;text-decoration:underline;} .message-effect-weak {font-weight:bold;color:#CC2222;} .message-effect-resist {font-weight:bold;color:#6688AA;} .message-effect-immune {font-weight:bold;color:#666666;} .message-learn-list {margin-top:0;margin-bottom:0;} .message-throttle-notice, .message-error {color:#992222;} .message-overflow, .chat small.message-overflow {font-size:0pt;} .message-overflow::before {font-size:9pt;content:'...';} .subtle {color:#3A4A66;}
</style>
<div class="wrapper replay-wrapper" style="max-width:1180px;margin:0 auto">
<input type="hidden" name="replayid" value="dragonheaven-gen8m4arandombattle-306" />
<div class="battle"></div><div class="battle-log"></div><div class="replay-controls"></div><div class="replay-controls-2"></div>
<h1 style="font-weight:normal;text-align:center"><strong>[Gen 8] M4A Random Battle</strong><br /><a href="http://pokemonshowdown.com/users/inkbug1" class="subtle" target="_blank">inkbug1</a> vs. <a href="http://pokemonshowdown.com/users/h2opulse" class="subtle" target="_blank">H2OPulse</a></h1>
<script type="text/plain" class="battle-log-data">|j|☆inkbug1

|j|☆H2OPulse
|t:|1608426806
|player|p1|inkbug1|burgh|
|player|p2|H2OPulse|aetherfoundation|
|teamsize|p1|6
|teamsize|p2|6
|gametype|singles
|gen|8
|tier|[Gen 8] M4A Random Battle
|rule|Dynamax Clause: You cannot dynamax
|rule|Species Clause: Limit one of each Pokémon
|rule|HP Percentage Mod: HP is shown in percentages
|rule|Sleep Clause Mod: Limit one foe put to sleep
|
|t:|1608426806
|start
|switch|p1a: Reuniclus|Reuniclus, L84, F|322\/322
|switch|p2a: Wormadam|Wormadam-Sandy, L88, F|100\/100
|turn|1
|c|☆H2OPulse|OH NEAT
|c|☆inkbug1|ok i was lying before this looks like a team id actually build
|c|☆H2OPulse|Fjfjfjjgkg
|c|☆inkbug1|t... 
|c|☆inkbug1|thats such a fun set
|c|☆inkbug1|okay lets see
|
|t:|1608426863
|switch|p1a: Vanilluxe|Vanilluxe, L82, M|251\/251
|-weather|Hail|[from] ability: Snow Warning|[of] p1a: Vanilluxe
|move|p2a: Wormadam|Stealth Rock|p1a: Vanilluxe
|-sidestart|p1: inkbug1|move: Stealth Rock
|
|-weather|Hail|[upkeep]
|upkeep
|turn|2
|c|☆H2OPulse|Man my team almost has a terrible Reuniclus matchup and then has one really lame thing I don't like that beats Reuniclus
|c|☆H2OPulse|Oooo is __this__ the Mega hm
|
|t:|1608426896
|move|p1a: Vanilluxe|Blizzard|p2a: Wormadam
|-supereffective|p2a: Wormadam
|-damage|p2a: Wormadam|9\/100
|move|p2a: Wormadam|Toxic|p1a: Vanilluxe|[miss]
|-miss|p2a: Wormadam|p1a: Vanilluxe
|
|-weather|Hail|[upkeep]
|-heal|p2a: Wormadam|15\/100|[from] item: Leftovers
|upkeep
|turn|3
|c|☆inkbug1|oh rip im sorry
|c|☆H2OPulse|Pff no worries!
|
|t:|1608426922
|move|p1a: Vanilluxe|Blizzard|p2a: Wormadam
|-supereffective|p2a: Wormadam
|-damage|p2a: Wormadam|0 fnt
|faint|p2a: Wormadam
|
|-weather|Hail|[upkeep]
|upkeep
|
|t:|1608426928
|switch|p2a: Zapdos|Zapdos-Galar, L80|100\/100
|turn|4
|c|☆inkbug1|DO NOT intimidate
|c|☆inkbug1|thank god i remembered
|c|☆H2OPulse|I love Galarian Zapdgjgjgkgkg
|c|☆H2OPulse|f a i r
|
|t:|1608426957
|switch|p1a: Raichu|Raichu, L88, M|249\/249
|-damage|p1a: Raichu|218\/249|[from] Stealth Rock
|move|p2a: Zapdos|Close Combat|p1a: Raichu
|-damage|p1a: Raichu|25\/249
|-unboost|p2a: Zapdos|def|1
|-unboost|p2a: Zapdos|spd|1
|
|-weather|Hail|[upkeep]
|-damage|p1a: Raichu|10\/249|[from] Hail
|-damage|p2a: Zapdos|94\/100|[from] Hail
|-heal|p1a: Raichu|25\/249|[from] item: Leftovers
|upkeep
|turn|5
|c|☆inkbug1|ow
|
|t:|1608426969
|switch|p2a: Dragalge|Dragalge, L84, M|100\/100
|move|p1a: Raichu|Thunderbolt|p2a: Dragalge
|-resisted|p2a: Dragalge
|-damage|p2a: Dragalge|85\/100
|
|-weather|none
|-heal|p1a: Raichu|40\/249|[from] item: Leftovers
|upkeep
|turn|6
|
|t:|1608426980
|switch|p1a: Vanilluxe|Vanilluxe, L82, M|251\/251
|-damage|p1a: Vanilluxe|189\/251|[from] Stealth Rock
|-weather|Hail|[from] ability: Snow Warning|[of] p1a: Vanilluxe
|move|p2a: Dragalge|Scald|p1a: Vanilluxe
|-damage|p1a: Vanilluxe|108\/251
|
|-weather|Hail|[upkeep]
|-damage|p2a: Dragalge|79\/100|[from] Hail
|upkeep
|turn|7
|
|t:|1608426991
|detailschange|p1a: Vanilluxe|Vanilluxe-Mega, L82, M
|-mega|p1a: Vanilluxe|Vanilluxe|Vanillite
|-weather|RainDance|[from] ability: Cold Sweat|[of] p1a: Vanilluxe
|raw|<ul class="utilichart"><li class="result"><span class="col pokemonnamecol" style="white-space: nowrap">Vanilluxe-Mega<\/span> <span class="col typecol"><img src="https:\/\/play.pokemonshowdown.com\/sprites\/types\/Ice.png" alt="Ice" height="14" width="32"><\/span> <span style="float: left ; min-height: 26px"><span class="col abilitycol">Cold Sweat<\/span><span class="col abilitycol"><\/span><\/span><span style="float: left ; min-height: 26px"><span class="col statcol"><em>HP<\/em><br>71<\/span> <span class="col statcol"><em>Atk<\/em><br>95<\/span> <span class="col statcol"><em>Def<\/em><br>85<\/span> <span class="col statcol"><em>SpA<\/em><br>160<\/span> <span class="col statcol"><em>SpD<\/em><br>115<\/span> <span class="col statcol"><em>Spe<\/em><br>109<\/span> <\/span><\/li><li style="clear: both"><\/li><\/ul>
|move|p1a: Vanilluxe|Autotomize|p1a: Vanilluxe
|-boost|p1a: Vanilluxe|spe|2
|-start|p1a: Vanilluxe|Autotomize
|move|p2a: Dragalge|Scald|p1a: Vanilluxe
|-damage|p1a: Vanilluxe|0 fnt
|faint|p1a: Vanilluxe
|
|-weather|RainDance|[upkeep]
|upkeep
|c|☆inkbug1|oh mistake
|c|☆H2OPulse|Ooof fair
|c|☆inkbug1|didnt realise dragalge ran anything vanilluxe was gonna be scared of :'D 
|
|t:|1608427026
|switch|p1a: Reuniclus|Reuniclus, L84, F|322\/322
|turn|8
|
|t:|1608427035
|move|p2a: Dragalge|Scald|p1a: Reuniclus
|-damage|p1a: Reuniclus|181\/322
|move|p1a: Reuniclus|Calm Mind|p1a: Reuniclus
|-boost|p1a: Reuniclus|spa|1
|-boost|p1a: Reuniclus|spd|1
|
|-weather|RainDance|[upkeep]
|upkeep
|turn|9
|c|☆inkbug1|ow 
|c|☆inkbug1|fuckin rain
|c|☆inkbug1|i am a genius
|
|t:|1608427046
|move|p2a: Dragalge|Scald|p1a: Reuniclus
|-damage|p1a: Reuniclus|92\/322
|move|p1a: Reuniclus|Recover|p1a: Reuniclus
|-heal|p1a: Reuniclus|253\/322
|
|-weather|RainDance|[upkeep]
|upkeep
|turn|10
|c|☆H2OPulse|It has HP Fire of all things
|c|☆inkbug1|thats so funny okay
|c|☆H2OPulse|oH THAT'S WHY
|c|☆H2OPulse|WAS WONDERING HOW I KOED WITH THE SECOND SCALD
|c|☆inkbug1|yeah
|c|☆inkbug1|rain
|c|☆inkbug1|:'D 
|
|t:|1608427076
|switch|p2a: Gardevoir|Gardevoir, L82, F|100\/100
|-ability|p2a: Gardevoir|Magic Guard|[from] ability: Trace|[of] p1a: Reuniclus
|move|p1a: Reuniclus|Calm Mind|p1a: Reuniclus
|-boost|p1a: Reuniclus|spa|1
|-boost|p1a: Reuniclus|spd|1
|
|-weather|RainDance|[upkeep]
|upkeep
|turn|11
|
|t:|1608427089
|detailschange|p2a: Gardevoir|Gardevoir-Mega, L82, F
|-mega|p2a: Gardevoir|Gardevoir|Gardevoirite
|raw|<ul class="utilichart"><li class="result"><span class="col pokemonnamecol" style="white-space: nowrap">Gardevoir-Mega<\/span> <span class="col typecol"><img src="https:\/\/play.pokemonshowdown.com\/sprites\/types\/Psychic.png" alt="Psychic" height="14" width="32"><img src="https:\/\/play.pokemonshowdown.com\/sprites\/types\/Fairy.png" alt="Fairy" height="14" width="32"><\/span> <span style="float: left ; min-height: 26px"><span class="col abilitycol">Pixilate<\/span><span class="col abilitycol"><\/span><\/span><span style="float: left ; min-height: 26px"><span class="col statcol"><em>HP<\/em><br>68<\/span> <span class="col statcol"><em>Atk<\/em><br>85<\/span> <span class="col statcol"><em>Def<\/em><br>65<\/span> <span class="col statcol"><em>SpA<\/em><br>165<\/span> <span class="col statcol"><em>SpD<\/em><br>135<\/span> <span class="col statcol"><em>Spe<\/em><br>100<\/span> <\/span><\/li><li style="clear: both"><\/li><\/ul>
|move|p2a: Gardevoir|Calm Mind|p2a: Gardevoir
|-boost|p2a: Gardevoir|spa|1
|-boost|p2a: Gardevoir|spd|1
|move|p1a: Reuniclus|Shadow Ball|p2a: Gardevoir
|-supereffective|p2a: Gardevoir
|-damage|p2a: Gardevoir|35\/100
|
|-weather|none
|upkeep
|turn|12
|
|t:|1608427101
|move|p2a: Gardevoir|Hyper Voice|p1a: Reuniclus
|-damage|p1a: Reuniclus|126\/322
|move|p1a: Reuniclus|Shadow Ball|p2a: Gardevoir
|-supereffective|p2a: Gardevoir
|-damage|p2a: Gardevoir|0 fnt
|faint|p2a: Gardevoir
|
|upkeep
|
|t:|1608427104
|switch|p2a: Calyrex|Calyrex-Shadow, L78|100\/100
|-ability|p2a: Calyrex|As One
|-ability|p2a: Calyrex|Unnerve|p1: inkbug1
|turn|13
|c|☆inkbug1|A
|
|t:|1608427116
|move|p2a: Calyrex|Substitute|p2a: Calyrex
|-start|p2a: Calyrex|Substitute
|-damage|p2a: Calyrex|75\/100
|move|p1a: Reuniclus|Shadow Ball|p2a: Calyrex
|-supereffective|p2a: Calyrex
|-end|p2a: Calyrex|Substitute
|
|-heal|p2a: Calyrex|81\/100|[from] item: Leftovers
|upkeep
|turn|14
|
|t:|1608427124
|move|p2a: Calyrex|Astral Barrage|p1a: Reuniclus
|-supereffective|p1a: Reuniclus
|-damage|p1a: Reuniclus|0 fnt
|faint|p1a: Reuniclus
|-ability|p2a: Calyrex|Grim Neigh|boost
|-boost|p2a: Calyrex|spa|1
|
|-heal|p2a: Calyrex|87\/100|[from] item: Leftovers
|upkeep
|c|☆inkbug1|NOT enough
|c|☆inkbug1|alas
|c|☆inkbug1|what do we have for this nothing great
|
|t:|1608427145
|switch|p1a: Pangoro|Pangoro, L86, M|304\/304
|-damage|p1a: Pangoro|285\/304|[from] Stealth Rock
|turn|15
|
|t:|1608427157
|switch|p2a: Zapdos|Zapdos-Galar, L80|94\/100
|move|p1a: Pangoro|Knock Off|p2a: Zapdos
|-resisted|p2a: Zapdos
|-damage|p2a: Zapdos|71\/100
|
|upkeep
|turn|16
|
|t:|1608427176
|switch|p1a: Raichu|Raichu, L88, M|40\/249
|-damage|p1a: Raichu|9\/249|[from] Stealth Rock
|move|p2a: Zapdos|Brave Bird|p1a: Raichu
|-resisted|p1a: Raichu
|-damage|p1a: Raichu|0 fnt
|-damage|p2a: Zapdos|70\/100|[from] Recoil
|faint|p1a: Raichu
|
|upkeep
|
|t:|1608427195
|switch|p1a: Kecleon|Kecleon, L88, F|249\/249
|-damage|p1a: Kecleon|218\/249|[from] Stealth Rock
|turn|17
|
|t:|1608427205
|move|p1a: Kecleon|Shadow Sneak|p2a: Zapdos
|-start|p1a: Kecleon|typechange|Ghost|[from] ability: Protean
|-damage|p2a: Zapdos|53\/100
|move|p2a: Zapdos|Close Combat|p1a: Kecleon
|-immune|p1a: Kecleon
|
|-heal|p1a: Kecleon|233\/249|[from] item: Leftovers
|upkeep
|turn|18
|c|☆H2OPulse|RESPECT
|c|☆inkbug1|if megamax eevee had a better learnset there would have been no survivors
|c|☆H2OPulse|part of me wants to see how much that does to Calyrex
|c|☆H2OPulse|Hfjkgkggb righ t
|
|t:|1608427241
|move|p1a: Kecleon|Shadow Sneak|p2a: Zapdos
|-damage|p2a: Zapdos|36\/100
|move|p2a: Zapdos|Throat Chop|p1a: Kecleon
|-supereffective|p1a: Kecleon
|-damage|p1a: Kecleon|83\/249
|-start|p1a: Kecleon|Throat Chop|[silent]
|
|-heal|p1a: Kecleon|98\/249|[from] item: Leftovers
|upkeep
|turn|19
|c|☆inkbug1|wow you sure lived that.
|
|t:|1608427258
|move|p1a: Kecleon|Shadow Sneak|p2a: Zapdos
|-damage|p2a: Zapdos|21\/100
|move|p2a: Zapdos|Throat Chop|p1a: Kecleon
|-supereffective|p1a: Kecleon
|-damage|p1a: Kecleon|0 fnt
|faint|p1a: Kecleon
|
|upkeep
|
|t:|1608427264
|switch|p1a: Pangoro|Pangoro, L86, M|285\/304
|-damage|p1a: Pangoro|266\/304|[from] Stealth Rock
|turn|20
|
|t:|1608427270
|-zpower|p2a: Zapdos
|move|p2a: Zapdos|Supersonic Skystrike|p1a: Pangoro|[zeffect]
|-supereffective|p1a: Pangoro
|-damage|p1a: Pangoro|0 fnt
|faint|p1a: Pangoro
|
|upkeep
|c|☆inkbug1|a
|c|☆inkbug1|okay i had no choice 
|
|t:|1608427282
|switch|p1a: Qwilfish|Qwilfish, L88, F|258\/258
|-damage|p1a: Qwilfish|226\/258|[from] Stealth Rock
|-ability|p1a: Qwilfish|Intimidate|boost
|-unboost|p2a: Zapdos|atk|1
|-ability|p2a: Zapdos|Defiant
|-boost|p2a: Zapdos|atk|2
|turn|21
|
|t:|1608427293
|move|p2a: Zapdos|Brave Bird|p1a: Qwilfish
|-damage|p1a: Qwilfish|4\/258
|-damage|p2a: Zapdos|0 fnt|[from] Recoil
|faint|p2a: Zapdos
|move|p1a: Qwilfish|Liquidation|p2: Zapdos|[notarget]
|-fail|p1a: Qwilfish
|
|-heal|p1a: Qwilfish|20\/258|[from] item: Black Sludge
|upkeep
|c|☆inkbug1|jsdssdf
|
|t:|1608427304
|switch|p2a: Toucannon|Toucannon, L88, F|100\/100
|turn|22
|c|☆H2OPulse|This Toucannon looks like a really fun set actually,,, I love it
|c|☆H2OPulse|I want to use a Toucannon
|c|☆inkbug1|i love the touc
|
|t:|1608427334
|move|p1a: Qwilfish|Pain Split|p2a: Toucannon
|-sethp|p2a: Toucannon|54\/100|[from] move: Pain Split|[silent]
|-sethp|p1a: Qwilfish|152\/258|[from] move: Pain Split
|move|p2a: Toucannon|Bullet Seed|p1a: Qwilfish
|-damage|p1a: Qwilfish|129\/258
|-damage|p1a: Qwilfish|106\/258
|-damage|p1a: Qwilfish|81\/258
|-damage|p1a: Qwilfish|56\/258
|-damage|p1a: Qwilfish|34\/258
|-hitcount|p1a: Qwilfish|5
|
|-heal|p1a: Qwilfish|50\/258|[from] item: Black Sludge
|upkeep
|turn|23
|c|☆inkbug1|10\/10 would recommend
|
|t:|1608427347
|move|p1a: Qwilfish|Pain Split|p2a: Toucannon
|-sethp|p2a: Toucannon|36\/100|[from] move: Pain Split|[silent]
|-sethp|p1a: Qwilfish|101\/258|[from] move: Pain Split
|move|p2a: Toucannon|Boomburst|p1a: Qwilfish
|-damage|p1a: Qwilfish|0 fnt
|faint|p1a: Qwilfish
|
|win|H2OPulse
|c|☆inkbug1|gg ! 
|c|☆H2OPulse|Good game!!!!
|c|☆inkbug1|that was . a whole ordeal</script>
</div>
<div class="battle-log battle-log-inline"><div class="inner"><div class="battle-options"><div style="padding-top: 3px; padding-right: 3px; text-align: right"><button class="icon button" name="openBattleOptions" title="Options">Battle Options</button></div></div><div class="inner message-log"><div class="chat"><small>☆inkbug1 and ☆H2OPulse joined</small></div><div class=""><small>Format:</small> <br><strong>[Gen 8] M4A Random Battle</strong></div><div class=""><small><em>Dynamax Clause:</em> You cannot dynamax</small></div><div class=""><small><em>Species Clause:</em> Limit one of each Pokémon</small></div><div class=""><small><em>HP Percentage Mod:</em> HP is shown in percentages</small></div><div class=""><small><em>Sleep Clause Mod:</em> Limit one foe put to sleep</small></div><div class="spacer battle-history"><br></div><div class="battle-history">Battle started between inkbug1 and H2OPulse!<br></div><div class="spacer battle-history"><br></div><div class="battle-history">Go! <strong>Reuniclus</strong>!<br></div><div class="spacer battle-history"><br></div><div class="battle-history">H2OPulse sent out Wormadam (<strong>Wormadam-Sandy</strong>)!<br></div><div class="spacer battle-history"><br></div><h2 class="battle-history">Turn 1</h2><div class="chat chatmessage-h2opulse"><strong style="color:#6e8c2b"><small>☆</small><span class="username" data-name="H2OPulse">H2OPulse</span>:</strong> <em>OH NEAT</em></div><div class="chat chatmessage-inkbug1 mine"><strong style="color:#e46e0f"><small>☆</small><span class="username" data-name="inkbug1">inkbug1</span>:</strong> <em>ok i was lying before this looks like a team id actually build</em></div><div class="chat chatmessage-h2opulse"><strong style="color:#6e8c2b"><small>☆</small><span class="username" data-name="H2OPulse">H2OPulse</span>:</strong> <em>Fjfjfjjgkg</em></div><div class="chat chatmessage-inkbug1 mine"><strong style="color:#e46e0f"><small>☆</small><span class="username" data-name="inkbug1">inkbug1</span>:</strong> <em>t... </em></div><div class="chat chatmessage-inkbug1 mine"><strong style="color:#e46e0f"><small>☆</small><span class="username" data-name="inkbug1">inkbug1</span>:</strong> <em>thats such a fun set</em></div><div class="chat chatmessage-inkbug1 mine"><strong style="color:#e46e0f"><small>☆</small><span class="username" data-name="inkbug1">inkbug1</span>:</strong> <em>okay lets see</em></div><div class="spacer battle-history"><br></div><div class="battle-history">Reuniclus, come back!<br></div><div class="battle-history">Go! <strong>Vanilluxe</strong>!<br></div><div class="battle-history">[Vanilluxe's Snow Warning]<br><small>It started to hail!</small><br></div><div class="spacer battle-history"><br></div><div class="battle-history">The opposing Wormadam used <strong>Stealth Rock</strong>!<br></div><div class="battle-history"><small>Pointed stones float in the air around your team!</small><br></div><div class="spacer battle-history"><br></div><div class="battle-history"><small>(The hail is crashing down.)</small><br></div><div class="spacer battle-history"><br></div><h2 class="battle-history">Turn 2</h2><div class="chat chatmessage-h2opulse"><strong style="color:#6e8c2b"><small>☆</small><span class="username" data-name="H2OPulse">H2OPulse</span>:</strong> <em>Man my team almost has a terrible Reuniclus matchup and then has one really lame thing I don't like that beats Reuniclus</em></div><div class="chat chatmessage-h2opulse"><strong style="color:#6e8c2b"><small>☆</small><span class="username" data-name="H2OPulse">H2OPulse</span>:</strong> <em>Oooo is <i>this</i> the Mega hm</em></div><div class="spacer battle-history"><br></div><div class="battle-history">Vanilluxe used <strong>Blizzard</strong>!<br></div><div class="battle-history"><small>It's super effective!</small><br></div><div class="battle-history"><small>(The opposing Wormadam lost 91% of its health!)</small><br></div><div class="spacer battle-history"><br></div><div class="battle-history">The opposing Wormadam used <strong>Toxic</strong>!<br></div><div class="battle-history"><small>Vanilluxe avoided the attack!</small><br></div><div class="spacer battle-history"><br></div><div class="battle-history"><small>(The hail is crashing down.)</small><br></div><div class="battle-history"><small>The opposing Wormadam restored a little HP using its Leftovers!</small><br></div><div class="spacer battle-history"><br></div><h2 class="battle-history">Turn 3</h2><div class="chat chatmessage-inkbug1 mine"><strong style="color:#e46e0f"><small>☆</small><span class="username" data-name="inkbug1">inkbug1</span>:</strong> <em>oh rip im sorry</em></div><div class="chat chatmessage-h2opulse"><strong style="color:#6e8c2b"><small>☆</small><span class="username" data-name="H2OPulse">H2OPulse</span>:</strong> <em>Pff no worries!</em></div><div class="spacer battle-history"><br></div><div class="battle-history">Vanilluxe used <strong>Blizzard</strong>!<br></div><div class="battle-history"><small>It's super effective!</small><br></div><div class="battle-history"><small>(The opposing Wormadam lost 15% of its health!)</small><br></div><div class="spacer battle-history"><br></div><div class="battle-history">The opposing Wormadam fainted!<br></div><div class="spacer battle-history"><br></div><div class="battle-history"><small>(The hail is crashing down.)</small><br></div><div class="spacer battle-history"><br></div><div class="battle-history">H2OPulse sent out Zapdos (<strong>Zapdos-Galar</strong>)!<br></div><div class="spacer battle-history"><br></div><h2 class="battle-history">Turn 4</h2><div class="chat chatmessage-inkbug1 mine"><strong style="color:#e46e0f"><small>☆</small><span class="username" data-name="inkbug1">inkbug1</span>:</strong> <em>DO NOT intimidate</em></div><div class="chat chatmessage-inkbug1 mine"><strong style="color:#e46e0f"><small>☆</small><span class="username" data-name="inkbug1">inkbug1</span>:</strong> <em>thank god i remembered</em></div><div class="chat chatmessage-h2opulse"><strong style="color:#6e8c2b"><small>☆</small><span class="username" data-name="H2OPulse">H2OPulse</span>:</strong> <em>I love Galarian Zapdgjgjgkgkg</em></div><div class="chat chatmessage-h2opulse"><strong style="color:#6e8c2b"><small>☆</small><span class="username" data-name="H2OPulse">H2OPulse</span>:</strong> <em>f a i r</em></div><div class="spacer battle-history"><br></div><div class="battle-history">Vanilluxe, come back!<br></div><div class="battle-history">Go! <strong>Raichu</strong>!<br></div><div class="battle-history"><small>Pointed stones dug into Raichu!</small><br></div><div class="spacer battle-history"><br></div><div class="battle-history">The opposing Zapdos used <strong>Close Combat</strong>!<br></div><div class="battle-history"><small>(Raichu lost <abbr title="−193/249">77.5%</abbr> of its health!)</small><br></div><div class="battle-history"><small>The opposing Zapdos's Defense fell!</small><br></div><div class="battle-history"><small>The opposing Zapdos's Sp. Def fell!</small><br></div><div class="spacer battle-history"><br></div><div class="battle-history"><small>(The hail is crashing down.)</small><br></div><div class="battle-history"><small>Raichu is buffeted by the hail!</small><br></div><div class="battle-history"><small>The opposing Zapdos is buffeted by the hail!</small><br></div><div class="battle-history"><small>Raichu restored a little HP using its Leftovers!</small><br></div><div class="spacer battle-history"><br></div><h2 class="battle-history">Turn 5</h2><div class="chat chatmessage-inkbug1 mine"><strong style="color:#e46e0f"><small>☆</small><span class="username" data-name="inkbug1">inkbug1</span>:</strong> <em>ow</em></div><div class="spacer battle-history"><br></div><div class="battle-history">H2OPulse withdrew Zapdos!<br></div><div class="battle-history">H2OPulse sent out <strong>Dragalge</strong>!<br></div><div class="spacer battle-history"><br></div><div class="battle-history">Raichu used <strong>Thunderbolt</strong>!<br></div><div class="battle-history"><small>It's not very effective...</small><br></div><div class="battle-history"><small>(The opposing Dragalge lost 15% of its health!)</small><br></div><div class="spacer battle-history"><br></div><div class="battle-history"><small>The hail stopped.</small><br></div><div class="battle-history"><small>Raichu restored a little HP using its Leftovers!</small><br></div><div class="spacer battle-history"><br></div><h2 class="battle-history">Turn 6</h2><div class="spacer battle-history"><br></div><div class="battle-history">Raichu, come back!<br></div><div class="battle-history">Go! <strong>Vanilluxe</strong>!<br></div><div class="battle-history"><small>Pointed stones dug into Vanilluxe!</small><br></div><div class="battle-history">[Vanilluxe's Snow Warning]<br><small>It started to hail!</small><br></div><div class="spacer battle-history"><br></div><div class="battle-history">The opposing Dragalge used <strong>Scald</strong>!<br></div><div class="battle-history"><small>(Vanilluxe lost <abbr title="−81/251">32.3%</abbr> of its health!)</small><br></div><div class="spacer battle-history"><br></div><div class="battle-history"><small>(The hail is crashing down.)</small><br></div><div class="battle-history"><small>The opposing Dragalge is buffeted by the hail!</small><br></div><div class="spacer battle-history"><br></div><h2 class="battle-history">Turn 7</h2><div class="spacer battle-history"><br></div><div class="battle-history"><small>Vanilluxe's Vanillite is reacting to the Key Stone!</small><br>Vanilluxe has Mega Evolved into Mega Vanilluxe!<br></div><div class="battle-history">[Vanilluxe's Cold Sweat]<br><small>It started to rain!</small><br></div><div class="chat"><ul class="utilichart"><li class="result"><span class="col pokemonnamecol" style="white-space: nowrap">Vanilluxe-Mega</span> <span class="col typecol"><img src="https://play.pokemonshowdown.com/sprites/types/Ice.png" alt="Ice" height="14" width="32"></span> <span style="float: left ; min-height: 26px"><span class="col abilitycol">Cold Sweat</span><span class="col abilitycol"></span></span><span style="float: left ; min-height: 26px"><span class="col statcol"><em>HP</em><br>71</span> <span class="col statcol"><em>Atk</em><br>95</span> <span class="col statcol"><em>Def</em><br>85</span> <span class="col statcol"><em>SpA</em><br>160</span> <span class="col statcol"><em>SpD</em><br>115</span> <span class="col statcol"><em>Spe</em><br>109</span> </span></li><li style="clear: both"></li></ul></div><div class="spacer battle-history"><br></div><div class="battle-history">Vanilluxe used <strong>Autotomize</strong>!<br></div><div class="battle-history"><small>Vanilluxe's Speed rose sharply!</small><br></div><div class="battle-history"><small>Vanilluxe became nimble!</small><br></div><div class="spacer battle-history"><br></div><div class="battle-history">The opposing Dragalge used <strong>Scald</strong>!<br></div><div class="battle-history"><small>(Vanilluxe lost <abbr title="−108/251">43.0%</abbr> of its health!)</small><br></div><div class="spacer battle-history"><br></div><div class="battle-history">Vanilluxe fainted!<br></div><div class="spacer battle-history"><br></div><div class="battle-history"><small>(Rain continues to fall.)</small><br></div><div class="chat chatmessage-inkbug1 mine"><strong style="color:#e46e0f"><small>☆</small><span class="username" data-name="inkbug1">inkbug1</span>:</strong> <em>oh mistake</em></div><div class="chat chatmessage-h2opulse"><strong style="color:#6e8c2b"><small>☆</small><span class="username" data-name="H2OPulse">H2OPulse</span>:</strong> <em>Ooof fair</em></div><div class="chat chatmessage-inkbug1 mine"><strong style="color:#e46e0f"><small>☆</small><span class="username" data-name="inkbug1">inkbug1</span>:</strong> <em>didnt realise dragalge ran anything vanilluxe was gonna be scared of :'D </em></div><div class="spacer battle-history"><br></div><div class="battle-history">Go! <strong>Reuniclus</strong>!<br></div><div class="spacer battle-history"><br></div><h2 class="battle-history">Turn 8</h2><div class="spacer battle-history"><br></div><div class="battle-history">The opposing Dragalge used <strong>Scald</strong>!<br></div><div class="battle-history"><small>(Reuniclus lost <abbr title="−141/322">43.8%</abbr> of its health!)</small><br></div><div class="spacer battle-history"><br></div><div class="battle-history">Reuniclus used <strong>Calm Mind</strong>!<br></div><div class="battle-history"><small>Reuniclus's Sp. Atk rose!</small><br></div><div class="battle-history"><small>Reuniclus's Sp. Def rose!</small><br></div><div class="spacer battle-history"><br></div><div class="battle-history"><small>(Rain continues to fall.)</small><br></div><div class="spacer battle-history"><br></div><h2 class="battle-history">Turn 9</h2><div class="chat chatmessage-inkbug1 mine"><strong style="color:#e46e0f"><small>☆</small><span class="username" data-name="inkbug1">inkbug1</span>:</strong> <em>ow </em></div><div class="chat chatmessage-inkbug1 mine"><strong style="color:#e46e0f"><small>☆</small><span class="username" data-name="inkbug1">inkbug1</span>:</strong> <em>fuckin rain</em></div><div class="chat chatmessage-inkbug1 mine"><strong style="color:#e46e0f"><small>☆</small><span class="username" data-name="inkbug1">inkbug1</span>:</strong> <em>i am a genius</em></div><div class="spacer battle-history"><br></div><div class="battle-history">The opposing Dragalge used <strong>Scald</strong>!<br></div><div class="battle-history"><small>(Reuniclus lost <abbr title="−89/322">27.6%</abbr> of its health!)</small><br></div><div class="spacer battle-history"><br></div><div class="battle-history">Reuniclus used <strong>Recover</strong>!<br></div><div class="battle-history"><small>Reuniclus had its HP restored.</small><br></div><div class="spacer battle-history"><br></div><div class="battle-history"><small>(Rain continues to fall.)</small><br></div><div class="spacer battle-history"><br></div><h2 class="battle-history">Turn 10</h2><div class="chat chatmessage-h2opulse"><strong style="color:#6e8c2b"><small>☆</small><span class="username" data-name="H2OPulse">H2OPulse</span>:</strong> <em>It has HP Fire of all things</em></div><div class="chat chatmessage-inkbug1 mine"><strong style="color:#e46e0f"><small>☆</small><span class="username" data-name="inkbug1">inkbug1</span>:</strong> <em>thats so funny okay</em></div><div class="chat chatmessage-h2opulse"><strong style="color:#6e8c2b"><small>☆</small><span class="username" data-name="H2OPulse">H2OPulse</span>:</strong> <em>oH THAT'S WHY</em></div><div class="chat chatmessage-h2opulse"><strong style="color:#6e8c2b"><small>☆</small><span class="username" data-name="H2OPulse">H2OPulse</span>:</strong> <em>WAS WONDERING HOW I KOED WITH THE SECOND SCALD</em></div><div class="chat chatmessage-inkbug1 mine"><strong style="color:#e46e0f"><small>☆</small><span class="username" data-name="inkbug1">inkbug1</span>:</strong> <em>yeah</em></div><div class="chat chatmessage-inkbug1 mine"><strong style="color:#e46e0f"><small>☆</small><span class="username" data-name="inkbug1">inkbug1</span>:</strong> <em>rain</em></div><div class="chat chatmessage-inkbug1 mine"><strong style="color:#e46e0f"><small>☆</small><span class="username" data-name="inkbug1">inkbug1</span>:</strong> <em>:'D </em></div><div class="spacer battle-history"><br></div><div class="battle-history">H2OPulse withdrew Dragalge!<br></div><div class="battle-history">H2OPulse sent out <strong>Gardevoir</strong>!<br></div><div class="battle-history">[The opposing Gardevoir's Trace]<br>[The opposing Gardevoir's Magic Guard]<br><small>The opposing Gardevoir traced Reuniclus's Magic Guard!</small><br></div><div class="spacer battle-history"><br></div><div class="battle-history">Reuniclus used <strong>Calm Mind</strong>!<br></div><div class="battle-history"><small>Reuniclus's Sp. Atk rose!</small><br></div><div class="battle-history"><small>Reuniclus's Sp. Def rose!</small><br></div><div class="spacer battle-history"><br></div><div class="battle-history"><small>(Rain continues to fall.)</small><br></div><div class="spacer battle-history"><br></div><h2 class="battle-history">Turn 11</h2><div class="spacer battle-history"><br></div><div class="battle-history"><small>The opposing Gardevoir's Gardevoirite is reacting to the Key Stone!</small><br>The opposing Gardevoir has Mega Evolved into Mega Gardevoir!<br></div><div class="chat"><ul class="utilichart"><li class="result"><span class="col pokemonnamecol" style="white-space: nowrap">Gardevoir-Mega</span> <span class="col typecol"><img src="https://play.pokemonshowdown.com/sprites/types/Psychic.png" alt="Psychic" height="14" width="32"><img src="https://play.pokemonshowdown.com/sprites/types/Fairy.png" alt="Fairy" height="14" width="32"></span> <span style="float: left ; min-height: 26px"><span class="col abilitycol">Pixilate</span><span class="col abilitycol"></span></span><span style="float: left ; min-height: 26px"><span class="col statcol"><em>HP</em><br>68</span> <span class="col statcol"><em>Atk</em><br>85</span> <span class="col statcol"><em>Def</em><br>65</span> <span class="col statcol"><em>SpA</em><br>165</span> <span class="col statcol"><em>SpD</em><br>135</span> <span class="col statcol"><em>Spe</em><br>100</span> </span></li><li style="clear: both"></li></ul></div><div class="spacer battle-history"><br></div><div class="battle-history">The opposing Gardevoir used <strong>Calm Mind</strong>!<br></div><div class="battle-history"><small>The opposing Gardevoir's Sp. Atk rose!</small><br></div><div class="battle-history"><small>The opposing Gardevoir's Sp. Def rose!</small><br></div><div class="spacer battle-history"><br></div><div class="battle-history">Reuniclus used <strong>Shadow Ball</strong>!<br></div><div class="battle-history"><small>It's super effective!</small><br></div><div class="battle-history"><small>(The opposing Gardevoir lost 65% of its health!)</small><br></div><div class="spacer battle-history"><br></div><div class="battle-history"><small>The rain stopped.</small><br></div><div class="spacer battle-history"><br></div><h2 class="battle-history">Turn 12</h2><div class="spacer battle-history"><br></div><div class="battle-history">The opposing Gardevoir used <strong>Hyper Voice</strong>!<br></div><div class="battle-history"><small>(Reuniclus lost <abbr title="−127/322">39.4%</abbr> of its health!)</small><br></div><div class="spacer battle-history"><br></div><div class="battle-history">Reuniclus used <strong>Shadow Ball</strong>!<br></div><div class="battle-history"><small>It's super effective!</small><br></div><div class="battle-history"><small>(The opposing Gardevoir lost 35% of its health!)</small><br></div><div class="spacer battle-history"><br></div><div class="battle-history">The opposing Gardevoir fainted!<br></div><div class="spacer battle-history"><br></div><div class="battle-history">H2OPulse sent out Calyrex (<strong>Calyrex-Shadow</strong>)!<br></div><div class="battle-history">[The opposing Calyrex's As One]<br><small>The opposing Calyrex has two Abilities!</small><br></div><div class="battle-history">[The opposing Calyrex's Unnerve]<br><small>Your team is too nervous to eat Berries!</small><br></div><div class="spacer battle-history"><br></div><h2 class="battle-history">Turn 13</h2><div class="chat chatmessage-inkbug1 mine"><strong style="color:#e46e0f"><small>☆</small><span class="username" data-name="inkbug1">inkbug1</span>:</strong> <em>A</em></div><div class="spacer battle-history"><br></div><div class="battle-history">The opposing Calyrex used <strong>Substitute</strong>!<br></div><div class="battle-history"><small>The opposing Calyrex put in a substitute!</small><br></div><div class="battle-history"><small>(The opposing Calyrex lost 25% of its health!)</small><br></div><div class="spacer battle-history"><br></div><div class="battle-history">Reuniclus used <strong>Shadow Ball</strong>!<br></div><div class="battle-history"><small>It's super effective!</small><br></div><div class="battle-history"><small>The opposing Calyrex's substitute faded!</small><br></div><div class="spacer battle-history"><br></div><div class="battle-history"><small>The opposing Calyrex restored a little HP using its Leftovers!</small><br></div><div class="spacer battle-history"><br></div><h2 class="battle-history">Turn 14</h2><div class="spacer battle-history"><br></div><div class="battle-history">The opposing Calyrex used <strong>Astral Barrage</strong>!<br></div><div class="battle-history"><small>It's super effective!</small><br></div><div class="battle-history"><small>(Reuniclus lost <abbr title="−126/322">39.1%</abbr> of its health!)</small><br></div><div class="spacer battle-history"><br></div><div class="battle-history">Reuniclus fainted!<br></div><div class="battle-history">[The opposing Calyrex's Grim Neigh]<br></div><div class="battle-history"><small>The opposing Calyrex's Sp. Atk rose!</small><br></div><div class="spacer battle-history"><br></div><div class="battle-history"><small>The opposing Calyrex restored a little HP using its Leftovers!</small><br></div><div class="chat chatmessage-inkbug1 mine"><strong style="color:#e46e0f"><small>☆</small><span class="username" data-name="inkbug1">inkbug1</span>:</strong> <em>NOT enough</em></div><div class="chat chatmessage-inkbug1 mine"><strong style="color:#e46e0f"><small>☆</small><span class="username" data-name="inkbug1">inkbug1</span>:</strong> <em>alas</em></div><div class="chat chatmessage-inkbug1 mine"><strong style="color:#e46e0f"><small>☆</small><span class="username" data-name="inkbug1">inkbug1</span>:</strong> <em>what do we have for this nothing great</em></div><div class="spacer battle-history"><br></div><div class="battle-history">Go! <strong>Pangoro</strong>!<br></div><div class="battle-history"><small>Pointed stones dug into Pangoro!</small><br></div><div class="spacer battle-history"><br></div><h2 class="battle-history">Turn 15</h2><div class="spacer battle-history"><br></div><div class="battle-history">H2OPulse withdrew Calyrex!<br></div><div class="battle-history">H2OPulse sent out Zapdos (<strong>Zapdos-Galar</strong>)!<br></div><div class="spacer battle-history"><br></div><div class="battle-history">Pangoro used <strong>Knock Off</strong>!<br></div><div class="battle-history"><small>It's not very effective...</small><br></div><div class="battle-history"><small>(The opposing Zapdos lost 23% of its health!)</small><br></div><div class="spacer battle-history"><br></div><h2 class="battle-history">Turn 16</h2><div class="spacer battle-history"><br></div><div class="battle-history">Pangoro, come back!<br></div><div class="battle-history">Go! <strong>Raichu</strong>!<br></div><div class="battle-history"><small>Pointed stones dug into Raichu!</small><br></div><div class="spacer battle-history"><br></div><div class="battle-history">The opposing Zapdos used <strong>Brave Bird</strong>!<br></div><div class="battle-history"><small>It's not very effective...</small><br></div><div class="battle-history"><small>(Raichu lost <abbr title="−9/249">3.6%</abbr> of its health!)</small><br></div><div class="battle-history"><small>The opposing Zapdos was damaged by the recoil!</small><br></div><div class="spacer battle-history"><br></div><div class="battle-history">Raichu fainted!<br></div><div class="spacer battle-history"><br></div><div class="battle-history">Go! <strong>Kecleon</strong>!<br></div><div class="battle-history"><small>Pointed stones dug into Kecleon!</small><br></div><div class="spacer battle-history"><br></div><h2 class="battle-history">Turn 17</h2><div class="spacer battle-history"><br></div><div class="battle-history">Kecleon used <strong>Shadow Sneak</strong>!<br></div><div class="spacer battle-history"><br></div><div class="battle-history">[Kecleon's Protean]<br><small>Kecleon's type changed to Ghost!</small><br></div><div class="battle-history"><small>(The opposing Zapdos lost 17% of its health!)</small><br></div><div class="spacer battle-history"><br></div><div class="battle-history">The opposing Zapdos used <strong>Close Combat</strong>!<br></div><div class="battle-history"><small>It doesn't affect Kecleon...</small><br></div><div class="spacer battle-history"><br></div><div class="battle-history"><small>Kecleon restored a little HP using its Leftovers!</small><br></div><div class="spacer battle-history"><br></div><h2 class="battle-history">Turn 18</h2><div class="chat chatmessage-h2opulse"><strong style="color:#6e8c2b"><small>☆</small><span class="username" data-name="H2OPulse">H2OPulse</span>:</strong> <em>RESPECT</em></div><div class="chat chatmessage-inkbug1 mine"><strong style="color:#e46e0f"><small>☆</small><span class="username" data-name="inkbug1">inkbug1</span>:</strong> <em>if megamax eevee had a better learnset there would have been no survivors</em></div><div class="chat chatmessage-h2opulse"><strong style="color:#6e8c2b"><small>☆</small><span class="username" data-name="H2OPulse">H2OPulse</span>:</strong> <em>part of me wants to see how much that does to Calyrex</em></div><div class="chat chatmessage-h2opulse"><strong style="color:#6e8c2b"><small>☆</small><span class="username" data-name="H2OPulse">H2OPulse</span>:</strong> <em>Hfjkgkggb righ t</em></div><div class="spacer battle-history"><br></div><div class="battle-history">Kecleon used <strong>Shadow Sneak</strong>!<br></div><div class="battle-history"><small>(The opposing Zapdos lost 17% of its health!)</small><br></div><div class="spacer battle-history"><br></div><div class="battle-history">The opposing Zapdos used <strong>Throat Chop</strong>!<br></div><div class="battle-history"><small>It's super effective!</small><br></div><div class="battle-history"><small>(Kecleon lost <abbr title="−150/249">60.2%</abbr> of its health!)</small><br></div><div class="spacer battle-history"><br></div><div class="battle-history"><small>Kecleon restored a little HP using its Leftovers!</small><br></div><div class="spacer battle-history"><br></div><h2 class="battle-history">Turn 19</h2><div class="chat chatmessage-inkbug1 mine"><strong style="color:#e46e0f"><small>☆</small><span class="username" data-name="inkbug1">inkbug1</span>:</strong> <em>wow you sure lived that.</em></div><div class="spacer battle-history"><br></div><div class="battle-history">Kecleon used <strong>Shadow Sneak</strong>!<br></div><div class="battle-history"><small>(The opposing Zapdos lost 15% of its health!)</small><br></div><div class="spacer battle-history"><br></div><div class="battle-history">The opposing Zapdos used <strong>Throat Chop</strong>!<br></div><div class="battle-history"><small>It's super effective!</small><br></div><div class="battle-history"><small>(Kecleon lost <abbr title="−98/249">39.4%</abbr> of its health!)</small><br></div><div class="spacer battle-history"><br></div><div class="battle-history">Kecleon fainted!<br></div><div class="spacer battle-history"><br></div><div class="battle-history">Go! <strong>Pangoro</strong>!<br></div><div class="battle-history"><small>Pointed stones dug into Pangoro!</small><br></div><div class="spacer battle-history"><br></div><h2 class="battle-history">Turn 20</h2><div class="spacer battle-history"><br></div><div class="battle-history"><small>The opposing Zapdos surrounded itself with its Z-Power!</small><br></div><div class="spacer battle-history"><br></div><div class="battle-history"><small>The opposing Zapdos unleashes its full-force Z-Move!</small><br>The opposing Zapdos used <strong>Supersonic Skystrike</strong>!<br></div><div class="battle-history"><small>It's super effective!</small><br></div><div class="battle-history"><small>(Pangoro lost <abbr title="−266/304">87.5%</abbr> of its health!)</small><br></div><div class="spacer battle-history"><br></div><div class="battle-history">Pangoro fainted!<br></div><div class="chat chatmessage-inkbug1 mine"><strong style="color:#e46e0f"><small>☆</small><span class="username" data-name="inkbug1">inkbug1</span>:</strong> <em>a</em></div><div class="chat chatmessage-inkbug1 mine"><strong style="color:#e46e0f"><small>☆</small><span class="username" data-name="inkbug1">inkbug1</span>:</strong> <em>okay i had no choice </em></div><div class="spacer battle-history"><br></div><div class="battle-history">Go! <strong>Qwilfish</strong>!<br></div><div class="battle-history"><small>Pointed stones dug into Qwilfish!</small><br></div><div class="battle-history">[Qwilfish's Intimidate]<br></div><div class="battle-history"><small>The opposing Zapdos's Attack fell!</small><br></div><div class="battle-history">[The opposing Zapdos's Defiant]<br></div><div class="battle-history"><small>The opposing Zapdos's Attack rose sharply!</small><br></div><div class="spacer battle-history"><br></div><h2 class="battle-history">Turn 21</h2><div class="spacer battle-history"><br></div><div class="battle-history">The opposing Zapdos used <strong>Brave Bird</strong>!<br></div><div class="battle-history"><small>(Qwilfish lost <abbr title="−222/258">86.0%</abbr> of its health!)</small><br></div><div class="battle-history"><small>The opposing Zapdos was damaged by the recoil!</small><br></div><div class="spacer battle-history"><br></div><div class="battle-history">The opposing Zapdos fainted!<br></div><div class="battle-history">Qwilfish used <strong>Liquidation</strong>!<br></div><div class="battle-history"><small>But it failed!</small><br></div><div class="spacer battle-history"><br></div><div class="battle-history"><small>Qwilfish restored a little HP using its Black Sludge!</small><br></div><div class="chat chatmessage-inkbug1 mine"><strong style="color:#e46e0f"><small>☆</small><span class="username" data-name="inkbug1">inkbug1</span>:</strong> <em>jsdssdf</em></div><div class="spacer battle-history"><br></div><div class="battle-history">H2OPulse sent out <strong>Toucannon</strong>!<br></div><div class="spacer battle-history"><br></div><h2 class="battle-history">Turn 22</h2><div class="chat chatmessage-h2opulse"><strong style="color:#6e8c2b"><small>☆</small><span class="username" data-name="H2OPulse">H2OPulse</span>:</strong> <em>This Toucannon looks like a really fun set actually,,, I love it</em></div><div class="chat chatmessage-h2opulse"><strong style="color:#6e8c2b"><small>☆</small><span class="username" data-name="H2OPulse">H2OPulse</span>:</strong> <em>I want to use a Toucannon</em></div><div class="chat chatmessage-inkbug1 mine"><strong style="color:#e46e0f"><small>☆</small><span class="username" data-name="inkbug1">inkbug1</span>:</strong> <em>i love the touc</em></div><div class="spacer battle-history"><br></div><div class="battle-history">Qwilfish used <strong>Pain Split</strong>!<br></div><div class="battle-history"><small>The battlers shared their pain!</small><br></div><div class="spacer battle-history"><br></div><div class="battle-history">The opposing Toucannon used <strong>Bullet Seed</strong>!<br></div><div class="battle-history"><small>(Qwilfish lost <abbr title="−23/258">8.9%</abbr> of its health!)</small><br></div><div class="battle-history"><small>(Qwilfish lost <abbr title="−23/258">8.9%</abbr> of its health!)</small><br></div><div class="battle-history"><small>(Qwilfish lost <abbr title="−25/258">9.7%</abbr> of its health!)</small><br></div><div class="battle-history"><small>(Qwilfish lost <abbr title="−25/258">9.7%</abbr> of its health!)</small><br></div><div class="battle-history"><small>(Qwilfish lost <abbr title="−22/258">8.5%</abbr> of its health!)</small><br></div><div class="battle-history"><small>The Pokémon was hit 5 times!</small><br></div><div class="spacer battle-history"><br></div><div class="battle-history"><small>Qwilfish restored a little HP using its Black Sludge!</small><br></div><div class="spacer battle-history"><br></div><h2 class="battle-history">Turn 23</h2><div class="chat chatmessage-inkbug1 mine"><strong style="color:#e46e0f"><small>☆</small><span class="username" data-name="inkbug1">inkbug1</span>:</strong> <em>10/10 would recommend</em></div><div class="spacer battle-history"><br></div><div class="battle-history">Qwilfish used <strong>Pain Split</strong>!<br></div><div class="battle-history"><small>The battlers shared their pain!</small><br></div><div class="spacer battle-history"><br></div><div class="battle-history">The opposing Toucannon used <strong>Boomburst</strong>!<br></div><div class="battle-history"><small>(Qwilfish lost <abbr title="−101/258">39.1%</abbr> of its health!)</small><br></div><div class="spacer battle-history"><br></div><div class="battle-history">Qwilfish fainted!<br></div><div class="spacer battle-history"><br></div><div class="battle-history"><strong>H2OPulse</strong> won the battle!<br></div><div class="chat chatmessage-inkbug1 mine"><strong style="color:#e46e0f"><small>☆</small><span class="username" data-name="inkbug1">inkbug1</span>:</strong> <em>gg ! </em></div><div class="chat chatmessage-h2opulse"><strong style="color:#6e8c2b"><small>☆</small><span class="username" data-name="H2OPulse">H2OPulse</span>:</strong> <em>Good game!!!!</em></div><div class="chat chatmessage-inkbug1 mine"><strong style="color:#e46e0f"><small>☆</small><span class="username" data-name="inkbug1">inkbug1</span>:</strong> <em>that was . a whole ordeal</em></div></div><div class="inner-preempt message-log"></div></div></div>
</div>
<script>
let daily = Math.floor(Date.now()/1000/60/60/24);document.write('<script src="https://play.pokemonshowdown.com/js/replay-embed.js?version'+daily+'"></'+'script>');
</script>
