<!DOCTYPE html>
<meta charset="utf-8" />
<!-- version 1 -->
<title>[Gen 8] Megas for All replay: BlaueBrause vs. pokisokis</title>
<style>
html,body {font-family:Verdana, sans-serif;font-size:10pt;margin:0;padding:0;}body{padding:12px 0;} .battle-log {font-family:Verdana, sans-serif;font-size:10pt;} .battle-log-inline {border:1px solid #AAAAAA;background:#EEF2F5;color:black;max-width:640px;margin:0 auto 80px;padding-bottom:5px;} .battle-log .inner {padding:4px 8px 0px 8px;} .battle-log .inner-preempt {padding:0 8px 4px 8px;} .battle-log .inner-after {margin-top:0.5em;} .battle-log h2 {margin:0.5em -8px;padding:4px 8px;border:1px solid #AAAAAA;background:#E0E7EA;border-left:0;border-right:0;font-family:Verdana, sans-serif;font-size:13pt;} .battle-log .chat {vertical-align:middle;padding:3px 0 3px 0;font-size:8pt;} .battle-log .chat strong {color:#40576A;} .battle-log .chat em {padding:1px 4px 1px 3px;color:#000000;font-style:normal;} .chat.mine {background:rgba(0,0,0,0.05);margin-left:-8px;margin-right:-8px;padding-left:8px;padding-right:8px;} .spoiler {color:#BBBBBB;background:#BBBBBB;padding:0px 3px;} .spoiler:hover, .spoiler:active, .spoiler-shown {color:#000000;background:#E2E2E2;padding:0px 3px;} .spoiler a {color:#BBBBBB;} .spoiler:hover a, .spoiler:active a, .spoiler-shown a {color:#2288CC;} .chat code, .chat .spoiler:hover code, .chat .spoiler:active code, .chat .spoiler-shown code {border:1px solid #C0C0C0;background:#EEEEEE;color:black;padding:0 2px;} .chat .spoiler code {border:1px solid #CCCCCC;background:#CCCCCC;color:#CCCCCC;} .battle-log .rated {padding:3px 4px;} .battle-log .rated strong {color:white;background:#89A;padding:1px 4px;border-radius:4px;} .spacer {margin-top:0.5em;} .message-announce {background:#6688AA;color:white;padding:1px 4px 2px;} .message-announce a, .broadcast-green a, .broadcast-blue a, .broadcast-red a {color:#DDEEFF;} .broadcast-green {background-color:#559955;color:white;padding:2px 4px;} .broadcast-blue {background-color:#6688AA;color:white;padding:2px 4px;} .infobox {border:1px solid #6688AA;padding:2px 4px;} .infobox-limited {max-height:200px;overflow:auto;overflow-x:hidden;} .broadcast-red {background-color:#AA5544;color:white;padding:2px 4px;} .message-learn-canlearn {font-weight:bold;color:#228822;text-decoration:underline;} .message-learn-cannotlearn {font-weight:bold;color:#CC2222;text-decoration:underline;} .message-effect-weak {font-weight:bold;color:#CC2222;} .message-effect-resist {font-weight:bold;color:#6688AA;} .message-effect-immune {font-weight:bold;color:#666666;} .message-learn-list {margin-top:0;margin-bottom:0;} .message-throttle-notice, .message-error {color:#992222;} .message-overflow, .chat small.message-overflow {font-size:0pt;} .message-overflow::before {font-size:9pt;content:'...';} .subtle {color:#3A4A66;}
</style>
<div class="wrapper replay-wrapper" style="max-width:1180px;margin:0 auto">
<input type="hidden" name="replayid" value="dragonheaven-gen8megasforall-1046" />
<div class="battle"></div><div class="battle-log"></div><div class="replay-controls"></div><div class="replay-controls-2"></div>
<h1 style="font-weight:normal;text-align:center"><strong>[Gen 8] Megas for All</strong><br /><a href="http://pokemonshowdown.com/users/blauebrause" class="subtle" target="_blank">BlaueBrause</a> vs. <a href="http://pokemonshowdown.com/users/pokisokis" class="subtle" target="_blank">pokisokis</a></h1>
<script type="text/plain" class="battle-log-data">|j|☆BlaueBrause

|j|☆pokisokis
|t:|1609625315
|player|p1|BlaueBrause|psychic|
|player|p2|pokisokis|102|
|teamsize|p1|6
|teamsize|p2|6
|gametype|singles
|gen|8
|tier|[Gen 8] Megas for All
|clearpoke
|poke|p1|Meganium, M|
|poke|p1|Charizard, F|
|poke|p1|Torkoal, F|
|poke|p1|Kommo-o, F|
|poke|p1|Clefable, F|
|poke|p1|Cresselia, F|
|poke|p2|Pelipper, M|
|poke|p2|Barraskewda, F|
|poke|p2|Zapdos|
|poke|p2|Ferrothorn, M|
|poke|p2|Slowking-Galar, F|
|poke|p2|Walrein, M|
|rule|HP Percentage Mod: HP is shown in percentages
|rule|Endless Battle Clause: Forcing endless battles is banned
|rule|OHKO Clause: OHKO moves are banned
|rule|Evasion Moves Clause: Evasion moves are banned
|rule|Species Clause: Limit one of each Pokémon
|rule|Dynamax Clause: You cannot dynamax
|rule|Sleep Clause Mod: Limit one foe put to sleep
|rule|Freeze Clause Mod: Limit one foe frozen
|teampreview
|c|☆BlaueBrause|glhf!
|c|☆pokisokis|u2
|
|t:|1609625339
|start
|switch|p1a: Bonne Nuit|Cresselia, F|444\/444
|switch|p2a: Tusky Boi|Walrein, M|100\/100
|turn|1
|
|t:|1609625349
|detailschange|p2a: Tusky Boi|Walrein-Mega, M
|-mega|p2a: Tusky Boi|Walrein|Walreinite
|-weather|RainDance|[from] ability: Drizzle|[of] p2a: Tusky Boi
|-start|p2a: Tusky Boi|typechange|Ice\/Water|[silent]
|raw|<ul class="utilichart"><li class="result"><span class="col pokemonnamecol" style="white-space: nowrap">Walrein-Mega<\/span> <span class="col typecol"><img src="https:\/\/play.pokemonshowdown.com\/sprites\/types\/Ice.png" alt="Ice" height="14" width="32"><img src="https:\/\/play.pokemonshowdown.com\/sprites\/types\/Water.png" alt="Water" height="14" width="32"><\/span> <span style="float: left ; min-height: 26px"><span class="col abilitycol">Drizzle<\/span><span class="col abilitycol"><\/span><\/span><span style="float: left ; min-height: 26px"><span class="col statcol"><em>HP<\/em><br>110<\/span> <span class="col statcol"><em>Atk<\/em><br>110<\/span> <span class="col statcol"><em>Def<\/em><br>90<\/span> <span class="col statcol"><em>SpA<\/em><br>145<\/span> <span class="col statcol"><em>SpD<\/em><br>90<\/span> <span class="col statcol"><em>Spe<\/em><br>85<\/span> <\/span><\/li><li style="clear: both"><\/li><\/ul>
|move|p1a: Bonne Nuit|Calm Mind|p1a: Bonne Nuit
|-boost|p1a: Bonne Nuit|spa|1
|-boost|p1a: Bonne Nuit|spd|1
|move|p2a: Tusky Boi|Flip Turn|p1a: Bonne Nuit
|-damage|p1a: Bonne Nuit|372\/444
|
|t:|1609625364
|switch|p2a: Incoming|Barraskewda, F, shiny|100\/100|[from]move: Flip Turn
|
|-weather|RainDance|[upkeep]
|-heal|p1a: Bonne Nuit|399\/444|[from] item: Leftovers
|upkeep
|turn|2
|
|t:|1609625371
|switch|p1a: Slowkoal?|Torkoal, F|343\/343
|-weather|SunnyDay|[from] ability: Drought|[of] p1a: Slowkoal?
|move|p2a: Incoming|Flip Turn|p1a: Slowkoal?
|-supereffective|p1a: Slowkoal?
|-damage|p1a: Slowkoal?|245\/343
|
|t:|1609625379
|switch|p2a: Singin'|Pelipper, M|100\/100|[from]move: Flip Turn
|-weather|RainDance|[from] ability: Drizzle|[of] p2a: Singin'
|
|-weather|RainDance|[upkeep]
|upkeep
|turn|3
|c|☆BlaueBrause|clever
|j| inkbug1
|
|t:|1609625405
|move|p2a: Singin'|Scald|p1a: Slowkoal?
|-supereffective|p1a: Slowkoal?
|-damage|p1a: Slowkoal?|0 fnt
|faint|p1a: Slowkoal?
|
|-weather|RainDance|[upkeep]
|upkeep
|
|t:|1609625412
|switch|p1a: Bonne Nuit|Cresselia, F|399\/444
|turn|4
|
|t:|1609625418
|move|p1a: Bonne Nuit|Calm Mind|p1a: Bonne Nuit
|-boost|p1a: Bonne Nuit|spa|1
|-boost|p1a: Bonne Nuit|spd|1
|move|p2a: Singin'|U-turn|p1a: Bonne Nuit
|-supereffective|p1a: Bonne Nuit
|-damage|p1a: Bonne Nuit|359\/444
|
|t:|1609625428
|switch|p2a: Incoming|Barraskewda, F, shiny|100\/100|[from]move: U-turn
|
|-weather|RainDance|[upkeep]
|-heal|p1a: Bonne Nuit|386\/444|[from] item: Leftovers
|upkeep
|turn|5
|
|t:|1609625437
|switch|p1a: Knight of Light|Kommo-o, F|354\/354
|move|p2a: Incoming|Waterfall|p1a: Knight of Light
|-resisted|p1a: Knight of Light
|-damage|p1a: Knight of Light|244\/354
|
|-weather|RainDance|[upkeep]
|-heal|p1a: Knight of Light|266\/354|[from] item: Leftovers
|upkeep
|turn|6
|
|t:|1609625453
|switch|p2a: Dunder Birb|Zapdos, shiny|100\/100
|switch|p1a: Bonne Nuit|Cresselia, F|386\/444
|
|-weather|none
|-heal|p1a: Bonne Nuit|413\/444|[from] item: Leftovers
|upkeep
|turn|7
|
|t:|1609625465
|switch|p2a: Tusky Boi|Walrein-Mega, M|100\/100
|-start|p2a: Tusky Boi|typechange|Ice\/Water|[silent]
|-weather|RainDance|[from] ability: Drizzle|[of] p2a: Tusky Boi
|move|p1a: Bonne Nuit|Calm Mind|p1a: Bonne Nuit
|-boost|p1a: Bonne Nuit|spa|1
|-boost|p1a: Bonne Nuit|spd|1
|
|-weather|RainDance|[upkeep]
|-heal|p1a: Bonne Nuit|440\/444|[from] item: Leftovers
|upkeep
|turn|8
|
|t:|1609625474
|move|p1a: Bonne Nuit|Substitute|p1a: Bonne Nuit
|-start|p1a: Bonne Nuit|Substitute
|-damage|p1a: Bonne Nuit|329\/444
|move|p2a: Tusky Boi|Super Fang|p1a: Bonne Nuit
|-end|p1a: Bonne Nuit|Substitute
|
|-weather|RainDance|[upkeep]
|-heal|p1a: Bonne Nuit|356\/444|[from] item: Leftovers
|upkeep
|turn|9
|
|t:|1609625483
|move|p1a: Bonne Nuit|Calm Mind|p1a: Bonne Nuit
|-boost|p1a: Bonne Nuit|spa|1
|-boost|p1a: Bonne Nuit|spd|1
|move|p2a: Tusky Boi|Super Fang|p1a: Bonne Nuit
|-damage|p1a: Bonne Nuit|178\/444
|
|-weather|RainDance|[upkeep]
|-heal|p1a: Bonne Nuit|205\/444|[from] item: Leftovers
|upkeep
|turn|10
|
|t:|1609625493
|move|p1a: Bonne Nuit|Substitute|p1a: Bonne Nuit
|-start|p1a: Bonne Nuit|Substitute
|-damage|p1a: Bonne Nuit|94\/444
|move|p2a: Tusky Boi|Flip Turn|p1a: Bonne Nuit
|-activate|p1a: Bonne Nuit|move: Substitute|[damage]
|
|t:|1609625504
|switch|p2a: Incoming|Barraskewda, F, shiny|100\/100|[from]move: Flip Turn
|
|-weather|RainDance|[upkeep]
|-heal|p1a: Bonne Nuit|121\/444|[from] item: Leftovers
|upkeep
|turn|11
|
|t:|1609625509
|move|p2a: Incoming|Flip Turn|p1a: Bonne Nuit
|-end|p1a: Bonne Nuit|Substitute
|
|t:|1609625521
|switch|p2a: Deez Nuts|Ferrothorn, M|100\/100|[from]move: Flip Turn
|move|p1a: Bonne Nuit|Stored Power|p2a: Deez Nuts
|-resisted|p2a: Deez Nuts
|-crit|p2a: Deez Nuts
|-damage|p2a: Deez Nuts|66\/100
|
|-weather|none
|-heal|p1a: Bonne Nuit|148\/444|[from] item: Leftovers
|-heal|p2a: Deez Nuts|72\/100|[from] item: Leftovers
|upkeep
|turn|12
|
|t:|1609625530
|move|p1a: Bonne Nuit|Substitute|p1a: Bonne Nuit
|-start|p1a: Bonne Nuit|Substitute
|-damage|p1a: Bonne Nuit|37\/444
|move|p2a: Deez Nuts|Knock Off|p1a: Bonne Nuit
|-supereffective|p1a: Bonne Nuit
|-activate|p1a: Bonne Nuit|move: Substitute|[damage]
|
|-heal|p1a: Bonne Nuit|64\/444|[from] item: Leftovers
|-heal|p2a: Deez Nuts|79\/100|[from] item: Leftovers
|upkeep
|turn|13
|
|t:|1609625539
|move|p1a: Bonne Nuit|Moonlight|p1a: Bonne Nuit
|-heal|p1a: Bonne Nuit|286\/444
|move|p2a: Deez Nuts|Knock Off|p1a: Bonne Nuit
|-supereffective|p1a: Bonne Nuit
|-end|p1a: Bonne Nuit|Substitute
|
|-heal|p1a: Bonne Nuit|313\/444|[from] item: Leftovers
|-heal|p2a: Deez Nuts|85\/100|[from] item: Leftovers
|upkeep
|turn|14
|
|t:|1609625550
|switch|p2a: Tusky Boi|Walrein-Mega, M|100\/100
|-start|p2a: Tusky Boi|typechange|Ice\/Water|[silent]
|-weather|RainDance|[from] ability: Drizzle|[of] p2a: Tusky Boi
|move|p1a: Bonne Nuit|Substitute|p1a: Bonne Nuit
|-start|p1a: Bonne Nuit|Substitute
|-damage|p1a: Bonne Nuit|202\/444
|
|-weather|RainDance|[upkeep]
|-heal|p1a: Bonne Nuit|229\/444|[from] item: Leftovers
|upkeep
|turn|15
|
|t:|1609625559
|move|p1a: Bonne Nuit|Calm Mind|p1a: Bonne Nuit
|-boost|p1a: Bonne Nuit|spa|1
|-boost|p1a: Bonne Nuit|spd|1
|move|p2a: Tusky Boi|Super Fang|p1a: Bonne Nuit
|-end|p1a: Bonne Nuit|Substitute
|
|-weather|RainDance|[upkeep]
|-heal|p1a: Bonne Nuit|256\/444|[from] item: Leftovers
|upkeep
|turn|16
|
|t:|1609625568
|move|p1a: Bonne Nuit|Substitute|p1a: Bonne Nuit
|-start|p1a: Bonne Nuit|Substitute
|-damage|p1a: Bonne Nuit|145\/444
|move|p2a: Tusky Boi|Super Fang|p1a: Bonne Nuit
|-activate|p1a: Bonne Nuit|move: Substitute|[damage]
|
|-weather|RainDance|[upkeep]
|-heal|p1a: Bonne Nuit|172\/444|[from] item: Leftovers
|upkeep
|turn|17
|j| piikiki4
|
|t:|1609625575
|move|p1a: Bonne Nuit|Stored Power|p2a: Tusky Boi
|-damage|p2a: Tusky Boi|40\/100
|move|p2a: Tusky Boi|Super Fang|p1a: Bonne Nuit
|-end|p1a: Bonne Nuit|Substitute
|
|-weather|RainDance|[upkeep]
|-heal|p1a: Bonne Nuit|199\/444|[from] item: Leftovers
|upkeep
|turn|18
|
|t:|1609625584
|move|p1a: Bonne Nuit|Substitute|p1a: Bonne Nuit
|-start|p1a: Bonne Nuit|Substitute
|-damage|p1a: Bonne Nuit|88\/444
|move|p2a: Tusky Boi|Super Fang|p1a: Bonne Nuit
|-activate|p1a: Bonne Nuit|move: Substitute|[damage]
|
|-weather|none
|-heal|p1a: Bonne Nuit|115\/444|[from] item: Leftovers
|upkeep
|turn|19
|
|t:|1609625592
|switch|p2a: Singin'|Pelipper, M|100\/100
|-weather|RainDance|[from] ability: Drizzle|[of] p2a: Singin'
|move|p1a: Bonne Nuit|Stored Power|p2a: Singin'
|-damage|p2a: Singin'|0 fnt
|faint|p2a: Singin'
|
|-weather|RainDance|[upkeep]
|-heal|p1a: Bonne Nuit|142\/444|[from] item: Leftovers
|upkeep
|
|t:|1609625603
|switch|p2a: Incoming|Barraskewda, F, shiny|100\/100
|turn|20
|
|t:|1609625626
|move|p2a: Incoming|Flip Turn|p1a: Bonne Nuit
|-end|p1a: Bonne Nuit|Substitute
|
|t:|1609625634
|switch|p2a: Glowqueen|Slowking-Galar, F, shiny|100\/100|[from]move: Flip Turn
|move|p1a: Bonne Nuit|Substitute|p1a: Bonne Nuit
|-start|p1a: Bonne Nuit|Substitute
|-damage|p1a: Bonne Nuit|31\/444
|
|-weather|RainDance|[upkeep]
|-heal|p1a: Bonne Nuit|58\/444|[from] item: Leftovers
|upkeep
|turn|21
|
|t:|1609625644
|move|p1a: Bonne Nuit|Calm Mind|p1a: Bonne Nuit
|-boost|p1a: Bonne Nuit|spa|1
|-boost|p1a: Bonne Nuit|spd|1
|move|p2a: Glowqueen|Sludge Bomb|p1a: Bonne Nuit
|-activate|p1a: Bonne Nuit|move: Substitute|[damage]
|
|-weather|RainDance|[upkeep]
|-heal|p1a: Bonne Nuit|85\/444|[from] item: Leftovers
|upkeep
|turn|22
|
|t:|1609625653
|move|p1a: Bonne Nuit|Moonlight|p1a: Bonne Nuit
|-heal|p1a: Bonne Nuit|196\/444
|move|p2a: Glowqueen|Sludge Bomb|p1a: Bonne Nuit
|-activate|p1a: Bonne Nuit|move: Substitute|[damage]
|
|-weather|RainDance|[upkeep]
|-heal|p1a: Bonne Nuit|223\/444|[from] item: Leftovers
|upkeep
|turn|23
|
|t:|1609625664
|move|p1a: Bonne Nuit|Calm Mind|p1a: Bonne Nuit
|-boost|p1a: Bonne Nuit|spa|1
|-boost|p1a: Bonne Nuit|spd|1
|move|p2a: Glowqueen|Sludge Bomb|p1a: Bonne Nuit
|-end|p1a: Bonne Nuit|Substitute
|
|-weather|none
|-heal|p1a: Bonne Nuit|250\/444|[from] item: Leftovers
|upkeep
|turn|24
|
|t:|1609625700
|switch|p2a: Deez Nuts|Ferrothorn, M|85\/100
|move|p1a: Bonne Nuit|Substitute|p1a: Bonne Nuit
|-start|p1a: Bonne Nuit|Substitute
|-damage|p1a: Bonne Nuit|139\/444
|
|-heal|p1a: Bonne Nuit|166\/444|[from] item: Leftovers
|-heal|p2a: Deez Nuts|91\/100|[from] item: Leftovers
|upkeep
|turn|25
|
|t:|1609625709
|move|p1a: Bonne Nuit|Moonlight|p1a: Bonne Nuit
|-heal|p1a: Bonne Nuit|388\/444
|move|p2a: Deez Nuts|Knock Off|p1a: Bonne Nuit
|-supereffective|p1a: Bonne Nuit
|-activate|p1a: Bonne Nuit|move: Substitute|[damage]
|
|-heal|p1a: Bonne Nuit|415\/444|[from] item: Leftovers
|-heal|p2a: Deez Nuts|97\/100|[from] item: Leftovers
|upkeep
|turn|26
|
|t:|1609625718
|move|p1a: Bonne Nuit|Calm Mind|p1a: Bonne Nuit
|-boost|p1a: Bonne Nuit|spa|1
|-boost|p1a: Bonne Nuit|spd|1
|move|p2a: Deez Nuts|Knock Off|p1a: Bonne Nuit
|-supereffective|p1a: Bonne Nuit
|-end|p1a: Bonne Nuit|Substitute
|
|-heal|p1a: Bonne Nuit|442\/444|[from] item: Leftovers
|-heal|p2a: Deez Nuts|100\/100|[from] item: Leftovers
|upkeep
|turn|27
|
|t:|1609625728
|move|p1a: Bonne Nuit|Substitute|p1a: Bonne Nuit
|-start|p1a: Bonne Nuit|Substitute
|-damage|p1a: Bonne Nuit|331\/444
|move|p2a: Deez Nuts|Knock Off|p1a: Bonne Nuit
|-supereffective|p1a: Bonne Nuit
|-activate|p1a: Bonne Nuit|move: Substitute|[damage]
|
|-heal|p1a: Bonne Nuit|358\/444|[from] item: Leftovers
|upkeep
|turn|28
|
|t:|1609625735
|move|p1a: Bonne Nuit|Stored Power|p2a: Deez Nuts
|-resisted|p2a: Deez Nuts
|-crit|p2a: Deez Nuts
|-damage|p2a: Deez Nuts|0 fnt
|faint|p2a: Deez Nuts
|
|-heal|p1a: Bonne Nuit|385\/444|[from] item: Leftovers
|upkeep
|c|☆pokisokis|well, I give up
|c|☆pokisokis|ggg
|c|☆BlaueBrause|gg
|-message|pokisokis forfeited.
|
|win|BlaueBrause
|l|☆pokisokis</script>
</div>
<div class="battle-log battle-log-inline"><div class="inner"><div class="battle-options"><div style="padding-top: 3px; padding-right: 3px; text-align: right"><button class="icon button" name="openBattleOptions" title="Options">Battle Options</button></div></div><div class="inner message-log"><div class="chat"><small>☆BlaueBrause and ☆pokisokis joined</small></div><div class=""><small>Format:</small> <br><strong>[Gen 8] Megas for All</strong></div><div class=""><small><em>HP Percentage Mod:</em> HP is shown in percentages</small></div><div class=""><small><em>Endless Battle Clause:</em> Forcing endless battles is banned</small></div><div class=""><small><em>OHKO Clause:</em> OHKO moves are banned</small></div><div class=""><small><em>Evasion Moves Clause:</em> Evasion moves are banned</small></div><div class=""><small><em>Species Clause:</em> Limit one of each Pokémon</small></div><div class=""><small><em>Dynamax Clause:</em> You cannot dynamax</small></div><div class=""><small><em>Sleep Clause Mod:</em> Limit one foe put to sleep</small></div><div class=""><small><em>Freeze Clause Mod:</em> Limit one foe frozen</small></div><div class="chat battle-history"><strong>BlaueBrause's team:</strong> <em style="color:#445566;display:block;">Meganium / Charizard / Torkoal / Kommo-o / Clefable / Cresselia</em></div><div class="chat battle-history"><strong>pokisokis's team:</strong> <em style="color:#445566;display:block;">Pelipper / Barraskewda / Zapdos / Ferrothorn / Slowking-Galar / Walrein</em></div><div class="chat chatmessage-blauebrause mine"><strong style="color:#6b66e4"><small>☆</small><span class="username" data-name="BlaueBrause">BlaueBrause</span>:</strong> <em>glhf!</em></div><div class="chat chatmessage-pokisokis"><strong style="color:#12adbe"><small>☆</small><span class="username" data-name="pokisokis">pokisokis</span>:</strong> <em>u2</em></div><div class="spacer battle-history"><br></div><div class="battle-history">Battle started between BlaueBrause and pokisokis!<br></div><div class="spacer battle-history"><br></div><div class="battle-history">Go! Bonne Nuit (<strong>Cresselia</strong>)!<br></div><div class="spacer battle-history"><br></div><div class="battle-history">pokisokis sent out Tusky Boi (<strong>Walrein</strong>)!<br></div><div class="spacer battle-history"><br></div><h2 class="battle-history">Turn 1</h2><div class="spacer battle-history"><br></div><div class="battle-history"><small>The opposing Tusky Boi's Walreinite is reacting to the Key Stone!</small><br>The opposing Tusky Boi has Mega Evolved into Mega Walrein!<br></div><div class="battle-history">[The opposing Tusky Boi's Drizzle]<br><small>It started to rain!</small><br></div><div class="chat"><ul class="utilichart"><li class="result"><span class="col pokemonnamecol" style="white-space: nowrap">Walrein-Mega</span> <span class="col typecol"><img src="https://play.pokemonshowdown.com/sprites/types/Ice.png" alt="Ice" height="14" width="32"><img src="https://play.pokemonshowdown.com/sprites/types/Water.png" alt="Water" height="14" width="32"></span> <span style="float: left ; min-height: 26px"><span class="col abilitycol">Drizzle</span><span class="col abilitycol"></span></span><span style="float: left ; min-height: 26px"><span class="col statcol"><em>HP</em><br>110</span> <span class="col statcol"><em>Atk</em><br>110</span> <span class="col statcol"><em>Def</em><br>90</span> <span class="col statcol"><em>SpA</em><br>145</span> <span class="col statcol"><em>SpD</em><br>90</span> <span class="col statcol"><em>Spe</em><br>85</span> </span></li><li style="clear: both"></li></ul></div><div class="spacer battle-history"><br></div><div class="battle-history">Bonne Nuit used <strong>Calm Mind</strong>!<br></div><div class="battle-history"><small>Bonne Nuit's Sp. Atk rose!</small><br></div><div class="battle-history"><small>Bonne Nuit's Sp. Def rose!</small><br></div><div class="spacer battle-history"><br></div><div class="battle-history">The opposing Tusky Boi used <strong>Flip Turn</strong>!<br></div><div class="battle-history"><small>(Bonne Nuit lost <abbr title="−72/444">16.2%</abbr> of its health!)</small><br></div><div class="spacer battle-history"><br></div><div class="battle-history">pokisokis withdrew Tusky Boi!<br></div><div class="battle-history">pokisokis sent out Incoming (<strong>Barraskewda</strong>)!<br></div><div class="spacer battle-history"><br></div><div class="battle-history"><small>(Rain continues to fall.)</small><br></div><div class="battle-history"><small>Bonne Nuit restored a little HP using its Leftovers!</small><br></div><div class="spacer battle-history"><br></div><h2 class="battle-history">Turn 2</h2><div class="spacer battle-history"><br></div><div class="battle-history">Bonne Nuit, come back!<br></div><div class="battle-history">Go! Slowkoal? (<strong>Torkoal</strong>)!<br></div><div class="battle-history">[Slowkoal?'s Drought]<br><small>The sunlight turned harsh!</small><br></div><div class="spacer battle-history"><br></div><div class="battle-history">The opposing Incoming used <strong>Flip Turn</strong>!<br></div><div class="battle-history"><small>It's super effective!</small><br></div><div class="battle-history"><small>(Slowkoal? lost <abbr title="−98/343">28.6%</abbr> of its health!)</small><br></div><div class="spacer battle-history"><br></div><div class="battle-history">pokisokis withdrew Incoming!<br></div><div class="battle-history">pokisokis sent out Singin' (<strong>Pelipper</strong>)!<br></div><div class="battle-history">[The opposing Singin''s Drizzle]<br><small>It started to rain!</small><br></div><div class="spacer battle-history"><br></div><div class="battle-history"><small>(Rain continues to fall.)</small><br></div><div class="spacer battle-history"><br></div><h2 class="battle-history">Turn 3</h2><div class="chat chatmessage-blauebrause mine"><strong style="color:#6b66e4"><small>☆</small><span class="username" data-name="BlaueBrause">BlaueBrause</span>:</strong> <em>clever</em></div><div class="chat"><small> inkbug1 joined</small></div><div class="spacer battle-history"><br></div><div class="battle-history">The opposing Singin' used <strong>Scald</strong>!<br></div><div class="battle-history"><small>It's super effective!</small><br></div><div class="battle-history"><small>(Slowkoal? lost <abbr title="−245/343">71.4%</abbr> of its health!)</small><br></div><div class="spacer battle-history"><br></div><div class="battle-history">Slowkoal? fainted!<br></div><div class="spacer battle-history"><br></div><div class="battle-history"><small>(Rain continues to fall.)</small><br></div><div class="spacer battle-history"><br></div><div class="battle-history">Go! Bonne Nuit (<strong>Cresselia</strong>)!<br></div><div class="spacer battle-history"><br></div><h2 class="battle-history">Turn 4</h2><div class="spacer battle-history"><br></div><div class="battle-history">Bonne Nuit used <strong>Calm Mind</strong>!<br></div><div class="battle-history"><small>Bonne Nuit's Sp. Atk rose!</small><br></div><div class="battle-history"><small>Bonne Nuit's Sp. Def rose!</small><br></div><div class="spacer battle-history"><br></div><div class="battle-history">The opposing Singin' used <strong>U-turn</strong>!<br></div><div class="battle-history"><small>It's super effective!</small><br></div><div class="battle-history"><small>(Bonne Nuit lost <abbr title="−40/444">9.0%</abbr> of its health!)</small><br></div><div class="spacer battle-history"><br></div><div class="battle-history">The opposing Singin' went back to pokisokis!<br></div><div class="battle-history">pokisokis sent out Incoming (<strong>Barraskewda</strong>)!<br></div><div class="spacer battle-history"><br></div><div class="battle-history"><small>(Rain continues to fall.)</small><br></div><div class="battle-history"><small>Bonne Nuit restored a little HP using its Leftovers!</small><br></div><div class="spacer battle-history"><br></div><h2 class="battle-history">Turn 5</h2><div class="spacer battle-history"><br></div><div class="battle-history">Bonne Nuit, come back!<br></div><div class="battle-history">Go! Knight of Light (<strong>Kommo-o</strong>)!<br></div><div class="spacer battle-history"><br></div><div class="battle-history">The opposing Incoming used <strong>Waterfall</strong>!<br></div><div class="battle-history"><small>It's not very effective...</small><br></div><div class="battle-history"><small>(Knight of Light lost <abbr title="−110/354">31.1%</abbr> of its health!)</small><br></div><div class="spacer battle-history"><br></div><div class="battle-history"><small>(Rain continues to fall.)</small><br></div><div class="battle-history"><small>Knight of Light restored a little HP using its Leftovers!</small><br></div><div class="spacer battle-history"><br></div><h2 class="battle-history">Turn 6</h2><div class="spacer battle-history"><br></div><div class="battle-history">pokisokis withdrew Incoming!<br></div><div class="battle-history">pokisokis sent out Dunder Birb (<strong>Zapdos</strong>)!<br></div><div class="spacer battle-history"><br></div><div class="battle-history">Knight of Light, come back!<br></div><div class="battle-history">Go! Bonne Nuit (<strong>Cresselia</strong>)!<br></div><div class="spacer battle-history"><br></div><div class="battle-history"><small>The rain stopped.</small><br></div><div class="battle-history"><small>Bonne Nuit restored a little HP using its Leftovers!</small><br></div><div class="spacer battle-history"><br></div><h2 class="battle-history">Turn 7</h2><div class="spacer battle-history"><br></div><div class="battle-history">pokisokis withdrew Dunder Birb!<br></div><div class="battle-history">pokisokis sent out Tusky Boi (<strong>Walrein-Mega</strong>)!<br></div><div class="battle-history">[The opposing Tusky Boi's Drizzle]<br><small>It started to rain!</small><br></div><div class="spacer battle-history"><br></div><div class="battle-history">Bonne Nuit used <strong>Calm Mind</strong>!<br></div><div class="battle-history"><small>Bonne Nuit's Sp. Atk rose!</small><br></div><div class="battle-history"><small>Bonne Nuit's Sp. Def rose!</small><br></div><div class="spacer battle-history"><br></div><div class="battle-history"><small>(Rain continues to fall.)</small><br></div><div class="battle-history"><small>Bonne Nuit restored a little HP using its Leftovers!</small><br></div><div class="spacer battle-history"><br></div><h2 class="battle-history">Turn 8</h2><div class="spacer battle-history"><br></div><div class="battle-history">Bonne Nuit used <strong>Substitute</strong>!<br></div><div class="battle-history"><small>Bonne Nuit put in a substitute!</small><br></div><div class="battle-history"><small>(Bonne Nuit lost <abbr title="−111/444">25%</abbr> of its health!)</small><br></div><div class="spacer battle-history"><br></div><div class="battle-history">The opposing Tusky Boi used <strong>Super Fang</strong>!<br></div><div class="battle-history"><small>Bonne Nuit's substitute faded!</small><br></div><div class="spacer battle-history"><br></div><div class="battle-history"><small>(Rain continues to fall.)</small><br></div><div class="battle-history"><small>Bonne Nuit restored a little HP using its Leftovers!</small><br></div><div class="spacer battle-history"><br></div><h2 class="battle-history">Turn 9</h2><div class="spacer battle-history"><br></div><div class="battle-history">Bonne Nuit used <strong>Calm Mind</strong>!<br></div><div class="battle-history"><small>Bonne Nuit's Sp. Atk rose!</small><br></div><div class="battle-history"><small>Bonne Nuit's Sp. Def rose!</small><br></div><div class="spacer battle-history"><br></div><div class="battle-history">The opposing Tusky Boi used <strong>Super Fang</strong>!<br></div><div class="battle-history"><small>(Bonne Nuit lost <abbr title="−178/444">40.1%</abbr> of its health!)</small><br></div><div class="spacer battle-history"><br></div><div class="battle-history"><small>(Rain continues to fall.)</small><br></div><div class="battle-history"><small>Bonne Nuit restored a little HP using its Leftovers!</small><br></div><div class="spacer battle-history"><br></div><h2 class="battle-history">Turn 10</h2><div class="spacer battle-history"><br></div><div class="battle-history">Bonne Nuit used <strong>Substitute</strong>!<br></div><div class="battle-history"><small>Bonne Nuit put in a substitute!</small><br></div><div class="battle-history"><small>(Bonne Nuit lost <abbr title="−111/444">25%</abbr> of its health!)</small><br></div><div class="spacer battle-history"><br></div><div class="battle-history">The opposing Tusky Boi used <strong>Flip Turn</strong>!<br></div><div class="battle-history"><small>The substitute took damage for Bonne Nuit!</small><br></div><div class="spacer battle-history"><br></div><div class="battle-history">pokisokis withdrew Tusky Boi!<br></div><div class="battle-history">pokisokis sent out Incoming (<strong>Barraskewda</strong>)!<br></div><div class="spacer battle-history"><br></div><div class="battle-history"><small>(Rain continues to fall.)</small><br></div><div class="battle-history"><small>Bonne Nuit restored a little HP using its Leftovers!</small><br></div><div class="spacer battle-history"><br></div><h2 class="battle-history">Turn 11</h2><div class="spacer battle-history"><br></div><div class="battle-history">The opposing Incoming used <strong>Flip Turn</strong>!<br></div><div class="battle-history"><small>Bonne Nuit's substitute faded!</small><br></div><div class="spacer battle-history"><br></div><div class="battle-history">pokisokis withdrew Incoming!<br></div><div class="battle-history">pokisokis sent out Deez Nuts (<strong>Ferrothorn</strong>)!<br></div><div class="spacer battle-history"><br></div><div class="battle-history">Bonne Nuit used <strong>Stored Power</strong>!<br></div><div class="battle-history"><small>It's not very effective...</small><br></div><div class="battle-history"><small>A critical hit!</small><br></div><div class="battle-history"><small>(The opposing Deez Nuts lost 34% of its health!)</small><br></div><div class="spacer battle-history"><br></div><div class="battle-history"><small>The rain stopped.</small><br></div><div class="battle-history"><small>Bonne Nuit restored a little HP using its Leftovers!</small><br></div><div class="battle-history"><small>The opposing Deez Nuts restored a little HP using its Leftovers!</small><br></div><div class="spacer battle-history"><br></div><h2 class="battle-history">Turn 12</h2><div class="spacer battle-history"><br></div><div class="battle-history">Bonne Nuit used <strong>Substitute</strong>!<br></div><div class="battle-history"><small>Bonne Nuit put in a substitute!</small><br></div><div class="battle-history"><small>(Bonne Nuit lost <abbr title="−111/444">25%</abbr> of its health!)</small><br></div><div class="spacer battle-history"><br></div><div class="battle-history">The opposing Deez Nuts used <strong>Knock Off</strong>!<br></div><div class="battle-history"><small>It's super effective!</small><br></div><div class="battle-history"><small>The substitute took damage for Bonne Nuit!</small><br></div><div class="spacer battle-history"><br></div><div class="battle-history"><small>Bonne Nuit restored a little HP using its Leftovers!</small><br></div><div class="battle-history"><small>The opposing Deez Nuts restored a little HP using its Leftovers!</small><br></div><div class="spacer battle-history"><br></div><h2 class="battle-history">Turn 13</h2><div class="spacer battle-history"><br></div><div class="battle-history">Bonne Nuit used <strong>Moonlight</strong>!<br></div><div class="battle-history"><small>Bonne Nuit had its HP restored.</small><br></div><div class="spacer battle-history"><br></div><div class="battle-history">The opposing Deez Nuts used <strong>Knock Off</strong>!<br></div><div class="battle-history"><small>It's super effective!</small><br></div><div class="battle-history"><small>Bonne Nuit's substitute faded!</small><br></div><div class="spacer battle-history"><br></div><div class="battle-history"><small>Bonne Nuit restored a little HP using its Leftovers!</small><br></div><div class="battle-history"><small>The opposing Deez Nuts restored a little HP using its Leftovers!</small><br></div><div class="spacer battle-history"><br></div><h2 class="battle-history">Turn 14</h2><div class="spacer battle-history"><br></div><div class="battle-history">pokisokis withdrew Deez Nuts!<br></div><div class="battle-history">pokisokis sent out Tusky Boi (<strong>Walrein-Mega</strong>)!<br></div><div class="battle-history">[The opposing Tusky Boi's Drizzle]<br><small>It started to rain!</small><br></div><div class="spacer battle-history"><br></div><div class="battle-history">Bonne Nuit used <strong>Substitute</strong>!<br></div><div class="battle-history"><small>Bonne Nuit put in a substitute!</small><br></div><div class="battle-history"><small>(Bonne Nuit lost <abbr title="−111/444">25%</abbr> of its health!)</small><br></div><div class="spacer battle-history"><br></div><div class="battle-history"><small>(Rain continues to fall.)</small><br></div><div class="battle-history"><small>Bonne Nuit restored a little HP using its Leftovers!</small><br></div><div class="spacer battle-history"><br></div><h2 class="battle-history">Turn 15</h2><div class="spacer battle-history"><br></div><div class="battle-history">Bonne Nuit used <strong>Calm Mind</strong>!<br></div><div class="battle-history"><small>Bonne Nuit's Sp. Atk rose!</small><br></div><div class="battle-history"><small>Bonne Nuit's Sp. Def rose!</small><br></div><div class="spacer battle-history"><br></div><div class="battle-history">The opposing Tusky Boi used <strong>Super Fang</strong>!<br></div><div class="battle-history"><small>Bonne Nuit's substitute faded!</small><br></div><div class="spacer battle-history"><br></div><div class="battle-history"><small>(Rain continues to fall.)</small><br></div><div class="battle-history"><small>Bonne Nuit restored a little HP using its Leftovers!</small><br></div><div class="spacer battle-history"><br></div><h2 class="battle-history">Turn 16</h2><div class="spacer battle-history"><br></div><div class="battle-history">Bonne Nuit used <strong>Substitute</strong>!<br></div><div class="battle-history"><small>Bonne Nuit put in a substitute!</small><br></div><div class="battle-history"><small>(Bonne Nuit lost <abbr title="−111/444">25%</abbr> of its health!)</small><br></div><div class="spacer battle-history"><br></div><div class="battle-history">The opposing Tusky Boi used <strong>Super Fang</strong>!<br></div><div class="battle-history"><small>The substitute took damage for Bonne Nuit!</small><br></div><div class="spacer battle-history"><br></div><div class="battle-history"><small>(Rain continues to fall.)</small><br></div><div class="battle-history"><small>Bonne Nuit restored a little HP using its Leftovers!</small><br></div><div class="spacer battle-history"><br></div><h2 class="battle-history">Turn 17</h2><div class="chat"><small> piikiki4 joined</small></div><div class="spacer battle-history"><br></div><div class="battle-history">Bonne Nuit used <strong>Stored Power</strong>!<br></div><div class="battle-history"><small>(The opposing Tusky Boi lost 60% of its health!)</small><br></div><div class="spacer battle-history"><br></div><div class="battle-history">The opposing Tusky Boi used <strong>Super Fang</strong>!<br></div><div class="battle-history"><small>Bonne Nuit's substitute faded!</small><br></div><div class="spacer battle-history"><br></div><div class="battle-history"><small>(Rain continues to fall.)</small><br></div><div class="battle-history"><small>Bonne Nuit restored a little HP using its Leftovers!</small><br></div><div class="spacer battle-history"><br></div><h2 class="battle-history">Turn 18</h2><div class="spacer battle-history"><br></div><div class="battle-history">Bonne Nuit used <strong>Substitute</strong>!<br></div><div class="battle-history"><small>Bonne Nuit put in a substitute!</small><br></div><div class="battle-history"><small>(Bonne Nuit lost <abbr title="−111/444">25%</abbr> of its health!)</small><br></div><div class="spacer battle-history"><br></div><div class="battle-history">The opposing Tusky Boi used <strong>Super Fang</strong>!<br></div><div class="battle-history"><small>The substitute took damage for Bonne Nuit!</small><br></div><div class="spacer battle-history"><br></div><div class="battle-history"><small>The rain stopped.</small><br></div><div class="battle-history"><small>Bonne Nuit restored a little HP using its Leftovers!</small><br></div><div class="spacer battle-history"><br></div><h2 class="battle-history">Turn 19</h2><div class="spacer battle-history"><br></div><div class="battle-history">pokisokis withdrew Tusky Boi!<br></div><div class="battle-history">pokisokis sent out Singin' (<strong>Pelipper</strong>)!<br></div><div class="battle-history">[The opposing Singin''s Drizzle]<br><small>It started to rain!</small><br></div><div class="spacer battle-history"><br></div><div class="battle-history">Bonne Nuit used <strong>Stored Power</strong>!<br></div><div class="battle-history"><small>(The opposing Singin' lost 100% of its health!)</small><br></div><div class="spacer battle-history"><br></div><div class="battle-history">The opposing Singin' fainted!<br></div><div class="spacer battle-history"><br></div><div class="battle-history"><small>(Rain continues to fall.)</small><br></div><div class="battle-history"><small>Bonne Nuit restored a little HP using its Leftovers!</small><br></div><div class="spacer battle-history"><br></div><div class="battle-history">pokisokis sent out Incoming (<strong>Barraskewda</strong>)!<br></div><div class="spacer battle-history"><br></div><h2 class="battle-history">Turn 20</h2><div class="spacer battle-history"><br></div><div class="battle-history">The opposing Incoming used <strong>Flip Turn</strong>!<br></div><div class="battle-history"><small>Bonne Nuit's substitute faded!</small><br></div><div class="spacer battle-history"><br></div><div class="battle-history">pokisokis withdrew Incoming!<br></div><div class="battle-history">pokisokis sent out Glowqueen (<strong>Slowking-Galar</strong>)!<br></div><div class="spacer battle-history"><br></div><div class="battle-history">Bonne Nuit used <strong>Substitute</strong>!<br></div><div class="battle-history"><small>Bonne Nuit put in a substitute!</small><br></div><div class="battle-history"><small>(Bonne Nuit lost <abbr title="−111/444">25%</abbr> of its health!)</small><br></div><div class="spacer battle-history"><br></div><div class="battle-history"><small>(Rain continues to fall.)</small><br></div><div class="battle-history"><small>Bonne Nuit restored a little HP using its Leftovers!</small><br></div><div class="spacer battle-history"><br></div><h2 class="battle-history">Turn 21</h2><div class="spacer battle-history"><br></div><div class="battle-history">Bonne Nuit used <strong>Calm Mind</strong>!<br></div><div class="battle-history"><small>Bonne Nuit's Sp. Atk rose!</small><br></div><div class="battle-history"><small>Bonne Nuit's Sp. Def rose!</small><br></div><div class="spacer battle-history"><br></div><div class="battle-history">The opposing Glowqueen used <strong>Sludge Bomb</strong>!<br></div><div class="battle-history"><small>The substitute took damage for Bonne Nuit!</small><br></div><div class="spacer battle-history"><br></div><div class="battle-history"><small>(Rain continues to fall.)</small><br></div><div class="battle-history"><small>Bonne Nuit restored a little HP using its Leftovers!</small><br></div><div class="spacer battle-history"><br></div><h2 class="battle-history">Turn 22</h2><div class="spacer battle-history"><br></div><div class="battle-history">Bonne Nuit used <strong>Moonlight</strong>!<br></div><div class="battle-history"><small>Bonne Nuit had its HP restored.</small><br></div><div class="spacer battle-history"><br></div><div class="battle-history">The opposing Glowqueen used <strong>Sludge Bomb</strong>!<br></div><div class="battle-history"><small>The substitute took damage for Bonne Nuit!</small><br></div><div class="spacer battle-history"><br></div><div class="battle-history"><small>(Rain continues to fall.)</small><br></div><div class="battle-history"><small>Bonne Nuit restored a little HP using its Leftovers!</small><br></div><div class="spacer battle-history"><br></div><h2 class="battle-history">Turn 23</h2><div class="spacer battle-history"><br></div><div class="battle-history">Bonne Nuit used <strong>Calm Mind</strong>!<br></div><div class="battle-history"><small>Bonne Nuit's Sp. Atk rose!</small><br></div><div class="battle-history"><small>Bonne Nuit's Sp. Def rose!</small><br></div><div class="spacer battle-history"><br></div><div class="battle-history">The opposing Glowqueen used <strong>Sludge Bomb</strong>!<br></div><div class="battle-history"><small>Bonne Nuit's substitute faded!</small><br></div><div class="spacer battle-history"><br></div><div class="battle-history"><small>The rain stopped.</small><br></div><div class="battle-history"><small>Bonne Nuit restored a little HP using its Leftovers!</small><br></div><div class="spacer battle-history"><br></div><h2 class="battle-history">Turn 24</h2><div class="spacer battle-history"><br></div><div class="battle-history">pokisokis withdrew Glowqueen!<br></div><div class="battle-history">pokisokis sent out Deez Nuts (<strong>Ferrothorn</strong>)!<br></div><div class="spacer battle-history"><br></div><div class="battle-history">Bonne Nuit used <strong>Substitute</strong>!<br></div><div class="battle-history"><small>Bonne Nuit put in a substitute!</small><br></div><div class="battle-history"><small>(Bonne Nuit lost <abbr title="−111/444">25%</abbr> of its health!)</small><br></div><div class="spacer battle-history"><br></div><div class="battle-history"><small>Bonne Nuit restored a little HP using its Leftovers!</small><br></div><div class="battle-history"><small>The opposing Deez Nuts restored a little HP using its Leftovers!</small><br></div><div class="spacer battle-history"><br></div><h2 class="battle-history">Turn 25</h2><div class="spacer battle-history"><br></div><div class="battle-history">Bonne Nuit used <strong>Moonlight</strong>!<br></div><div class="battle-history"><small>Bonne Nuit had its HP restored.</small><br></div><div class="spacer battle-history"><br></div><div class="battle-history">The opposing Deez Nuts used <strong>Knock Off</strong>!<br></div><div class="battle-history"><small>It's super effective!</small><br></div><div class="battle-history"><small>The substitute took damage for Bonne Nuit!</small><br></div><div class="spacer battle-history"><br></div><div class="battle-history"><small>Bonne Nuit restored a little HP using its Leftovers!</small><br></div><div class="battle-history"><small>The opposing Deez Nuts restored a little HP using its Leftovers!</small><br></div><div class="spacer battle-history"><br></div><h2 class="battle-history">Turn 26</h2><div class="spacer battle-history"><br></div><div class="battle-history">Bonne Nuit used <strong>Calm Mind</strong>!<br></div><div class="battle-history"><small>Bonne Nuit's Sp. Atk rose!</small><br></div><div class="battle-history"><small>Bonne Nuit's Sp. Def rose!</small><br></div><div class="spacer battle-history"><br></div><div class="battle-history">The opposing Deez Nuts used <strong>Knock Off</strong>!<br></div><div class="battle-history"><small>It's super effective!</small><br></div><div class="battle-history"><small>Bonne Nuit's substitute faded!</small><br></div><div class="spacer battle-history"><br></div><div class="battle-history"><small>Bonne Nuit restored a little HP using its Leftovers!</small><br></div><div class="battle-history"><small>The opposing Deez Nuts restored a little HP using its Leftovers!</small><br></div><div class="spacer battle-history"><br></div><h2 class="battle-history">Turn 27</h2><div class="spacer battle-history"><br></div><div class="battle-history">Bonne Nuit used <strong>Substitute</strong>!<br></div><div class="battle-history"><small>Bonne Nuit put in a substitute!</small><br></div><div class="battle-history"><small>(Bonne Nuit lost <abbr title="−111/444">25%</abbr> of its health!)</small><br></div><div class="spacer battle-history"><br></div><div class="battle-history">The opposing Deez Nuts used <strong>Knock Off</strong>!<br></div><div class="battle-history"><small>It's super effective!</small><br></div><div class="battle-history"><small>The substitute took damage for Bonne Nuit!</small><br></div><div class="spacer battle-history"><br></div><div class="battle-history"><small>Bonne Nuit restored a little HP using its Leftovers!</small><br></div><div class="spacer battle-history"><br></div><h2 class="battle-history">Turn 28</h2><div class="spacer battle-history"><br></div><div class="battle-history">Bonne Nuit used <strong>Stored Power</strong>!<br></div><div class="battle-history"><small>It's not very effective...</small><br></div><div class="battle-history"><small>A critical hit!</small><br></div><div class="battle-history"><small>(The opposing Deez Nuts lost 100% of its health!)</small><br></div><div class="spacer battle-history"><br></div><div class="battle-history">The opposing Deez Nuts fainted!<br></div><div class="spacer battle-history"><br></div><div class="battle-history"><small>Bonne Nuit restored a little HP using its Leftovers!</small><br></div><div class="chat chatmessage-pokisokis"><strong style="color:#12adbe"><small>☆</small><span class="username" data-name="pokisokis">pokisokis</span>:</strong> <em>well, I give up</em></div><div class="chat chatmessage-pokisokis"><strong style="color:#12adbe"><small>☆</small><span class="username" data-name="pokisokis">pokisokis</span>:</strong> <em>ggg</em></div><div class="chat chatmessage-blauebrause mine"><strong style="color:#6b66e4"><small>☆</small><span class="username" data-name="BlaueBrause">BlaueBrause</span>:</strong> <em>gg</em></div><div class="spacer battle-history"><br></div><div class="battle-history"><small>pokisokis forfeited.</small><br></div><div class="spacer battle-history"><br></div><div class="battle-history"><strong>BlaueBrause</strong> won the battle!<br></div><div class="chat"><small>☆pokisokis left</small></div></div><div class="inner-preempt message-log"></div></div></div>
</div>
<script>
let daily = Math.floor(Date.now()/1000/60/60/24);document.write('<script src="https://play.pokemonshowdown.com/js/replay-embed.js?version'+daily+'"></'+'script>');
</script>
