<!DOCTYPE html>
<meta charset="utf-8" />
<!-- version 1 -->
<title>[Gen 8] Megas for All replay: ViZarPKMN vs. BotwNerd745</title>
<style>
html,body {font-family:Verdana, sans-serif;font-size:10pt;margin:0;padding:0;}body{padding:12px 0;} .battle-log {font-family:Verdana, sans-serif;font-size:10pt;} .battle-log-inline {border:1px solid #AAAAAA;background:#EEF2F5;color:black;max-width:640px;margin:0 auto 80px;padding-bottom:5px;} .battle-log .inner {padding:4px 8px 0px 8px;} .battle-log .inner-preempt {padding:0 8px 4px 8px;} .battle-log .inner-after {margin-top:0.5em;} .battle-log h2 {margin:0.5em -8px;padding:4px 8px;border:1px solid #AAAAAA;background:#E0E7EA;border-left:0;border-right:0;font-family:Verdana, sans-serif;font-size:13pt;} .battle-log .chat {vertical-align:middle;padding:3px 0 3px 0;font-size:8pt;} .battle-log .chat strong {color:#40576A;} .battle-log .chat em {padding:1px 4px 1px 3px;color:#000000;font-style:normal;} .chat.mine {background:rgba(0,0,0,0.05);margin-left:-8px;margin-right:-8px;padding-left:8px;padding-right:8px;} .spoiler {color:#BBBBBB;background:#BBBBBB;padding:0px 3px;} .spoiler:hover, .spoiler:active, .spoiler-shown {color:#000000;background:#E2E2E2;padding:0px 3px;} .spoiler a {color:#BBBBBB;} .spoiler:hover a, .spoiler:active a, .spoiler-shown a {color:#2288CC;} .chat code, .chat .spoiler:hover code, .chat .spoiler:active code, .chat .spoiler-shown code {border:1px solid #C0C0C0;background:#EEEEEE;color:black;padding:0 2px;} .chat .spoiler code {border:1px solid #CCCCCC;background:#CCCCCC;color:#CCCCCC;} .battle-log .rated {padding:3px 4px;} .battle-log .rated strong {color:white;background:#89A;padding:1px 4px;border-radius:4px;} .spacer {margin-top:0.5em;} .message-announce {background:#6688AA;color:white;padding:1px 4px 2px;} .message-announce a, .broadcast-green a, .broadcast-blue a, .broadcast-red a {color:#DDEEFF;} .broadcast-green {background-color:#559955;color:white;padding:2px 4px;} .broadcast-blue {background-color:#6688AA;color:white;padding:2px 4px;} .infobox {border:1px solid #6688AA;padding:2px 4px;} .infobox-limited {max-height:200px;overflow:auto;overflow-x:hidden;} .broadcast-red {background-color:#AA5544;color:white;padding:2px 4px;} .message-learn-canlearn {font-weight:bold;color:#228822;text-decoration:underline;} .message-learn-cannotlearn {font-weight:bold;color:#CC2222;text-decoration:underline;} .message-effect-weak {font-weight:bold;color:#CC2222;} .message-effect-resist {font-weight:bold;color:#6688AA;} .message-effect-immune {font-weight:bold;color:#666666;} .message-learn-list {margin-top:0;margin-bottom:0;} .message-throttle-notice, .message-error {color:#992222;} .message-overflow, .chat small.message-overflow {font-size:0pt;} .message-overflow::before {font-size:9pt;content:'...';} .subtle {color:#3A4A66;}
</style>
<div class="wrapper replay-wrapper" style="max-width:1180px;margin:0 auto">
<input type="hidden" name="replayid" value="dragonheaven-gen8megasforall-824" />
<div class="battle"></div><div class="battle-log"></div><div class="replay-controls"></div><div class="replay-controls-2"></div>
<h1 style="font-weight:normal;text-align:center"><strong>[Gen 8] Megas for All</strong><br /><a href="http://pokemonshowdown.com/users/vizarpkmn" class="subtle" target="_blank">ViZarPKMN</a> vs. <a href="http://pokemonshowdown.com/users/botwnerd745" class="subtle" target="_blank">BotwNerd745</a></h1>
<script type="text/plain" class="battle-log-data">|j|☆ViZarPKMN

|j|☆BotwNerd745
|t:|1610825816
|player|p1|ViZarPKMN|benga|
|player|p2|BotwNerd745|hilda-dueldisk|
|teamsize|p1|6
|teamsize|p2|6
|gametype|singles
|gen|8
|tier|[Gen 8] Megas for All
|clearpoke
|poke|p1|Delibird, F|
|poke|p1|Tapu Koko|
|poke|p1|Hawlucha, F|
|poke|p1|Urshifu-*, F|
|poke|p1|Landorus-Therian, M|
|poke|p1|Volcarona, M|
|poke|p2|Skarmory, M|
|poke|p2|Boltund, F|
|poke|p2|Rotom-Wash|
|poke|p2|Flygon, M|
|poke|p2|Cobalion|
|poke|p2|Mimikyu, M|
|rule|HP Percentage Mod: HP is shown in percentages
|rule|Endless Battle Clause: Forcing endless battles is banned
|rule|OHKO Clause: OHKO moves are banned
|rule|Evasion Moves Clause: Evasion moves are banned
|rule|Species Clause: Limit one of each Pokémon
|rule|Dynamax Clause: You cannot dynamax
|rule|Sleep Clause Mod: Limit one foe put to sleep
|rule|Freeze Clause Mod: Limit one foe frozen
|raw|<img src="https:\/\/www.smogon.com\/forums\/attachments\/banner_2-png.302358\/" height="65" width="381">
|-message|Welcome to Megas for All!
|-message|This is a National Dex-based format where we aim to give a new Mega Evolution to every Pokémon.
|-message|Just like any official format, you can still only Mega Evolve one Pokémon per team!
|-message|You can find our thread and metagame resources here:
|-message|https:\/\/www.smogon.com\/forums\/threads\/3671140\/
|teampreview
|c|☆ViZarPKMN|glh
|c|☆BotwNerd745|g
|c|☆BotwNerd745|glhf
|j|+inkbug1
|
|t:|1610825840
|start
|switch|p1a: Tapu Koko|Tapu Koko|281\/281
|switch|p2a: Arrow|Skarmory, M|100\/100
|-fieldstart|move: Electric Terrain|[from] ability: Electric Surge|[of] p1a: Tapu Koko
|turn|1
|
|t:|1610825848
|move|p1a: Tapu Koko|Discharge|p2a: Arrow
|-supereffective|p2a: Arrow
|-damage|p2a: Arrow|0 fnt
|faint|p2a: Arrow
|
|upkeep
|
|t:|1610825859
|switch|p2a: TTTTTTTTTTTT II|Flygon, M|100\/100
|turn|2
|
|t:|1610825863
|switch|p1a: Landorus|Landorus-Therian, M|319\/319
|-ability|p1a: Landorus|Intimidate|boost
|-unboost|p2a: TTTTTTTTTTTT II|atk|1
|move|p2a: TTTTTTTTTTTT II|Earthquake|p1a: Landorus
|-immune|p1a: Landorus
|
|upkeep
|turn|3
|
|t:|1610825875
|switch|p1a: Delibird|Delibird, F|293\/293
|switch|p2a: SplishSplash|Rotom-Wash|100\/100
|
|upkeep
|turn|4
|
|t:|1610825881
|detailschange|p1a: Delibird|Delibird-Mega, F
|-mega|p1a: Delibird|Delibird|Delibirdite
|-start|p1a: Delibird|typechange|Ice\/Flying|[silent]
|raw|<ul class="utilichart"><li class="result"><span class="col pokemonnamecol" style="white-space: nowrap">Delibird-Mega<\/span> <span class="col typecol"><img src="https:\/\/play.pokemonshowdown.com\/sprites\/types\/Ice.png" alt="Ice" height="14" width="32"><img src="https:\/\/play.pokemonshowdown.com\/sprites\/types\/Flying.png" alt="Flying" height="14" width="32"><\/span> <span style="float: left ; min-height: 26px"><span class="col abilitycol">Spirit of Giving<\/span><span class="col abilitycol"><\/span><\/span><span style="float: left ; min-height: 26px"><span class="col statcol"><em>HP<\/em><br>45<\/span> <span class="col statcol"><em>Atk<\/em><br>25<\/span> <span class="col statcol"><em>Def<\/em><br>120<\/span> <span class="col statcol"><em>SpA<\/em><br>85<\/span> <span class="col statcol"><em>SpD<\/em><br>120<\/span> <span class="col statcol"><em>Spe<\/em><br>35<\/span> <\/span><\/li><li style="clear: both"><\/li><\/ul>
|move|p2a: SplishSplash|Thunderbolt|p1a: Delibird
|-supereffective|p1a: Delibird
|-damage|p1a: Delibird|80\/293
|-damage|p2a: SplishSplash|91\/100|[from] item: Life Orb
|move|p1a: Delibird|U-turn|p2a: SplishSplash
|-damage|p2a: SplishSplash|82\/100
|
|t:|1610825891
|switch|p1a: Volcarona|Volcarona, M|311\/311
|
|upkeep
|turn|5
|
|t:|1610825896
|move|p1a: Volcarona|Quiver Dance|p1a: Volcarona
|-boost|p1a: Volcarona|spa|1
|-boost|p1a: Volcarona|spd|1
|-boost|p1a: Volcarona|spe|1
|move|p2a: SplishSplash|Hydro Pump|p1a: Volcarona
|-supereffective|p1a: Volcarona
|-damage|p1a: Volcarona|20\/311
|-damage|p2a: SplishSplash|72\/100|[from] item: Life Orb
|
|-fieldend|move: Electric Terrain
|upkeep
|turn|6
|
|t:|1610825907
|move|p1a: Volcarona|Bug Buzz|p2a: SplishSplash
|-damage|p2a: SplishSplash|0 fnt
|faint|p2a: SplishSplash
|
|upkeep
|
|t:|1610825911
|switch|p2a: Mimikyu|Mimikyu, M|100\/100
|turn|7
|
|t:|1610825915
|move|p2a: Mimikyu|Shadow Sneak|p1a: Volcarona
|-damage|p1a: Volcarona|0 fnt
|-status|p2a: Mimikyu|brn|[from] ability: Flame Body|[of] p1a: Volcarona
|faint|p1a: Volcarona
|
|-damage|p2a: Mimikyu|95\/100 brn|[from] brn
|upkeep
|c|☆ViZarPKMN|sorry
|
|t:|1610825922
|switch|p1a: Urshifu|Urshifu-Rapid-Strike, F|341\/341
|turn|8
|
|t:|1610825931
|move|p1a: Urshifu|Surging Strikes|p2a: Mimikyu
|-activate|p2a: Mimikyu|ability: Disguise
|-damage|p2a: Mimikyu|95\/100 brn
|detailschange|p2a: Mimikyu|Mimikyu-Busted, M
|-damage|p2a: Mimikyu|82\/100 brn|[from] pokemon: Mimikyu-Busted
|-crit|p2a: Mimikyu
|-damage|p2a: Mimikyu|50\/100 brn
|-crit|p2a: Mimikyu
|-damage|p2a: Mimikyu|19\/100 brn
|-hitcount|p2a: Mimikyu|3
|move|p2a: Mimikyu|Swords Dance|p2a: Mimikyu
|-boost|p2a: Mimikyu|atk|2
|
|-damage|p2a: Mimikyu|13\/100 brn|[from] brn
|upkeep
|turn|9
|
|t:|1610825948
|move|p2a: Mimikyu|Shadow Sneak|p1a: Urshifu
|-damage|p1a: Urshifu|283\/341
|move|p1a: Urshifu|Surging Strikes|p2a: Mimikyu
|-crit|p2a: Mimikyu
|-damage|p2a: Mimikyu|0 fnt
|-hitcount|p2a: Mimikyu|1
|faint|p2a: Mimikyu
|
|upkeep
|
|t:|1610825956
|switch|p2a: Staticpuff|Boltund, F|100\/100
|turn|10
|
|t:|1610825962
|switch|p1a: Landorus|Landorus-Therian, M|319\/319
|-ability|p1a: Landorus|Intimidate|boost
|-unboost|p2a: Staticpuff|atk|1
|detailschange|p2a: Staticpuff|Boltund-Mega, F
|-mega|p2a: Staticpuff|Boltund|Boltundite
|-start|p2a: Staticpuff|typechange|Electric\/Fairy|[silent]
|raw|<ul class="utilichart"><li class="result"><span class="col pokemonnamecol" style="white-space: nowrap">Boltund-Mega<\/span> <span class="col typecol"><img src="https:\/\/play.pokemonshowdown.com\/sprites\/types\/Electric.png" alt="Electric" height="14" width="32"><img src="https:\/\/play.pokemonshowdown.com\/sprites\/types\/Fairy.png" alt="Fairy" height="14" width="32"><\/span> <span style="float: left ; min-height: 26px"><span class="col abilitycol">Adrenaline<\/span><span class="col abilitycol"><\/span><\/span><span style="float: left ; min-height: 26px"><span class="col statcol"><em>HP<\/em><br>69<\/span> <span class="col statcol"><em>Atk<\/em><br>140<\/span> <span class="col statcol"><em>Def<\/em><br>60<\/span> <span class="col statcol"><em>SpA<\/em><br>115<\/span> <span class="col statcol"><em>SpD<\/em><br>60<\/span> <span class="col statcol"><em>Spe<\/em><br>146<\/span> <\/span><\/li><li style="clear: both"><\/li><\/ul>
|move|p2a: Staticpuff|Play Rough|p1a: Landorus
|-damage|p1a: Landorus|192\/319
|
|upkeep
|turn|11
|
|t:|1610825974
|switch|p2a: TTTTTTTTTTTT II|Flygon, M|100\/100
|move|p1a: Landorus|Earthquake|p2a: TTTTTTTTTTTT II
|-immune|p2a: TTTTTTTTTTTT II|[from] ability: Levitate
|
|upkeep
|turn|12
|
|t:|1610825987
|switch|p1a: Delibird|Delibird-Mega, F|80\/293
|-start|p1a: Delibird|typechange|Ice\/Flying|[silent]
|move|p2a: TTTTTTTTTTTT II|Dragon Claw|p1a: Delibird
|-damage|p1a: Delibird|0 fnt
|faint|p1a: Delibird
|
|upkeep
|
|t:|1610825991
|switch|p1a: Tapu Koko|Tapu Koko|281\/281
|-fieldstart|move: Electric Terrain|[from] ability: Electric Surge|[of] p1a: Tapu Koko
|turn|13
|
|t:|1610825998
|move|p1a: Tapu Koko|Hidden Power|p2a: TTTTTTTTTTTT II
|-supereffective|p2a: TTTTTTTTTTTT II
|-enditem|p2a: TTTTTTTTTTTT II|Yache Berry|[eat]
|-enditem|p2a: TTTTTTTTTTTT II|Yache Berry|[weaken]
|-damage|p2a: TTTTTTTTTTTT II|54\/100
|move|p2a: TTTTTTTTTTTT II|Earthquake|p1a: Tapu Koko
|-supereffective|p1a: Tapu Koko
|-damage|p1a: Tapu Koko|0 fnt
|faint|p1a: Tapu Koko
|
|upkeep
|
|t:|1610826004
|switch|p1a: Hawlucha|Hawlucha, F|329\/329
|-enditem|p1a: Hawlucha|Electric Seed
|-boost|p1a: Hawlucha|def|1|[from] item: Electric Seed
|turn|14
|
|t:|1610826011
|move|p1a: Hawlucha|Swords Dance|p1a: Hawlucha
|-boost|p1a: Hawlucha|atk|2
|move|p2a: TTTTTTTTTTTT II|Dragon Claw|p1a: Hawlucha
|-damage|p1a: Hawlucha|221\/329
|
|upkeep
|turn|15
|
|t:|1610826018
|move|p1a: Hawlucha|Acrobatics|p2a: TTTTTTTTTTTT II
|-damage|p2a: TTTTTTTTTTTT II|0 fnt
|faint|p2a: TTTTTTTTTTTT II
|
|upkeep
|
|t:|1610826024
|switch|p2a: Staticpuff|Boltund-Mega, F|100\/100
|-start|p2a: Staticpuff|typechange|Electric\/Fairy|[silent]
|turn|16
|
|t:|1610826029
|move|p1a: Hawlucha|Close Combat|p2a: Staticpuff
|-resisted|p2a: Staticpuff
|-damage|p2a: Staticpuff|0 fnt
|-unboost|p1a: Hawlucha|def|1
|-unboost|p1a: Hawlucha|spd|1
|faint|p2a: Staticpuff
|
|upkeep
|
|t:|1610826038
|switch|p2a: dog?|Cobalion|100\/100
|turn|17
|
|t:|1610826046
|move|p1a: Hawlucha|Close Combat|p2a: dog?
|-supereffective|p2a: dog?
|-damage|p2a: dog?|0 fnt
|-unboost|p1a: Hawlucha|def|1
|-unboost|p1a: Hawlucha|spd|1
|faint|p2a: dog?
|
|win|ViZarPKMN</script>
</div>
<div class="battle-log battle-log-inline"><div class="inner"><div class="battle-options"><div style="padding-top: 3px; padding-right: 3px; text-align: right"><button class="icon button" name="openBattleOptions" title="Options">Battle Options</button></div></div><div class="inner message-log"><div class="chat"><small>☆ViZarPKMN and ☆BotwNerd745 joined</small></div><div class=""><small>Format:</small> <br><strong>[Gen 8] Megas for All</strong></div><div class=""><small><em>HP Percentage Mod:</em> HP is shown in percentages</small></div><div class=""><small><em>Endless Battle Clause:</em> Forcing endless battles is banned</small></div><div class=""><small><em>OHKO Clause:</em> OHKO moves are banned</small></div><div class=""><small><em>Evasion Moves Clause:</em> Evasion moves are banned</small></div><div class=""><small><em>Species Clause:</em> Limit one of each Pokémon</small></div><div class=""><small><em>Dynamax Clause:</em> You cannot dynamax</small></div><div class=""><small><em>Sleep Clause Mod:</em> Limit one foe put to sleep</small></div><div class=""><small><em>Freeze Clause Mod:</em> Limit one foe frozen</small></div><div class="chat"><img src="https://www.smogon.com/forums/attachments/banner_2-png.302358/" height="65" width="381"></div><div class="spacer battle-history"><br></div><div class="battle-history"><small>Welcome to Megas for All!</small><br></div><div class="battle-history"><small>This is a National Dex-based format where we aim to give a new Mega Evolution to every Pokémon.</small><br></div><div class="battle-history"><small>Just like any official format, you can still only Mega Evolve one Pokémon per team!</small><br></div><div class="battle-history"><small>You can find our thread and metagame resources here:</small><br></div><div class="battle-history"><small>https://www.smogon.com/forums/threads/3671140/</small><br></div><div class="chat battle-history"><strong>ViZarPKMN's team:</strong> <em style="color:#445566;display:block;">Delibird / Tapu Koko / Hawlucha / Urshifu-* / Landorus-Therian / Volcarona</em></div><div class="chat battle-history"><strong>BotwNerd745's team:</strong> <em style="color:#445566;display:block;">Skarmory / Boltund / Rotom-Wash / Flygon / Cobalion / Mimikyu</em></div><div class="chat chatmessage-vizarpkmn mine"><strong style="color:#4f78c0"><small>☆</small><span class="username" data-name="ViZarPKMN">ViZarPKMN</span>:</strong> <em>glh</em></div><div class="chat chatmessage-botwnerd745"><strong style="color:#9835de"><small>☆</small><span class="username" data-name="BotwNerd745">BotwNerd745</span>:</strong> <em>g</em></div><div class="chat chatmessage-botwnerd745"><strong style="color:#9835de"><small>☆</small><span class="username" data-name="BotwNerd745">BotwNerd745</span>:</strong> <em>glhf</em></div><div class="chat"><small>+inkbug1 joined</small></div><div class="spacer battle-history"><br></div><div class="battle-history">Battle started between ViZarPKMN and BotwNerd745!<br></div><div class="spacer battle-history"><br></div><div class="battle-history">Go! <strong>Tapu Koko</strong>!<br></div><div class="spacer battle-history"><br></div><div class="battle-history">BotwNerd745 sent out Arrow (<strong>Skarmory</strong>)!<br></div><div class="battle-history">[Tapu Koko's Electric Surge]<br><small>An electric current ran across the battlefield!</small><br></div><div class="spacer battle-history"><br></div><h2 class="battle-history">Turn 1</h2><div class="spacer battle-history"><br></div><div class="battle-history">Tapu Koko used <strong>Discharge</strong>!<br></div><div class="battle-history"><small>It's super effective!</small><br></div><div class="battle-history"><small>(The opposing Arrow lost 100% of its health!)</small><br></div><div class="spacer battle-history"><br></div><div class="battle-history">The opposing Arrow fainted!<br></div><div class="spacer battle-history"><br></div><div class="battle-history">BotwNerd745 sent out TTTTTTTTTTTT II (<strong>Flygon</strong>)!<br></div><div class="spacer battle-history"><br></div><h2 class="battle-history">Turn 2</h2><div class="spacer battle-history"><br></div><div class="battle-history">Tapu Koko, come back!<br></div><div class="battle-history">Go! Landorus (<strong>Landorus-Therian</strong>)!<br></div><div class="battle-history">[Landorus's Intimidate]<br></div><div class="battle-history"><small>The opposing TTTTTTTTTTTT II's Attack fell!</small><br></div><div class="spacer battle-history"><br></div><div class="battle-history">The opposing TTTTTTTTTTTT II used <strong>Earthquake</strong>!<br></div><div class="battle-history"><small>It doesn't affect Landorus...</small><br></div><div class="spacer battle-history"><br></div><h2 class="battle-history">Turn 3</h2><div class="spacer battle-history"><br></div><div class="battle-history">Landorus, come back!<br></div><div class="battle-history">Go! <strong>Delibird</strong>!<br></div><div class="spacer battle-history"><br></div><div class="battle-history">BotwNerd745 withdrew TTTTTTTTTTTT II!<br></div><div class="battle-history">BotwNerd745 sent out SplishSplash (<strong>Rotom-Wash</strong>)!<br></div><div class="spacer battle-history"><br></div><h2 class="battle-history">Turn 4</h2><div class="spacer battle-history"><br></div><div class="battle-history"><small>Delibird's Delibirdite is reacting to the Key Stone!</small><br>Delibird has Mega Evolved into Mega Delibird!<br></div><div class="chat"><ul class="utilichart"><li class="result"><span class="col pokemonnamecol" style="white-space: nowrap">Delibird-Mega</span> <span class="col typecol"><img src="https://play.pokemonshowdown.com/sprites/types/Ice.png" alt="Ice" height="14" width="32"><img src="https://play.pokemonshowdown.com/sprites/types/Flying.png" alt="Flying" height="14" width="32"></span> <span style="float: left ; min-height: 26px"><span class="col abilitycol">Spirit of Giving</span><span class="col abilitycol"></span></span><span style="float: left ; min-height: 26px"><span class="col statcol"><em>HP</em><br>45</span> <span class="col statcol"><em>Atk</em><br>25</span> <span class="col statcol"><em>Def</em><br>120</span> <span class="col statcol"><em>SpA</em><br>85</span> <span class="col statcol"><em>SpD</em><br>120</span> <span class="col statcol"><em>Spe</em><br>35</span> </span></li><li style="clear: both"></li></ul></div><div class="spacer battle-history"><br></div><div class="battle-history">The opposing SplishSplash used <strong>Thunderbolt</strong>!<br></div><div class="battle-history"><small>It's super effective!</small><br></div><div class="battle-history"><small>(Delibird lost <abbr title="−213/293">72.7%</abbr> of its health!)</small><br></div><div class="battle-history"><small>The opposing SplishSplash lost some of its HP!</small><br></div><div class="spacer battle-history"><br></div><div class="battle-history">Delibird used <strong>U-turn</strong>!<br></div><div class="battle-history"><small>(The opposing SplishSplash lost 9% of its health!)</small><br></div><div class="spacer battle-history"><br></div><div class="battle-history">Delibird went back to ViZarPKMN!<br></div><div class="battle-history">Go! <strong>Volcarona</strong>!<br></div><div class="spacer battle-history"><br></div><h2 class="battle-history">Turn 5</h2><div class="spacer battle-history"><br></div><div class="battle-history">Volcarona used <strong>Quiver Dance</strong>!<br></div><div class="battle-history"><small>Volcarona's Sp. Atk rose!</small><br></div><div class="battle-history"><small>Volcarona's Sp. Def rose!</small><br></div><div class="battle-history"><small>Volcarona's Speed rose!</small><br></div><div class="spacer battle-history"><br></div><div class="battle-history">The opposing SplishSplash used <strong>Hydro Pump</strong>!<br></div><div class="battle-history"><small>It's super effective!</small><br></div><div class="battle-history"><small>(Volcarona lost <abbr title="−291/311">93.6%</abbr> of its health!)</small><br></div><div class="battle-history"><small>The opposing SplishSplash lost some of its HP!</small><br></div><div class="spacer battle-history"><br></div><div class="battle-history"><small>The electricity disappeared from the battlefield.</small><br></div><div class="spacer battle-history"><br></div><h2 class="battle-history">Turn 6</h2><div class="spacer battle-history"><br></div><div class="battle-history">Volcarona used <strong>Bug Buzz</strong>!<br></div><div class="battle-history"><small>(The opposing SplishSplash lost 72% of its health!)</small><br></div><div class="spacer battle-history"><br></div><div class="battle-history">The opposing SplishSplash fainted!<br></div><div class="spacer battle-history"><br></div><div class="battle-history">BotwNerd745 sent out <strong>Mimikyu</strong>!<br></div><div class="spacer battle-history"><br></div><h2 class="battle-history">Turn 7</h2><div class="spacer battle-history"><br></div><div class="battle-history">The opposing Mimikyu used <strong>Shadow Sneak</strong>!<br></div><div class="battle-history"><small>(Volcarona lost <abbr title="−20/311">6.4%</abbr> of its health!)</small><br></div><div class="battle-history">[Volcarona's Flame Body]<br><small>The opposing Mimikyu was burned!</small><br></div><div class="spacer battle-history"><br></div><div class="battle-history">Volcarona fainted!<br></div><div class="spacer battle-history"><br></div><div class="battle-history"><small>The opposing Mimikyu was hurt by its burn!</small><br></div><div class="chat chatmessage-vizarpkmn mine"><strong style="color:#4f78c0"><small>☆</small><span class="username" data-name="ViZarPKMN">ViZarPKMN</span>:</strong> <em>sorry</em></div><div class="spacer battle-history"><br></div><div class="battle-history">Go! Urshifu (<strong>Urshifu-Rapid-Strike</strong>)!<br></div><div class="spacer battle-history"><br></div><h2 class="battle-history">Turn 8</h2><div class="spacer battle-history"><br></div><div class="battle-history">Urshifu used <strong>Surging Strikes</strong>!<br></div><div class="battle-history">[The opposing Mimikyu's Disguise]<br><small>Its disguise served it as a decoy!</small><br></div><div class="battle-history"><small>(The opposing Mimikyu lost 0% of its health!)</small><br></div><div class="battle-history">The opposing Mimikyu's disguise was busted!<br></div><div class="battle-history"><small>(The opposing Mimikyu was hurt!)</small><br></div><div class="battle-history"><small>A critical hit!</small><br></div><div class="battle-history"><small>(The opposing Mimikyu lost 32% of its health!)</small><br></div><div class="battle-history"><small>A critical hit!</small><br></div><div class="battle-history"><small>(The opposing Mimikyu lost 31% of its health!)</small><br></div><div class="battle-history"><small>The Pokémon was hit 3 times!</small><br></div><div class="spacer battle-history"><br></div><div class="battle-history">The opposing Mimikyu used <strong>Swords Dance</strong>!<br></div><div class="battle-history"><small>The opposing Mimikyu's Attack rose sharply!</small><br></div><div class="spacer battle-history"><br></div><div class="battle-history"><small>The opposing Mimikyu was hurt by its burn!</small><br></div><div class="spacer battle-history"><br></div><h2 class="battle-history">Turn 9</h2><div class="spacer battle-history"><br></div><div class="battle-history">The opposing Mimikyu used <strong>Shadow Sneak</strong>!<br></div><div class="battle-history"><small>(Urshifu lost <abbr title="−58/341">17.0%</abbr> of its health!)</small><br></div><div class="spacer battle-history"><br></div><div class="battle-history">Urshifu used <strong>Surging Strikes</strong>!<br></div><div class="battle-history"><small>A critical hit!</small><br></div><div class="battle-history"><small>(The opposing Mimikyu lost 13% of its health!)</small><br></div><div class="battle-history"><small>The Pokémon was hit 1 time!</small><br></div><div class="spacer battle-history"><br></div><div class="battle-history">The opposing Mimikyu fainted!<br></div><div class="spacer battle-history"><br></div><div class="battle-history">BotwNerd745 sent out Staticpuff (<strong>Boltund</strong>)!<br></div><div class="spacer battle-history"><br></div><h2 class="battle-history">Turn 10</h2><div class="spacer battle-history"><br></div><div class="battle-history">Urshifu, come back!<br></div><div class="battle-history">Go! Landorus (<strong>Landorus-Therian</strong>)!<br></div><div class="battle-history">[Landorus's Intimidate]<br></div><div class="battle-history"><small>The opposing Staticpuff's Attack fell!</small><br></div><div class="spacer battle-history"><br></div><div class="battle-history"><small>The opposing Staticpuff's Boltundite is reacting to the Key Stone!</small><br>The opposing Staticpuff has Mega Evolved into Mega Boltund!<br></div><div class="chat"><ul class="utilichart"><li class="result"><span class="col pokemonnamecol" style="white-space: nowrap">Boltund-Mega</span> <span class="col typecol"><img src="https://play.pokemonshowdown.com/sprites/types/Electric.png" alt="Electric" height="14" width="32"><img src="https://play.pokemonshowdown.com/sprites/types/Fairy.png" alt="Fairy" height="14" width="32"></span> <span style="float: left ; min-height: 26px"><span class="col abilitycol">Adrenaline</span><span class="col abilitycol"></span></span><span style="float: left ; min-height: 26px"><span class="col statcol"><em>HP</em><br>69</span> <span class="col statcol"><em>Atk</em><br>140</span> <span class="col statcol"><em>Def</em><br>60</span> <span class="col statcol"><em>SpA</em><br>115</span> <span class="col statcol"><em>SpD</em><br>60</span> <span class="col statcol"><em>Spe</em><br>146</span> </span></li><li style="clear: both"></li></ul></div><div class="spacer battle-history"><br></div><div class="battle-history">The opposing Staticpuff used <strong>Play Rough</strong>!<br></div><div class="battle-history"><small>(Landorus lost <abbr title="−127/319">39.8%</abbr> of its health!)</small><br></div><div class="spacer battle-history"><br></div><h2 class="battle-history">Turn 11</h2><div class="spacer battle-history"><br></div><div class="battle-history">BotwNerd745 withdrew Staticpuff!<br></div><div class="battle-history">BotwNerd745 sent out TTTTTTTTTTTT II (<strong>Flygon</strong>)!<br></div><div class="spacer battle-history"><br></div><div class="battle-history">Landorus used <strong>Earthquake</strong>!<br></div><div class="battle-history">[The opposing TTTTTTTTTTTT II's Levitate]<br><small>It doesn't affect the opposing TTTTTTTTTTTT II...</small><br></div><div class="spacer battle-history"><br></div><h2 class="battle-history">Turn 12</h2><div class="spacer battle-history"><br></div><div class="battle-history">Landorus, come back!<br></div><div class="battle-history">Go! Delibird (<strong>Delibird-Mega</strong>)!<br></div><div class="spacer battle-history"><br></div><div class="battle-history">The opposing TTTTTTTTTTTT II used <strong>Dragon Claw</strong>!<br></div><div class="battle-history"><small>(Delibird lost <abbr title="−80/293">27.3%</abbr> of its health!)</small><br></div><div class="spacer battle-history"><br></div><div class="battle-history">Delibird fainted!<br></div><div class="spacer battle-history"><br></div><div class="battle-history">Go! <strong>Tapu Koko</strong>!<br></div><div class="battle-history">[Tapu Koko's Electric Surge]<br><small>An electric current ran across the battlefield!</small><br></div><div class="spacer battle-history"><br></div><h2 class="battle-history">Turn 13</h2><div class="spacer battle-history"><br></div><div class="battle-history">Tapu Koko used <strong>Hidden Power</strong>!<br></div><div class="battle-history"><small>It's super effective!</small><br></div><div class="battle-history"><small>(The opposing TTTTTTTTTTTT II ate its Yache Berry!)</small><br></div><div class="battle-history"><small>The Yache Berry weakened the damage to the opposing TTTTTTTTTTTT II!</small><br></div><div class="battle-history"><small>(The opposing TTTTTTTTTTTT II lost 46% of its health!)</small><br></div><div class="spacer battle-history"><br></div><div class="battle-history">The opposing TTTTTTTTTTTT II used <strong>Earthquake</strong>!<br></div><div class="battle-history"><small>It's super effective!</small><br></div><div class="battle-history"><small>(Tapu Koko lost <abbr title="−281/281">100%</abbr> of its health!)</small><br></div><div class="spacer battle-history"><br></div><div class="battle-history">Tapu Koko fainted!<br></div><div class="spacer battle-history"><br></div><div class="battle-history">Go! <strong>Hawlucha</strong>!<br></div><div class="battle-history"><small>(Hawlucha used its Electric Seed!)</small><br></div><div class="battle-history"><small>The Electric Seed raised Hawlucha's Defense!</small><br></div><div class="spacer battle-history"><br></div><h2 class="battle-history">Turn 14</h2><div class="spacer battle-history"><br></div><div class="battle-history">Hawlucha used <strong>Swords Dance</strong>!<br></div><div class="battle-history"><small>Hawlucha's Attack rose sharply!</small><br></div><div class="spacer battle-history"><br></div><div class="battle-history">The opposing TTTTTTTTTTTT II used <strong>Dragon Claw</strong>!<br></div><div class="battle-history"><small>(Hawlucha lost <abbr title="−108/329">32.8%</abbr> of its health!)</small><br></div><div class="spacer battle-history"><br></div><h2 class="battle-history">Turn 15</h2><div class="spacer battle-history"><br></div><div class="battle-history">Hawlucha used <strong>Acrobatics</strong>!<br></div><div class="battle-history"><small>(The opposing TTTTTTTTTTTT II lost 54% of its health!)</small><br></div><div class="spacer battle-history"><br></div><div class="battle-history">The opposing TTTTTTTTTTTT II fainted!<br></div><div class="spacer battle-history"><br></div><div class="battle-history">BotwNerd745 sent out Staticpuff (<strong>Boltund-Mega</strong>)!<br></div><div class="spacer battle-history"><br></div><h2 class="battle-history">Turn 16</h2><div class="spacer battle-history"><br></div><div class="battle-history">Hawlucha used <strong>Close Combat</strong>!<br></div><div class="battle-history"><small>It's not very effective...</small><br></div><div class="battle-history"><small>(The opposing Staticpuff lost 100% of its health!)</small><br></div><div class="battle-history"><small>Hawlucha's Defense fell!</small><br></div><div class="battle-history"><small>Hawlucha's Sp. Def fell!</small><br></div><div class="spacer battle-history"><br></div><div class="battle-history">The opposing Staticpuff fainted!<br></div><div class="spacer battle-history"><br></div><div class="battle-history">BotwNerd745 sent out dog? (<strong>Cobalion</strong>)!<br></div><div class="spacer battle-history"><br></div><h2 class="battle-history">Turn 17</h2><div class="spacer battle-history"><br></div><div class="battle-history">Hawlucha used <strong>Close Combat</strong>!<br></div><div class="battle-history"><small>It's super effective!</small><br></div><div class="battle-history"><small>(The opposing dog? lost 100% of its health!)</small><br></div><div class="battle-history"><small>Hawlucha's Defense fell!</small><br></div><div class="battle-history"><small>Hawlucha's Sp. Def fell!</small><br></div><div class="spacer battle-history"><br></div><div class="battle-history">The opposing dog? fainted!<br></div><div class="spacer battle-history"><br></div><div class="battle-history"><strong>ViZarPKMN</strong> won the battle!<br></div></div><div class="inner-preempt message-log"></div></div></div>
</div>
<script>
let daily = Math.floor(Date.now()/1000/60/60/24);document.write('<script src="https://dragonheaven.herokuapp.com/js/replay-embed.js?version'+daily+'"></'+'script>');
</script>
