<!DOCTYPE html>
<meta charset="utf-8" />
<!-- version 1 -->
<title>[Gen 8] Megas for All replay: pupugugu vs. Paul(Paulluxx)</title>
<style>
html,body {font-family:Verdana, sans-serif;font-size:10pt;margin:0;padding:0;}body{padding:12px 0;} .battle-log {font-family:Verdana, sans-serif;font-size:10pt;} .battle-log-inline {border:1px solid #AAAAAA;background:#EEF2F5;color:black;max-width:640px;margin:0 auto 80px;padding-bottom:5px;} .battle-log .inner {padding:4px 8px 0px 8px;} .battle-log .inner-preempt {padding:0 8px 4px 8px;} .battle-log .inner-after {margin-top:0.5em;} .battle-log h2 {margin:0.5em -8px;padding:4px 8px;border:1px solid #AAAAAA;background:#E0E7EA;border-left:0;border-right:0;font-family:Verdana, sans-serif;font-size:13pt;} .battle-log .chat {vertical-align:middle;padding:3px 0 3px 0;font-size:8pt;} .battle-log .chat strong {color:#40576A;} .battle-log .chat em {padding:1px 4px 1px 3px;color:#000000;font-style:normal;} .chat.mine {background:rgba(0,0,0,0.05);margin-left:-8px;margin-right:-8px;padding-left:8px;padding-right:8px;} .spoiler {color:#BBBBBB;background:#BBBBBB;padding:0px 3px;} .spoiler:hover, .spoiler:active, .spoiler-shown {color:#000000;background:#E2E2E2;padding:0px 3px;} .spoiler a {color:#BBBBBB;} .spoiler:hover a, .spoiler:active a, .spoiler-shown a {color:#2288CC;} .chat code, .chat .spoiler:hover code, .chat .spoiler:active code, .chat .spoiler-shown code {border:1px solid #C0C0C0;background:#EEEEEE;color:black;padding:0 2px;} .chat .spoiler code {border:1px solid #CCCCCC;background:#CCCCCC;color:#CCCCCC;} .battle-log .rated {padding:3px 4px;} .battle-log .rated strong {color:white;background:#89A;padding:1px 4px;border-radius:4px;} .spacer {margin-top:0.5em;} .message-announce {background:#6688AA;color:white;padding:1px 4px 2px;} .message-announce a, .broadcast-green a, .broadcast-blue a, .broadcast-red a {color:#DDEEFF;} .broadcast-green {background-color:#559955;color:white;padding:2px 4px;} .broadcast-blue {background-color:#6688AA;color:white;padding:2px 4px;} .infobox {border:1px solid #6688AA;padding:2px 4px;} .infobox-limited {max-height:200px;overflow:auto;overflow-x:hidden;} .broadcast-red {background-color:#AA5544;color:white;padding:2px 4px;} .message-learn-canlearn {font-weight:bold;color:#228822;text-decoration:underline;} .message-learn-cannotlearn {font-weight:bold;color:#CC2222;text-decoration:underline;} .message-effect-weak {font-weight:bold;color:#CC2222;} .message-effect-resist {font-weight:bold;color:#6688AA;} .message-effect-immune {font-weight:bold;color:#666666;} .message-learn-list {margin-top:0;margin-bottom:0;} .message-throttle-notice, .message-error {color:#992222;} .message-overflow, .chat small.message-overflow {font-size:0pt;} .message-overflow::before {font-size:9pt;content:'...';} .subtle {color:#3A4A66;}
</style>
<div class="wrapper replay-wrapper" style="max-width:1180px;margin:0 auto">
<input type="hidden" name="replayid" value="dragonheaven-gen8megasforall-374" />
<div class="battle"></div><div class="battle-log"></div><div class="replay-controls"></div><div class="replay-controls-2"></div>
<h1 style="font-weight:normal;text-align:center"><strong>[Gen 8] Megas for All</strong><br /><a href="http://pokemonshowdown.com/users/pupugugu" class="subtle" target="_blank">pupugugu</a> vs. <a href="http://pokemonshowdown.com/users/paulpaulluxx" class="subtle" target="_blank">Paul(Paulluxx)</a></h1>
<script type="text/plain" class="battle-log-data">|j|☆pupugugu
|j|☆Paul(Paulluxx)
|t:|1634944665
|player|p1|pupugugu|clerkf|
|player|p2|Paul(Paulluxx)|valerie|
|teamsize|p1|6
|teamsize|p2|6
|gametype|singles
|gen|8
|tier|[Gen 8] Megas for All
|rated|Tournament battle
|clearpoke
|poke|p1|Breloom, M|
|poke|p1|Lycanroc, F|
|poke|p1|Urshifu-*, M|
|poke|p1|Greninja, M|
|poke|p1|Scizor, M|
|poke|p1|Mamoswine, F|
|poke|p2|Landorus-Therian, M|
|poke|p2|Jirachi|
|poke|p2|Kyurem|
|poke|p2|Tornadus-Therian, M|
|poke|p2|Weavile, M|
|poke|p2|Dhelmise|
|rule|HP Percentage Mod: HP is shown in percentages
|rule|Endless Battle Clause: Forcing endless battles is banned
|rule|OHKO Clause: OHKO moves are banned
|rule|Evasion Moves Clause: Evasion moves are banned
|rule|Species Clause: Limit one of each Pokémon
|rule|Dynamax Clause: You cannot dynamax
|rule|Sleep Clause Mod: Limit one foe put to sleep
|rule|Freeze Clause Mod: Limit one foe frozen
|raw|<img src="https:\/\/raw.githubusercontent.com\/scoopapa\/DH\/master\/data\/mods\/m4av6\/sprites\/m4a_banner.png" height="65" width="381">
|-message|Welcome to Megas for All!
|-message|This is a National Dex-based format where we aim to give a new Mega Evolution to every Pokémon.
|-message|Just like any official format, you can still only Mega Evolve one Pokémon per team!
|-message|You can find our thread and metagame resources here:
|-message|https:\/\/www.smogon.com\/forums\/threads\/3671140\/
|teampreview
|j|#inkbug1

|
|t:|1634944672
|start
|switch|p1a: Breloom|Breloom, M|100\/100
|switch|p2a: Kyurem|Kyurem|100\/100
|-ability|p2a: Kyurem|Pressure
|turn|1
|c|☆pupugugu|damn matchup looks good
|
|t:|1634944676
|move|p2a: Kyurem|Ice Beam|p1a: Breloom
|-supereffective|p1a: Breloom
|-enditem|p1a: Breloom|Focus Sash
|-damage|p1a: Breloom|1\/100
|move|p1a: Breloom|Spore|p2a: Kyurem
|-status|p2a: Kyurem|slp|[from] move: Spore
|
|upkeep
|turn|2
|j| albatrss
|c|☆Paul(Paulluxx)|I want to punch you
|
|t:|1634944685
|switch|p2a: Dhelmise|Dhelmise|100\/100
|move|p1a: Breloom|Swords Dance|p1a: Breloom
|-boost|p1a: Breloom|atk|2
|
|upkeep
|turn|3
|c|☆pupugugu|LOL
|
|t:|1634944689
|detailschange|p2a: Dhelmise|Dhelmise-Mega
|-mega|p2a: Dhelmise|Dhelmise|Dhelmite
|-weather|PrimordialSea|[from] ability: Primordial Sea|[of] p2a: Dhelmise
|-start|p2a: Dhelmise|typechange|Ghost\/Steel|[silent]
|raw|<ul class="utilichart"><li class="result"><span class="col pokemonnamecol" style="white-space: nowrap">Dhelmise-Mega<\/span> <span class="col typecol"><img src="https:\/\/play.pokemonshowdown.com\/sprites\/types\/Ghost.png" alt="Ghost" height="14" width="32"><img src="https:\/\/play.pokemonshowdown.com\/sprites\/types\/Steel.png" alt="Steel" height="14" width="32"><\/span> <span style="float: left ; min-height: 26px"><span class="col abilitycol">Primordial Sea<\/span><span class="col abilitycol"><\/span><\/span><span style="float: left ; min-height: 26px"><span class="col statcol"><em>HP<\/em><br>70<\/span> <span class="col statcol"><em>Atk<\/em><br>151<\/span> <span class="col statcol"><em>Def<\/em><br>115<\/span> <span class="col statcol"><em>SpA<\/em><br>116<\/span> <span class="col statcol"><em>SpD<\/em><br>115<\/span> <span class="col statcol"><em>Spe<\/em><br>50<\/span> <\/span><\/li><li style="clear: both"><\/li><\/ul>
|move|p1a: Breloom|Bullet Seed|p2a: Dhelmise
|-resisted|p2a: Dhelmise
|-damage|p2a: Dhelmise|82\/100
|-resisted|p2a: Dhelmise
|-damage|p2a: Dhelmise|65\/100
|-hitcount|p2a: Dhelmise|2
|move|p2a: Dhelmise|Flip Turn|p1a: Breloom
|-resisted|p1a: Breloom
|-damage|p1a: Breloom|0 fnt
|faint|p1a: Breloom
|c|☆pupugugu|rude to counter team with dhelm tho
|
|t:|1634944697
|-weather|none
|switch|p2a: Kyurem|Kyurem|100\/100 slp|[from]move: Flip Turn
|-ability|p2a: Kyurem|Pressure
|
|upkeep
|
|t:|1634944702
|switch|p1a: Urshifu-Rapid-Stri|Urshifu-Rapid-Strike, M|100\/100
|turn|4
|
|t:|1634944706
|switch|p2a: Landorus|Landorus-Therian, M|100\/100
|-ability|p2a: Landorus|Intimidate|boost
|-unboost|p1a: Urshifu-Rapid-Stri|atk|1
|move|p1a: Urshifu-Rapid-Stri|Surging Strikes|p2a: Landorus
|-supereffective|p2a: Landorus
|-crit|p2a: Landorus
|-damage|p2a: Landorus|70\/100
|-damage|p1a: Urshifu-Rapid-Stri|84\/100|[from] item: Rocky Helmet|[of] p2a: Landorus
|-supereffective|p2a: Landorus
|-crit|p2a: Landorus
|-damage|p2a: Landorus|40\/100
|-damage|p1a: Urshifu-Rapid-Stri|68\/100|[from] item: Rocky Helmet|[of] p2a: Landorus
|-supereffective|p2a: Landorus
|-crit|p2a: Landorus
|-damage|p2a: Landorus|5\/100
|-damage|p1a: Urshifu-Rapid-Stri|51\/100|[from] item: Rocky Helmet|[of] p2a: Landorus
|-hitcount|p2a: Landorus|3
|
|upkeep
|turn|5
|
|t:|1634944715
|move|p1a: Urshifu-Rapid-Stri|Surging Strikes|p2a: Landorus
|-supereffective|p2a: Landorus
|-crit|p2a: Landorus
|-damage|p2a: Landorus|0 fnt
|-damage|p1a: Urshifu-Rapid-Stri|35\/100|[from] item: Rocky Helmet|[of] p2a: Landorus
|-hitcount|p2a: Landorus|1
|faint|p2a: Landorus
|
|upkeep
|
|t:|1634944722
|switch|p2a: Jirachi|Jirachi|100\/100
|turn|6
|
|t:|1634944725
|switch|p1a: Scizor|Scizor, M|100\/100
|move|p2a: Jirachi|Iron Head|p1a: Scizor
|-resisted|p1a: Scizor
|-damage|p1a: Scizor|87\/100
|
|upkeep
|turn|7
|
|t:|1634944728
|switch|p2a: Tornadus|Tornadus-Therian, M|100\/100
|move|p1a: Scizor|Swords Dance|p1a: Scizor
|-boost|p1a: Scizor|atk|2
|
|upkeep
|turn|8
|
|t:|1634944731
|switch|p1a: Mamoswine|Mamoswine, F|100\/100
|move|p2a: Tornadus|Hurricane|p1a: Mamoswine
|-damage|p1a: Mamoswine|67\/100
|
|upkeep
|turn|9
|
|t:|1634944735
|move|p2a: Tornadus|U-turn|p1a: Mamoswine
|-damage|p1a: Mamoswine|52\/100
|
|t:|1634944740
|switch|p2a: Jirachi|Jirachi|100\/100|[from]move: U-turn
|move|p1a: Mamoswine|Rock Tomb|p2a: Jirachi
|-resisted|p2a: Jirachi
|-damage|p2a: Jirachi|89\/100
|-unboost|p2a: Jirachi|spe|1
|
|upkeep
|turn|10
|
|t:|1634944746
|switch|p1a: Scizor|Scizor, M|87\/100
|move|p2a: Jirachi|Fire Punch|p1a: Scizor
|-supereffective|p1a: Scizor
|-damage|p1a: Scizor|24\/100
|
|upkeep
|turn|11
|
|t:|1634944749
|switch|p1a: Greninja|Greninja, M|100\/100
|move|p2a: Jirachi|Fire Punch|p1a: Greninja
|-resisted|p1a: Greninja
|-damage|p1a: Greninja|83\/100
|
|upkeep
|turn|12
|
|t:|1634944754
|switch|p2a: Tornadus|Tornadus-Therian, M|100\/100
|move|p1a: Greninja|Hydro Pump|p2a: Tornadus
|-damage|p2a: Tornadus|25\/100
|
|upkeep
|turn|13
|
|t:|1634944760
|switch|p2a: Jirachi|Jirachi|89\/100
|move|p1a: Greninja|Hydro Pump|p2a: Jirachi
|-crit|p2a: Jirachi
|-damage|p2a: Jirachi|0 fnt
|faint|p2a: Jirachi
|-activate|p1a: Greninja|ability: Battle Bond
|detailschange|p1a: Greninja|Greninja-Ash, M
|
|upkeep
|c|☆pupugugu|LET'S GO
|
|t:|1634944764
|switch|p2a: Weavile|Weavile, M|100\/100
|-ability|p2a: Weavile|Pressure
|turn|14
|
|t:|1634944769
|switch|p1a: Scizor|Scizor, M|24\/100
|move|p2a: Weavile|Triple Axel|p1a: Scizor
|-resisted|p1a: Scizor
|-damage|p1a: Scizor|20\/100
|-resisted|p1a: Scizor
|-damage|p1a: Scizor|13\/100
|-resisted|p1a: Scizor
|-crit|p1a: Scizor
|-damage|p1a: Scizor|0 fnt
|-hitcount|p1a: Scizor|3
|faint|p1a: Scizor
|
|upkeep
|c|☆Paul(Paulluxx)|I hate this game
|
|t:|1634944771
|switch|p1a: Urshifu-Rapid-Stri|Urshifu-Rapid-Strike, M|35\/100
|turn|15
|c|☆pupugugu|lol
|c| albatrss|this is what you get for not doing your hw
|
|t:|1634944783
|switch|p2a: Dhelmise|Dhelmise-Mega|65\/100
|-start|p2a: Dhelmise|typechange|Ghost\/Steel|[silent]
|-weather|PrimordialSea|[from] ability: Primordial Sea|[of] p2a: Dhelmise
|move|p1a: Urshifu-Rapid-Stri|Surging Strikes|p2a: Dhelmise
|-crit|p2a: Dhelmise
|-damage|p2a: Dhelmise|39\/100
|-crit|p2a: Dhelmise
|-damage|p2a: Dhelmise|13\/100
|-crit|p2a: Dhelmise
|-damage|p2a: Dhelmise|0 fnt
|-hitcount|p2a: Dhelmise|3
|faint|p2a: Dhelmise
|-weather|none
|
|upkeep
|
|t:|1634944793
|switch|p2a: Tornadus|Tornadus-Therian, M|58\/100
|turn|16
|
|t:|1634944795
|move|p1a: Urshifu-Rapid-Stri|Surging Strikes|p2a: Tornadus
|-crit|p2a: Tornadus
|-damage|p2a: Tornadus|37\/100
|-crit|p2a: Tornadus
|-damage|p2a: Tornadus|13\/100
|-crit|p2a: Tornadus
|-damage|p2a: Tornadus|0 fnt
|-hitcount|p2a: Tornadus|3
|faint|p2a: Tornadus
|
|upkeep
|
|t:|1634944799
|switch|p2a: Weavile|Weavile, M|100\/100
|-ability|p2a: Weavile|Pressure
|turn|17
|
|t:|1634944802
|move|p1a: Urshifu-Rapid-Stri|Surging Strikes|p2a: Weavile
|-crit|p2a: Weavile
|-damage|p2a: Weavile|65\/100
|-crit|p2a: Weavile
|-damage|p2a: Weavile|31\/100
|-crit|p2a: Weavile
|-damage|p2a: Weavile|0 fnt
|-hitcount|p2a: Weavile|3
|faint|p2a: Weavile
|
|upkeep
|c|☆Paul(Paulluxx)|sash breloom
|c|☆pupugugu|;)
|c|☆Paul(Paulluxx)|makes me want to throw up
|
|t:|1634944815
|switch|p2a: Kyurem|Kyurem|100\/100 slp
|-ability|p2a: Kyurem|Pressure
|turn|18
|c|☆Paul(Paulluxx)|Nah its not that bad
|
|t:|1634944823
|switch|p1a: Mamoswine|Mamoswine, F|52\/100
|cant|p2a: Kyurem|slp
|
|upkeep
|turn|19
|
|t:|1634944825
|cant|p2a: Kyurem|slp
|move|p1a: Mamoswine|Rock Tomb|p2a: Kyurem
|-supereffective|p2a: Kyurem
|-damage|p2a: Kyurem|61\/100 slp
|-unboost|p2a: Kyurem|spe|1
|
|upkeep
|turn|20
|
|t:|1634944831
|move|p1a: Mamoswine|Earthquake|p2a: Kyurem
|-damage|p2a: Kyurem|11\/100 slp
|cant|p2a: Kyurem|slp
|
|upkeep
|turn|21
|
|t:|1634944833
|move|p1a: Mamoswine|Earthquake|p2a: Kyurem
|-damage|p2a: Kyurem|0 fnt
|faint|p2a: Kyurem
|
|win|pupugugu
|c|☆pupugugu|gg
|c|☆Paul(Paulluxx)|sleep hax
|j| JosJet
|c|☆pupugugu|xD
|c|☆Paul(Paulluxx)|gg</script>
</div>
<div class="battle-log battle-log-inline"><div class="inner"><div class="battle-options"><div style="padding-top: 3px; padding-right: 3px; text-align: right"><button class="icon button" name="openBattleOptions" title="Options">Battle Options</button></div></div><div class="inner message-log"><div class="chat"><small>☆pupugugu and ☆Paul(Paulluxx) joined</small></div><div class=""><small>Format:</small> <br><strong>[Gen 8] Megas for All</strong></div><div class="rated"><strong>Tournament battle</strong></div><div class=""><small><em>HP Percentage Mod:</em> HP is shown in percentages</small></div><div class=""><small><em>Endless Battle Clause:</em> Forcing endless battles is banned</small></div><div class=""><small><em>OHKO Clause:</em> OHKO moves are banned</small></div><div class=""><small><em>Evasion Moves Clause:</em> Evasion moves are banned</small></div><div class=""><small><em>Species Clause:</em> Limit one of each Pokémon</small></div><div class=""><small><em>Dynamax Clause:</em> You cannot dynamax</small></div><div class=""><small><em>Sleep Clause Mod:</em> Limit one foe put to sleep</small></div><div class=""><small><em>Freeze Clause Mod:</em> Limit one foe frozen</small></div><div class="chat"><img src="https://raw.githubusercontent.com/scoopapa/DH/master/data/mods/m4av6/sprites/m4a_banner.png" height="65" width="381"></div><div class="spacer battle-history"><br></div><div class="battle-history"><small>Welcome to Megas for All!</small><br></div><div class="battle-history"><small>This is a National Dex-based format where we aim to give a new Mega Evolution to every Pokémon.</small><br></div><div class="battle-history"><small>Just like any official format, you can still only Mega Evolve one Pokémon per team!</small><br></div><div class="battle-history"><small>You can find our thread and metagame resources here:</small><br></div><div class="battle-history"><small>https://www.smogon.com/forums/threads/3671140/</small><br></div><div class="chat battle-history"><strong>pupugugu's team:</strong> <em style="color:#445566;display:block;">Breloom / Lycanroc / Urshifu-* / Greninja / Scizor / Mamoswine</em></div><div class="chat battle-history"><strong>Paul(Paulluxx)'s team:</strong> <em style="color:#445566;display:block;">Landorus-Therian / Jirachi / Kyurem / Tornadus-Therian / Weavile / Dhelmise</em></div><div class="chat"><small>#inkbug1 joined</small></div><div class="spacer battle-history"><br></div><div class="battle-history">Battle started between pupugugu and Paul(Paulluxx)!<br></div><div class="spacer battle-history"><br></div><div class="battle-history">Go! <strong>Breloom</strong>!<br></div><div class="spacer battle-history"><br></div><div class="battle-history">Paul(Paulluxx) sent out <strong>Kyurem</strong>!<br></div><div class="battle-history">[The opposing Kyurem's Pressure]<br><small>The opposing Kyurem is exerting its pressure!</small><br></div><div class="spacer battle-history"><br></div><h2 class="battle-history">Turn 1</h2><div class="chat chatmessage-pupugugu"><strong style="color:#2b7b91"><small>☆</small><span class="username" data-name="pupugugu">pupugugu</span>:</strong> <em>damn matchup looks good</em></div><div class="spacer battle-history"><br></div><div class="battle-history">The opposing Kyurem used <strong>Ice Beam</strong>!<br></div><div class="battle-history"><small>It's super effective!</small><br></div><div class="battle-history"><small>Breloom hung on using its Focus Sash!</small><br></div><div class="battle-history"><small>(Breloom lost 99% of its health!)</small><br></div><div class="spacer battle-history"><br></div><div class="battle-history">Breloom used <strong>Spore</strong>!<br></div><div class="battle-history"><small>The opposing Kyurem fell asleep!</small><br></div><div class="spacer battle-history"><br></div><h2 class="battle-history">Turn 2</h2><div class="chat"><small> albatrss joined</small></div><div class="chat chatmessage-paulpaulluxx"><strong style="color:#17849a"><small>☆</small><span class="username" data-name="Paul(Paulluxx)">Paul(Paulluxx)</span>:</strong> <em>I want to punch you</em></div><div class="spacer battle-history"><br></div><div class="battle-history">Paul(Paulluxx) withdrew Kyurem!<br></div><div class="battle-history">Paul(Paulluxx) sent out <strong>Dhelmise</strong>!<br></div><div class="spacer battle-history"><br></div><div class="battle-history">Breloom used <strong>Swords Dance</strong>!<br></div><div class="battle-history"><small>Breloom's Attack rose sharply!</small><br></div><div class="spacer battle-history"><br></div><h2 class="battle-history">Turn 3</h2><div class="chat chatmessage-pupugugu"><strong style="color:#2b7b91"><small>☆</small><span class="username" data-name="pupugugu">pupugugu</span>:</strong> <em>LOL</em></div><div class="spacer battle-history"><br></div><div class="battle-history"><small>The opposing Dhelmise's Dhelmite is reacting to the Key Stone!</small><br>The opposing Dhelmise has Mega Evolved into Mega Dhelmise!<br></div><div class="battle-history">[The opposing Dhelmise's Primordial Sea]<br><small>A heavy rain began to fall!</small><br></div><div class="chat"><ul class="utilichart"><li class="result"><span class="col pokemonnamecol" style="white-space: nowrap">Dhelmise-Mega</span> <span class="col typecol"><img src="https://play.pokemonshowdown.com/sprites/types/Ghost.png" alt="Ghost" height="14" width="32"><img src="https://play.pokemonshowdown.com/sprites/types/Steel.png" alt="Steel" height="14" width="32"></span> <span style="float: left ; min-height: 26px"><span class="col abilitycol">Primordial Sea</span><span class="col abilitycol"></span></span><span style="float: left ; min-height: 26px"><span class="col statcol"><em>HP</em><br>70</span> <span class="col statcol"><em>Atk</em><br>151</span> <span class="col statcol"><em>Def</em><br>115</span> <span class="col statcol"><em>SpA</em><br>116</span> <span class="col statcol"><em>SpD</em><br>115</span> <span class="col statcol"><em>Spe</em><br>50</span> </span></li><li style="clear: both"></li></ul></div><div class="spacer battle-history"><br></div><div class="battle-history">Breloom used <strong>Bullet Seed</strong>!<br></div><div class="battle-history"><small>It's not very effective...</small><br></div><div class="battle-history"><small>(The opposing Dhelmise lost 18% of its health!)</small><br></div><div class="battle-history"><small>It's not very effective...</small><br></div><div class="battle-history"><small>(The opposing Dhelmise lost 17% of its health!)</small><br></div><div class="battle-history"><small>The Pokémon was hit 2 times!</small><br></div><div class="spacer battle-history"><br></div><div class="battle-history">The opposing Dhelmise used <strong>Flip Turn</strong>!<br></div><div class="battle-history"><small>It's not very effective...</small><br></div><div class="battle-history"><small>(Breloom lost 1% of its health!)</small><br></div><div class="spacer battle-history"><br></div><div class="battle-history">Breloom fainted!<br></div><div class="chat chatmessage-pupugugu"><strong style="color:#2b7b91"><small>☆</small><span class="username" data-name="pupugugu">pupugugu</span>:</strong> <em>rude to counter team with dhelm tho</em></div><div class="spacer battle-history"><br></div><div class="battle-history"><small>The heavy rain has lifted!</small><br></div><div class="spacer battle-history"><br></div><div class="battle-history">Paul(Paulluxx) withdrew Dhelmise!<br></div><div class="battle-history">Paul(Paulluxx) sent out <strong>Kyurem</strong>!<br></div><div class="battle-history">[The opposing Kyurem's Pressure]<br><small>The opposing Kyurem is exerting its pressure!</small><br></div><div class="spacer battle-history"><br></div><div class="battle-history">Go! Urshifu-Rapid-Stri (<strong>Urshifu-Rapid-Strike</strong>)!<br></div><div class="spacer battle-history"><br></div><h2 class="battle-history">Turn 4</h2><div class="spacer battle-history"><br></div><div class="battle-history">Paul(Paulluxx) withdrew Kyurem!<br></div><div class="battle-history">Paul(Paulluxx) sent out Landorus (<strong>Landorus-Therian</strong>)!<br></div><div class="battle-history">[The opposing Landorus's Intimidate]<br></div><div class="battle-history"><small>Urshifu-Rapid-Stri's Attack fell!</small><br></div><div class="spacer battle-history"><br></div><div class="battle-history">Urshifu-Rapid-Stri used <strong>Surging Strikes</strong>!<br></div><div class="battle-history"><small>It's super effective!</small><br></div><div class="battle-history"><small>A critical hit!</small><br></div><div class="battle-history"><small>(The opposing Landorus lost 30% of its health!)</small><br></div><div class="battle-history"><small>Urshifu-Rapid-Stri was hurt by the Rocky Helmet!</small><br></div><div class="battle-history"><small>It's super effective!</small><br></div><div class="battle-history"><small>A critical hit!</small><br></div><div class="battle-history"><small>(The opposing Landorus lost 30% of its health!)</small><br></div><div class="battle-history"><small>Urshifu-Rapid-Stri was hurt by the Rocky Helmet!</small><br></div><div class="battle-history"><small>It's super effective!</small><br></div><div class="battle-history"><small>A critical hit!</small><br></div><div class="battle-history"><small>(The opposing Landorus lost 35% of its health!)</small><br></div><div class="battle-history"><small>Urshifu-Rapid-Stri was hurt by the Rocky Helmet!</small><br></div><div class="battle-history"><small>The Pokémon was hit 3 times!</small><br></div><div class="spacer battle-history"><br></div><h2 class="battle-history">Turn 5</h2><div class="spacer battle-history"><br></div><div class="battle-history">Urshifu-Rapid-Stri used <strong>Surging Strikes</strong>!<br></div><div class="battle-history"><small>It's super effective!</small><br></div><div class="battle-history"><small>A critical hit!</small><br></div><div class="battle-history"><small>(The opposing Landorus lost 5% of its health!)</small><br></div><div class="battle-history"><small>Urshifu-Rapid-Stri was hurt by the Rocky Helmet!</small><br></div><div class="battle-history"><small>The Pokémon was hit 1 time!</small><br></div><div class="spacer battle-history"><br></div><div class="battle-history">The opposing Landorus fainted!<br></div><div class="spacer battle-history"><br></div><div class="battle-history">Paul(Paulluxx) sent out <strong>Jirachi</strong>!<br></div><div class="spacer battle-history"><br></div><h2 class="battle-history">Turn 6</h2><div class="spacer battle-history"><br></div><div class="battle-history">Urshifu-Rapid-Stri, come back!<br></div><div class="battle-history">Go! <strong>Scizor</strong>!<br></div><div class="spacer battle-history"><br></div><div class="battle-history">The opposing Jirachi used <strong>Iron Head</strong>!<br></div><div class="battle-history"><small>It's not very effective...</small><br></div><div class="battle-history"><small>(Scizor lost 13% of its health!)</small><br></div><div class="spacer battle-history"><br></div><h2 class="battle-history">Turn 7</h2><div class="spacer battle-history"><br></div><div class="battle-history">Paul(Paulluxx) withdrew Jirachi!<br></div><div class="battle-history">Paul(Paulluxx) sent out Tornadus (<strong>Tornadus-Therian</strong>)!<br></div><div class="spacer battle-history"><br></div><div class="battle-history">Scizor used <strong>Swords Dance</strong>!<br></div><div class="battle-history"><small>Scizor's Attack rose sharply!</small><br></div><div class="spacer battle-history"><br></div><h2 class="battle-history">Turn 8</h2><div class="spacer battle-history"><br></div><div class="battle-history">Scizor, come back!<br></div><div class="battle-history">Go! <strong>Mamoswine</strong>!<br></div><div class="spacer battle-history"><br></div><div class="battle-history">The opposing Tornadus used <strong>Hurricane</strong>!<br></div><div class="battle-history"><small>(Mamoswine lost 33% of its health!)</small><br></div><div class="spacer battle-history"><br></div><h2 class="battle-history">Turn 9</h2><div class="spacer battle-history"><br></div><div class="battle-history">The opposing Tornadus used <strong>U-turn</strong>!<br></div><div class="battle-history"><small>(Mamoswine lost 15% of its health!)</small><br></div><div class="spacer battle-history"><br></div><div class="battle-history">The opposing Tornadus went back to Paul(Paulluxx)!<br></div><div class="battle-history">Paul(Paulluxx) sent out <strong>Jirachi</strong>!<br></div><div class="spacer battle-history"><br></div><div class="battle-history">Mamoswine used <strong>Rock Tomb</strong>!<br></div><div class="battle-history"><small>It's not very effective...</small><br></div><div class="battle-history"><small>(The opposing Jirachi lost 11% of its health!)</small><br></div><div class="battle-history"><small>The opposing Jirachi's Speed fell!</small><br></div><div class="spacer battle-history"><br></div><h2 class="battle-history">Turn 10</h2><div class="spacer battle-history"><br></div><div class="battle-history">Mamoswine, come back!<br></div><div class="battle-history">Go! <strong>Scizor</strong>!<br></div><div class="spacer battle-history"><br></div><div class="battle-history">The opposing Jirachi used <strong>Fire Punch</strong>!<br></div><div class="battle-history"><small>It's super effective!</small><br></div><div class="battle-history"><small>(Scizor lost 63% of its health!)</small><br></div><div class="spacer battle-history"><br></div><h2 class="battle-history">Turn 11</h2><div class="spacer battle-history"><br></div><div class="battle-history">Scizor, come back!<br></div><div class="battle-history">Go! <strong>Greninja</strong>!<br></div><div class="spacer battle-history"><br></div><div class="battle-history">The opposing Jirachi used <strong>Fire Punch</strong>!<br></div><div class="battle-history"><small>It's not very effective...</small><br></div><div class="battle-history"><small>(Greninja lost 17% of its health!)</small><br></div><div class="spacer battle-history"><br></div><h2 class="battle-history">Turn 12</h2><div class="spacer battle-history"><br></div><div class="battle-history">Paul(Paulluxx) withdrew Jirachi!<br></div><div class="battle-history">Paul(Paulluxx) sent out Tornadus (<strong>Tornadus-Therian</strong>)!<br></div><div class="spacer battle-history"><br></div><div class="battle-history">Greninja used <strong>Hydro Pump</strong>!<br></div><div class="battle-history"><small>(The opposing Tornadus lost 75% of its health!)</small><br></div><div class="spacer battle-history"><br></div><h2 class="battle-history">Turn 13</h2><div class="spacer battle-history"><br></div><div class="battle-history">Paul(Paulluxx) withdrew Tornadus!<br></div><div class="battle-history">Paul(Paulluxx) sent out <strong>Jirachi</strong>!<br></div><div class="spacer battle-history"><br></div><div class="battle-history">Greninja used <strong>Hydro Pump</strong>!<br></div><div class="battle-history"><small>A critical hit!</small><br></div><div class="battle-history"><small>(The opposing Jirachi lost 89% of its health!)</small><br></div><div class="spacer battle-history"><br></div><div class="battle-history">The opposing Jirachi fainted!<br></div><div class="battle-history">[Greninja's Battle Bond]<br><small>Greninja became fully charged due to its bond with its Trainer!</small><br></div><div class="battle-history">Greninja became Ash-Greninja!<br></div><div class="chat chatmessage-pupugugu"><strong style="color:#2b7b91"><small>☆</small><span class="username" data-name="pupugugu">pupugugu</span>:</strong> <em>LET'S GO</em></div><div class="spacer battle-history"><br></div><div class="battle-history">Paul(Paulluxx) sent out <strong>Weavile</strong>!<br></div><div class="battle-history">[The opposing Weavile's Pressure]<br><small>The opposing Weavile is exerting its pressure!</small><br></div><div class="spacer battle-history"><br></div><h2 class="battle-history">Turn 14</h2><div class="spacer battle-history"><br></div><div class="battle-history">Greninja, come back!<br></div><div class="battle-history">Go! <strong>Scizor</strong>!<br></div><div class="spacer battle-history"><br></div><div class="battle-history">The opposing Weavile used <strong>Triple Axel</strong>!<br></div><div class="battle-history"><small>It's not very effective...</small><br></div><div class="battle-history"><small>(Scizor lost 4% of its health!)</small><br></div><div class="battle-history"><small>It's not very effective...</small><br></div><div class="battle-history"><small>(Scizor lost 7% of its health!)</small><br></div><div class="battle-history"><small>It's not very effective...</small><br></div><div class="battle-history"><small>A critical hit!</small><br></div><div class="battle-history"><small>(Scizor lost 13% of its health!)</small><br></div><div class="battle-history"><small>The Pokémon was hit 3 times!</small><br></div><div class="spacer battle-history"><br></div><div class="battle-history">Scizor fainted!<br></div><div class="chat chatmessage-paulpaulluxx"><strong style="color:#17849a"><small>☆</small><span class="username" data-name="Paul(Paulluxx)">Paul(Paulluxx)</span>:</strong> <em>I hate this game</em></div><div class="spacer battle-history"><br></div><div class="battle-history">Go! Urshifu-Rapid-Stri (<strong>Urshifu-Rapid-Strike</strong>)!<br></div><div class="spacer battle-history"><br></div><h2 class="battle-history">Turn 15</h2><div class="chat chatmessage-pupugugu"><strong style="color:#2b7b91"><small>☆</small><span class="username" data-name="pupugugu">pupugugu</span>:</strong> <em>lol</em></div><div class="chat chatmessage-albatrss"><strong style="color:#ab4b2b"><small> </small><span class="username" data-name="albatrss">albatrss</span>:</strong> <em>this is what you get for not doing your hw</em></div><div class="spacer battle-history"><br></div><div class="battle-history">Paul(Paulluxx) withdrew Weavile!<br></div><div class="battle-history">Paul(Paulluxx) sent out Dhelmise (<strong>Dhelmise-Mega</strong>)!<br></div><div class="battle-history">[The opposing Dhelmise's Primordial Sea]<br><small>A heavy rain began to fall!</small><br></div><div class="spacer battle-history"><br></div><div class="battle-history">Urshifu-Rapid-Stri used <strong>Surging Strikes</strong>!<br></div><div class="battle-history"><small>A critical hit!</small><br></div><div class="battle-history"><small>(The opposing Dhelmise lost 26% of its health!)</small><br></div><div class="battle-history"><small>A critical hit!</small><br></div><div class="battle-history"><small>(The opposing Dhelmise lost 26% of its health!)</small><br></div><div class="battle-history"><small>A critical hit!</small><br></div><div class="battle-history"><small>(The opposing Dhelmise lost 13% of its health!)</small><br></div><div class="battle-history"><small>The Pokémon was hit 3 times!</small><br></div><div class="spacer battle-history"><br></div><div class="battle-history">The opposing Dhelmise fainted!<br></div><div class="battle-history"><small>The heavy rain has lifted!</small><br></div><div class="spacer battle-history"><br></div><div class="battle-history">Paul(Paulluxx) sent out Tornadus (<strong>Tornadus-Therian</strong>)!<br></div><div class="spacer battle-history"><br></div><h2 class="battle-history">Turn 16</h2><div class="spacer battle-history"><br></div><div class="battle-history">Urshifu-Rapid-Stri used <strong>Surging Strikes</strong>!<br></div><div class="battle-history"><small>A critical hit!</small><br></div><div class="battle-history"><small>(The opposing Tornadus lost 21% of its health!)</small><br></div><div class="battle-history"><small>A critical hit!</small><br></div><div class="battle-history"><small>(The opposing Tornadus lost 24% of its health!)</small><br></div><div class="battle-history"><small>A critical hit!</small><br></div><div class="battle-history"><small>(The opposing Tornadus lost 13% of its health!)</small><br></div><div class="battle-history"><small>The Pokémon was hit 3 times!</small><br></div><div class="spacer battle-history"><br></div><div class="battle-history">The opposing Tornadus fainted!<br></div><div class="spacer battle-history"><br></div><div class="battle-history">Paul(Paulluxx) sent out <strong>Weavile</strong>!<br></div><div class="battle-history">[The opposing Weavile's Pressure]<br><small>The opposing Weavile is exerting its pressure!</small><br></div><div class="spacer battle-history"><br></div><h2 class="battle-history">Turn 17</h2><div class="spacer battle-history"><br></div><div class="battle-history">Urshifu-Rapid-Stri used <strong>Surging Strikes</strong>!<br></div><div class="battle-history"><small>A critical hit!</small><br></div><div class="battle-history"><small>(The opposing Weavile lost 35% of its health!)</small><br></div><div class="battle-history"><small>A critical hit!</small><br></div><div class="battle-history"><small>(The opposing Weavile lost 34% of its health!)</small><br></div><div class="battle-history"><small>A critical hit!</small><br></div><div class="battle-history"><small>(The opposing Weavile lost 31% of its health!)</small><br></div><div class="battle-history"><small>The Pokémon was hit 3 times!</small><br></div><div class="spacer battle-history"><br></div><div class="battle-history">The opposing Weavile fainted!<br></div><div class="chat chatmessage-paulpaulluxx"><strong style="color:#17849a"><small>☆</small><span class="username" data-name="Paul(Paulluxx)">Paul(Paulluxx)</span>:</strong> <em>sash breloom</em></div><div class="chat chatmessage-pupugugu"><strong style="color:#2b7b91"><small>☆</small><span class="username" data-name="pupugugu">pupugugu</span>:</strong> <em>;)</em></div><div class="chat chatmessage-paulpaulluxx"><strong style="color:#17849a"><small>☆</small><span class="username" data-name="Paul(Paulluxx)">Paul(Paulluxx)</span>:</strong> <em>makes me want to throw up</em></div><div class="spacer battle-history"><br></div><div class="battle-history">Paul(Paulluxx) sent out <strong>Kyurem</strong>!<br></div><div class="battle-history">[The opposing Kyurem's Pressure]<br><small>The opposing Kyurem is exerting its pressure!</small><br></div><div class="spacer battle-history"><br></div><h2 class="battle-history">Turn 18</h2><div class="chat chatmessage-paulpaulluxx"><strong style="color:#17849a"><small>☆</small><span class="username" data-name="Paul(Paulluxx)">Paul(Paulluxx)</span>:</strong> <em>Nah its not that bad</em></div><div class="spacer battle-history"><br></div><div class="battle-history">Urshifu-Rapid-Stri, come back!<br></div><div class="battle-history">Go! <strong>Mamoswine</strong>!<br></div><div class="spacer battle-history"><br></div><div class="battle-history">The opposing Kyurem is fast asleep.<br></div><div class="spacer battle-history"><br></div><h2 class="battle-history">Turn 19</h2><div class="spacer battle-history"><br></div><div class="battle-history">The opposing Kyurem is fast asleep.<br></div><div class="spacer battle-history"><br></div><div class="battle-history">Mamoswine used <strong>Rock Tomb</strong>!<br></div><div class="battle-history"><small>It's super effective!</small><br></div><div class="battle-history"><small>(The opposing Kyurem lost 39% of its health!)</small><br></div><div class="battle-history"><small>The opposing Kyurem's Speed fell!</small><br></div><div class="spacer battle-history"><br></div><h2 class="battle-history">Turn 20</h2><div class="spacer battle-history"><br></div><div class="battle-history">Mamoswine used <strong>Earthquake</strong>!<br></div><div class="battle-history"><small>(The opposing Kyurem lost 50% of its health!)</small><br></div><div class="spacer battle-history"><br></div><div class="battle-history">The opposing Kyurem is fast asleep.<br></div><div class="spacer battle-history"><br></div><h2 class="battle-history">Turn 21</h2><div class="spacer battle-history"><br></div><div class="battle-history">Mamoswine used <strong>Earthquake</strong>!<br></div><div class="battle-history"><small>(The opposing Kyurem lost 11% of its health!)</small><br></div><div class="spacer battle-history"><br></div><div class="battle-history">The opposing Kyurem fainted!<br></div><div class="spacer battle-history"><br></div><div class="battle-history"><strong>pupugugu</strong> won the battle!<br></div><div class="chat chatmessage-pupugugu"><strong style="color:#2b7b91"><small>☆</small><span class="username" data-name="pupugugu">pupugugu</span>:</strong> <em>gg</em></div><div class="chat chatmessage-paulpaulluxx"><strong style="color:#17849a"><small>☆</small><span class="username" data-name="Paul(Paulluxx)">Paul(Paulluxx)</span>:</strong> <em>sleep hax</em></div><div class="chat"><small> JosJet joined</small></div><div class="chat chatmessage-pupugugu"><strong style="color:#2b7b91"><small>☆</small><span class="username" data-name="pupugugu">pupugugu</span>:</strong> <em>xD</em></div><div class="chat chatmessage-paulpaulluxx"><strong style="color:#17849a"><small>☆</small><span class="username" data-name="Paul(Paulluxx)">Paul(Paulluxx)</span>:</strong> <em>gg</em></div></div><div class="inner-preempt message-log"></div></div></div>
</div>
<script>
let daily = Math.floor(Date.now()/1000/60/60/24);document.write('<script src="https://dragonheaven.herokuapp.com/js/replay-embed.js?version'+daily+'"></'+'script>');
</script>
