<!DOCTYPE html>
<meta charset="utf-8" />
<!-- version 1 -->
<title>[Gen 8] Megas for All replay: aausma vs. BotwNerd745</title>
<style>
html,body {font-family:Verdana, sans-serif;font-size:10pt;margin:0;padding:0;}body{padding:12px 0;} .battle-log {font-family:Verdana, sans-serif;font-size:10pt;} .battle-log-inline {border:1px solid #AAAAAA;background:#EEF2F5;color:black;max-width:640px;margin:0 auto 80px;padding-bottom:5px;} .battle-log .inner {padding:4px 8px 0px 8px;} .battle-log .inner-preempt {padding:0 8px 4px 8px;} .battle-log .inner-after {margin-top:0.5em;} .battle-log h2 {margin:0.5em -8px;padding:4px 8px;border:1px solid #AAAAAA;background:#E0E7EA;border-left:0;border-right:0;font-family:Verdana, sans-serif;font-size:13pt;} .battle-log .chat {vertical-align:middle;padding:3px 0 3px 0;font-size:8pt;} .battle-log .chat strong {color:#40576A;} .battle-log .chat em {padding:1px 4px 1px 3px;color:#000000;font-style:normal;} .chat.mine {background:rgba(0,0,0,0.05);margin-left:-8px;margin-right:-8px;padding-left:8px;padding-right:8px;} .spoiler {color:#BBBBBB;background:#BBBBBB;padding:0px 3px;} .spoiler:hover, .spoiler:active, .spoiler-shown {color:#000000;background:#E2E2E2;padding:0px 3px;} .spoiler a {color:#BBBBBB;} .spoiler:hover a, .spoiler:active a, .spoiler-shown a {color:#2288CC;} .chat code, .chat .spoiler:hover code, .chat .spoiler:active code, .chat .spoiler-shown code {border:1px solid #C0C0C0;background:#EEEEEE;color:black;padding:0 2px;} .chat .spoiler code {border:1px solid #CCCCCC;background:#CCCCCC;color:#CCCCCC;} .battle-log .rated {padding:3px 4px;} .battle-log .rated strong {color:white;background:#89A;padding:1px 4px;border-radius:4px;} .spacer {margin-top:0.5em;} .message-announce {background:#6688AA;color:white;padding:1px 4px 2px;} .message-announce a, .broadcast-green a, .broadcast-blue a, .broadcast-red a {color:#DDEEFF;} .broadcast-green {background-color:#559955;color:white;padding:2px 4px;} .broadcast-blue {background-color:#6688AA;color:white;padding:2px 4px;} .infobox {border:1px solid #6688AA;padding:2px 4px;} .infobox-limited {max-height:200px;overflow:auto;overflow-x:hidden;} .broadcast-red {background-color:#AA5544;color:white;padding:2px 4px;} .message-learn-canlearn {font-weight:bold;color:#228822;text-decoration:underline;} .message-learn-cannotlearn {font-weight:bold;color:#CC2222;text-decoration:underline;} .message-effect-weak {font-weight:bold;color:#CC2222;} .message-effect-resist {font-weight:bold;color:#6688AA;} .message-effect-immune {font-weight:bold;color:#666666;} .message-learn-list {margin-top:0;margin-bottom:0;} .message-throttle-notice, .message-error {color:#992222;} .message-overflow, .chat small.message-overflow {font-size:0pt;} .message-overflow::before {font-size:9pt;content:'...';} .subtle {color:#3A4A66;}
</style>
<div class="wrapper replay-wrapper" style="max-width:1180px;margin:0 auto">
<input type="hidden" name="replayid" value="dragonheaven-gen8megasforall-4901" />
<div class="battle"></div><div class="battle-log"></div><div class="replay-controls"></div><div class="replay-controls-2"></div>
<h1 style="font-weight:normal;text-align:center"><strong>[Gen 8] Megas for All</strong><br /><a href="http://pokemonshowdown.com/users/aausma" class="subtle" target="_blank">aausma</a> vs. <a href="http://pokemonshowdown.com/users/botwnerd745" class="subtle" target="_blank">BotwNerd745</a></h1>
<script type="text/plain" class="battle-log-data">|j|☆aausma
|j|☆BotwNerd745
|player|p1|aausma|scientistf|
|player|p2|BotwNerd745|hilda-dueldisk|
|teamsize|p1|6
|teamsize|p2|6
|gametype|singles
|gen|8
|tier|[Gen 8] Megas for All
|clearpoke
|poke|p1|Dragapult, F|
|poke|p1|Rillaboom, M|
|poke|p1|Greninja, M|
|poke|p1|Heatran, M|
|poke|p1|Thundurus-Therian, M|
|poke|p1|Claydol|
|poke|p2|Rotom-Wash|
|poke|p2|Inteleon, F|
|poke|p2|Celesteela|
|poke|p2|Zoroark, F|
|poke|p2|Crobat, F|
|poke|p2|Sableye, F|
|rule|HP Percentage Mod: HP is shown in percentages
|rule|Endless Battle Clause: Forcing endless battles is banned
|rule|OHKO Clause: OHKO moves are banned
|rule|Evasion Moves Clause: Evasion moves are banned
|rule|Species Clause: Limit one of each Pokémon
|rule|Dynamax Clause: You cannot dynamax
|rule|Sleep Clause Mod: Limit one foe put to sleep
|teampreview
|j| inkbug1


|c|☆aausma|oh god why


|
|start
|switch|p1a: Thundurus|Thundurus-Therian, M|100\/100
|switch|p2a: E-liter|Inteleon, F|100\/100
|turn|1


|
|detailschange|p2a: E-liter|Inteleon-Mega, F
|-mega|p2a: E-liter|Inteleon|Inteleonite
|move|p1a: Thundurus|Volt Switch|p2a: E-liter
|-supereffective|p2a: E-liter
|-damage|p2a: E-liter|17\/100


|c|☆aausma|oh


|c|☆aausma|it lived


|
|switch|p1a: Dragapult|Dragapult, F|100\/100|[from]move: Volt Switch
|move|p2a: E-liter|U-turn|p1a: Dragapult
|-resisted|p1a: Dragapult
|-damage|p1a: Dragapult|76\/100


|
|switch|p2a: Crobat|Crobat, F|100\/100|[from]move: U-turn
|
|upkeep
|turn|2


|
|detailschange|p1a: Dragapult|Dragapult-Mega, F
|-mega|p1a: Dragapult|Dragapult|Dragapultite
|move|p1a: Dragapult|Recover|p1a: Dragapult
|-heal|p1a: Dragapult|100\/100
|move|p2a: Crobat|Taunt|p1a: Dragapult
|-start|p1a: Dragapult|move: Taunt
|
|upkeep
|turn|3


|
|move|p1a: Dragapult|U-turn|p2a: Crobat
|-supereffective|p2a: Crobat
|-damage|p2a: Crobat|14\/100
|replace|p2a: Sneaky III|Zoroark, F
|-end|p2a: Sneaky III|Illusion


|
|switch|p1a: Rillaboom|Rillaboom, M|100\/100|[from]move: U-turn
|-fieldstart|move: Grassy Terrain|[from] ability: Grassy Surge|[of] p1a: Rillaboom
|move|p2a: Sneaky III|Encore||[still]
|-fail|p2a: Sneaky III
|
|-heal|p2a: Sneaky III|20\/100|[from] Grassy Terrain
|upkeep
|turn|4


|j| H2OPulse


|
|move|p2a: Sneaky III|Sucker Punch|p1a: Rillaboom
|-damage|p1a: Rillaboom|69\/100
|move|p1a: Rillaboom|U-turn|p2a: Sneaky III
|-supereffective|p2a: Sneaky III
|-damage|p2a: Sneaky III|0 fnt
|-damage|p1a: Rillaboom|59\/100|[from] item: Life Orb
|faint|p2a: Sneaky III


|c| H2OPulse|(I'm not part of the tour anyway so I'm just here to see what happens .w.)


|c| H2OPulse|Good luck, both!!!


|
|switch|p1a: Thundurus|Thundurus-Therian, M|100\/100|[from]move: U-turn
|
|upkeep


|
|switch|p2a: SplishSplash|Rotom-Wash|100\/100
|turn|5


|
|move|p1a: Thundurus|Volt Switch|p2a: SplishSplash
|-damage|p2a: SplishSplash|52\/100


|
|switch|p1a: Rillaboom|Rillaboom, M|59\/100|[from]move: Volt Switch
|move|p2a: SplishSplash|Will-O-Wisp|p1a: Rillaboom
|-status|p1a: Rillaboom|brn
|
|-heal|p1a: Rillaboom|65\/100 brn|[from] Grassy Terrain
|-damage|p1a: Rillaboom|59\/100 brn|[from] brn
|upkeep
|turn|6


|
|switch|p2a: Palm|Celesteela|100\/100
|move|p1a: Rillaboom|Grassy Glide|p2a: Palm
|-resisted|p2a: Palm
|-damage|p2a: Palm|94\/100
|-damage|p1a: Rillaboom|49\/100 brn|[from] item: Life Orb
|
|-heal|p1a: Rillaboom|55\/100 brn|[from] Grassy Terrain
|-heal|p2a: Palm|99\/100|[from] item: Leftovers
|-damage|p1a: Rillaboom|49\/100 brn|[from] brn
|upkeep
|turn|7


|
|move|p1a: Rillaboom|Knock Off|p2a: Palm
|-damage|p2a: Palm|80\/100
|-enditem|p2a: Palm|Leftovers|[from] move: Knock Off|[of] p1a: Rillaboom
|-damage|p1a: Rillaboom|39\/100 brn|[from] item: Life Orb
|move|p2a: Palm|Air Slash|p1a: Rillaboom
|-supereffective|p1a: Rillaboom
|-damage|p1a: Rillaboom|0 fnt
|faint|p1a: Rillaboom
|-ability|p2a: Palm|Beast Boost|boost
|-boost|p2a: Palm|spa|1
|
|-fieldend|move: Grassy Terrain
|upkeep


|
|switch|p1a: Thundurus|Thundurus-Therian, M|100\/100
|turn|8


|
|move|p1a: Thundurus|Thunderbolt|p2a: Palm
|-supereffective|p2a: Palm
|-damage|p2a: Palm|0 fnt
|faint|p2a: Palm
|
|upkeep


|
|switch|p2a: Crobat|Crobat, F|100\/100
|turn|9


|
|move|p1a: Thundurus|Thunderbolt|p2a: Crobat
|-supereffective|p2a: Crobat
|-damage|p2a: Crobat|0 fnt
|faint|p2a: Crobat
|
|upkeep


|
|switch|p2a: Sneaky II|Sableye, F|100\/100
|turn|10


|
|move|p2a: Sneaky II|Will-O-Wisp|p1a: Thundurus
|-status|p1a: Thundurus|brn
|move|p1a: Thundurus|Thunderbolt|p2a: Sneaky II
|-damage|p2a: Sneaky II|19\/100
|
|-heal|p2a: Sneaky II|25\/100|[from] item: Leftovers
|-damage|p1a: Thundurus|94\/100 brn|[from] brn
|upkeep
|turn|11


|
|move|p2a: Sneaky II|Recover|p2a: Sneaky II
|-heal|p2a: Sneaky II|75\/100
|move|p1a: Thundurus|Thunderbolt|p2a: Sneaky II
|-damage|p2a: Sneaky II|0 fnt
|faint|p2a: Sneaky II
|
|-damage|p1a: Thundurus|88\/100 brn|[from] brn
|upkeep


|
|switch|p2a: SplishSplash|Rotom-Wash|17\/100
|turn|12


|
|move|p1a: Thundurus|Thunderbolt|p2a: SplishSplash
|-supereffective|p2a: SplishSplash
|-damage|p2a: SplishSplash|0 fnt
|replace|p2a: E-liter|Inteleon-Mega, F
|-end|p2a: E-liter|Illusion
|faint|p2a: E-liter
|
|-damage|p1a: Thundurus|82\/100 brn|[from] brn
|upkeep


|
|switch|p2a: SplishSplash|Rotom-Wash|52\/100
|turn|13


|
|move|p1a: Thundurus|Thunderbolt|p2a: SplishSplash
|-damage|p2a: SplishSplash|0 fnt
|faint|p2a: SplishSplash
|
|win|aausma


|c|☆aausma|gg


|c|☆BotwNerd745|gg
</script>
</div>
<div class="battle-log battle-log-inline"><div class="inner"><div class="battle-options"><div style="padding-top: 3px; padding-right: 3px; text-align: right"><button class="icon button" name="openBattleOptions" title="Options">Battle Options</button></div></div><div class="inner message-log"><div class="chat"><small>☆aausma and ☆BotwNerd745 joined</small></div><div class=""><small>Format:</small> <br><strong>[Gen 8] Megas for All</strong></div><div class=""><small><em>HP Percentage Mod:</em> HP is shown in percentages</small></div><div class=""><small><em>Endless Battle Clause:</em> Forcing endless battles is banned</small></div><div class=""><small><em>OHKO Clause:</em> OHKO moves are banned</small></div><div class=""><small><em>Evasion Moves Clause:</em> Evasion moves are banned</small></div><div class=""><small><em>Species Clause:</em> Limit one of each Pokémon</small></div><div class=""><small><em>Dynamax Clause:</em> You cannot dynamax</small></div><div class=""><small><em>Sleep Clause Mod:</em> Limit one foe put to sleep</small></div><div class="chat battle-history"><strong>aausma's team:</strong> <em style="color:#445566;display:block;">Dragapult / Rillaboom / Greninja / Heatran / Thundurus-Therian / Claydol</em></div><div class="chat battle-history"><strong>BotwNerd745's team:</strong> <em style="color:#445566;display:block;">Rotom-Wash / Inteleon / Celesteela / Zoroark / Crobat / Sableye</em></div><div class="chat"><small> inkbug1 joined</small></div><div class="chat chatmessage-aausma"><strong style="color:#18a81f"><small>☆</small><span class="username" data-name="aausma">aausma</span>:</strong> <em>oh god why</em></div><div class="spacer battle-history"><br></div><div class="battle-history">Battle started between aausma and BotwNerd745!<br></div><div class="spacer battle-history"><br></div><div class="battle-history">Go! Thundurus (<strong>Thundurus-Therian</strong>)!<br></div><div class="spacer battle-history"><br></div><div class="battle-history">BotwNerd745 sent out E-liter (<strong>Inteleon</strong>)!<br></div><div class="spacer battle-history"><br></div><h2 class="battle-history">Turn 1</h2><div class="spacer battle-history"><br></div><div class="battle-history"><small>The opposing E-liter's Inteleonite is reacting to the Key Stone!</small><br>The opposing E-liter has Mega Evolved into Mega Inteleon!<br></div><div class="spacer battle-history"><br></div><div class="battle-history">Thundurus used <strong>Volt Switch</strong>!<br></div><div class="battle-history"><small>It's super effective!</small><br></div><div class="battle-history"><small>(The opposing E-liter lost 83% of its health!)</small><br></div><div class="chat chatmessage-aausma"><strong style="color:#18a81f"><small>☆</small><span class="username" data-name="aausma">aausma</span>:</strong> <em>oh</em></div><div class="chat chatmessage-aausma"><strong style="color:#18a81f"><small>☆</small><span class="username" data-name="aausma">aausma</span>:</strong> <em>it lived</em></div><div class="spacer battle-history"><br></div><div class="battle-history">Thundurus went back to aausma!<br></div><div class="battle-history">Go! <strong>Dragapult</strong>!<br></div><div class="spacer battle-history"><br></div><div class="battle-history">The opposing E-liter used <strong>U-turn</strong>!<br></div><div class="battle-history"><small>It's not very effective...</small><br></div><div class="battle-history"><small>(Dragapult lost 24% of its health!)</small><br></div><div class="spacer battle-history"><br></div><div class="battle-history">The opposing E-liter went back to BotwNerd745!<br></div><div class="battle-history">BotwNerd745 sent out <strong>Crobat</strong>!<br></div><div class="spacer battle-history"><br></div><h2 class="battle-history">Turn 2</h2><div class="spacer battle-history"><br></div><div class="battle-history"><small>Dragapult's Dragapultite is reacting to the Key Stone!</small><br>Dragapult has Mega Evolved into Mega Dragapult!<br></div><div class="spacer battle-history"><br></div><div class="battle-history">Dragapult used <strong>Recover</strong>!<br></div><div class="battle-history"><small>Dragapult had its HP restored.</small><br></div><div class="spacer battle-history"><br></div><div class="battle-history">The opposing Crobat used <strong>Taunt</strong>!<br></div><div class="battle-history"><small>Dragapult fell for the taunt!</small><br></div><div class="spacer battle-history"><br></div><h2 class="battle-history">Turn 3</h2><div class="spacer battle-history"><br></div><div class="battle-history">Dragapult used <strong>U-turn</strong>!<br></div><div class="battle-history"><small>It's super effective!</small><br></div><div class="battle-history"><small>(The opposing Crobat lost 86% of its health!)</small><br></div><div class="battle-history"><small>The opposing Sneaky III's illusion wore off!</small><br></div><div class="spacer battle-history"><br></div><div class="battle-history">Dragapult went back to aausma!<br></div><div class="battle-history">Go! <strong>Rillaboom</strong>!<br></div><div class="battle-history">[Rillaboom's Grassy Surge]<br><small>Grass grew to cover the battlefield!</small><br></div><div class="spacer battle-history"><br></div><div class="battle-history">The opposing Sneaky III used <strong>Encore</strong>!<br></div><div class="battle-history"><small>But it failed!</small><br></div><div class="spacer battle-history"><br></div><div class="battle-history"><small>The opposing Sneaky III's HP was restored.</small><br></div><div class="spacer battle-history"><br></div><h2 class="battle-history">Turn 4</h2><div class="chat"><small> H2OPulse joined</small></div><div class="spacer battle-history"><br></div><div class="battle-history">The opposing Sneaky III used <strong>Sucker Punch</strong>!<br></div><div class="battle-history"><small>(Rillaboom lost 31% of its health!)</small><br></div><div class="spacer battle-history"><br></div><div class="battle-history">Rillaboom used <strong>U-turn</strong>!<br></div><div class="battle-history"><small>It's super effective!</small><br></div><div class="battle-history"><small>(The opposing Sneaky III lost 20% of its health!)</small><br></div><div class="battle-history"><small>Rillaboom lost some of its HP!</small><br></div><div class="spacer battle-history"><br></div><div class="battle-history">The opposing Sneaky III fainted!<br></div><div class="chat chatmessage-h2opulse"><strong style="color:#6e8c2b"><small> </small><span class="username" data-name="H2OPulse">H2OPulse</span>:</strong> <em>(I'm not part of the tour anyway so I'm just here to see what happens .w.)</em></div><div class="chat chatmessage-h2opulse"><strong style="color:#6e8c2b"><small> </small><span class="username" data-name="H2OPulse">H2OPulse</span>:</strong> <em>Good luck, both!!!</em></div><div class="spacer battle-history"><br></div><div class="battle-history">Rillaboom went back to aausma!<br></div><div class="battle-history">Go! Thundurus (<strong>Thundurus-Therian</strong>)!<br></div><div class="spacer battle-history"><br></div><div class="battle-history">BotwNerd745 sent out SplishSplash (<strong>Rotom-Wash</strong>)!<br></div><div class="spacer battle-history"><br></div><h2 class="battle-history">Turn 5</h2><div class="spacer battle-history"><br></div><div class="battle-history">Thundurus used <strong>Volt Switch</strong>!<br></div><div class="battle-history"><small>(The opposing SplishSplash lost 48% of its health!)</small><br></div><div class="spacer battle-history"><br></div><div class="battle-history">Thundurus went back to aausma!<br></div><div class="battle-history">Go! <strong>Rillaboom</strong>!<br></div><div class="spacer battle-history"><br></div><div class="battle-history">The opposing SplishSplash used <strong>Will-O-Wisp</strong>!<br></div><div class="battle-history"><small>Rillaboom was burned!</small><br></div><div class="spacer battle-history"><br></div><div class="battle-history"><small>Rillaboom's HP was restored.</small><br></div><div class="battle-history"><small>Rillaboom was hurt by its burn!</small><br></div><div class="spacer battle-history"><br></div><h2 class="battle-history">Turn 6</h2><div class="spacer battle-history"><br></div><div class="battle-history">BotwNerd745 withdrew SplishSplash!<br></div><div class="battle-history">BotwNerd745 sent out Palm (<strong>Celesteela</strong>)!<br></div><div class="spacer battle-history"><br></div><div class="battle-history">Rillaboom used <strong>Grassy Glide</strong>!<br></div><div class="battle-history"><small>It's not very effective...</small><br></div><div class="battle-history"><small>(The opposing Palm lost 6% of its health!)</small><br></div><div class="battle-history"><small>Rillaboom lost some of its HP!</small><br></div><div class="spacer battle-history"><br></div><div class="battle-history"><small>Rillaboom's HP was restored.</small><br></div><div class="battle-history"><small>The opposing Palm restored a little HP using its Leftovers!</small><br></div><div class="battle-history"><small>Rillaboom was hurt by its burn!</small><br></div><div class="spacer battle-history"><br></div><h2 class="battle-history">Turn 7</h2><div class="spacer battle-history"><br></div><div class="battle-history">Rillaboom used <strong>Knock Off</strong>!<br></div><div class="battle-history"><small>(The opposing Palm lost 19% of its health!)</small><br></div><div class="battle-history"><small>Rillaboom knocked off the opposing Palm's Leftovers!</small><br></div><div class="battle-history"><small>Rillaboom lost some of its HP!</small><br></div><div class="spacer battle-history"><br></div><div class="battle-history">The opposing Palm used <strong>Air Slash</strong>!<br></div><div class="battle-history"><small>It's super effective!</small><br></div><div class="battle-history"><small>(Rillaboom lost 39% of its health!)</small><br></div><div class="spacer battle-history"><br></div><div class="battle-history">Rillaboom fainted!<br></div><div class="battle-history">[The opposing Palm's Beast Boost]<br></div><div class="battle-history"><small>The opposing Palm's Sp. Atk rose!</small><br></div><div class="spacer battle-history"><br></div><div class="battle-history"><small>The grass disappeared from the battlefield.</small><br></div><div class="spacer battle-history"><br></div><div class="battle-history">Go! Thundurus (<strong>Thundurus-Therian</strong>)!<br></div><div class="spacer battle-history"><br></div><h2 class="battle-history">Turn 8</h2><div class="spacer battle-history"><br></div><div class="battle-history">Thundurus used <strong>Thunderbolt</strong>!<br></div><div class="battle-history"><small>It's super effective!</small><br></div><div class="battle-history"><small>(The opposing Palm lost 80% of its health!)</small><br></div><div class="spacer battle-history"><br></div><div class="battle-history">The opposing Palm fainted!<br></div><div class="spacer battle-history"><br></div><div class="battle-history">BotwNerd745 sent out <strong>Crobat</strong>!<br></div><div class="spacer battle-history"><br></div><h2 class="battle-history">Turn 9</h2><div class="spacer battle-history"><br></div><div class="battle-history">Thundurus used <strong>Thunderbolt</strong>!<br></div><div class="battle-history"><small>It's super effective!</small><br></div><div class="battle-history"><small>(The opposing Crobat lost 100% of its health!)</small><br></div><div class="spacer battle-history"><br></div><div class="battle-history">The opposing Crobat fainted!<br></div><div class="spacer battle-history"><br></div><div class="battle-history">BotwNerd745 sent out Sneaky II (<strong>Sableye</strong>)!<br></div><div class="spacer battle-history"><br></div><h2 class="battle-history">Turn 10</h2><div class="spacer battle-history"><br></div><div class="battle-history">The opposing Sneaky II used <strong>Will-O-Wisp</strong>!<br></div><div class="battle-history"><small>Thundurus was burned!</small><br></div><div class="spacer battle-history"><br></div><div class="battle-history">Thundurus used <strong>Thunderbolt</strong>!<br></div><div class="battle-history"><small>(The opposing Sneaky II lost 81% of its health!)</small><br></div><div class="spacer battle-history"><br></div><div class="battle-history"><small>The opposing Sneaky II restored a little HP using its Leftovers!</small><br></div><div class="battle-history"><small>Thundurus was hurt by its burn!</small><br></div><div class="spacer battle-history"><br></div><h2 class="battle-history">Turn 11</h2><div class="spacer battle-history"><br></div><div class="battle-history">The opposing Sneaky II used <strong>Recover</strong>!<br></div><div class="battle-history"><small>The opposing Sneaky II had its HP restored.</small><br></div><div class="spacer battle-history"><br></div><div class="battle-history">Thundurus used <strong>Thunderbolt</strong>!<br></div><div class="battle-history"><small>(The opposing Sneaky II lost 75% of its health!)</small><br></div><div class="spacer battle-history"><br></div><div class="battle-history">The opposing Sneaky II fainted!<br></div><div class="spacer battle-history"><br></div><div class="battle-history"><small>Thundurus was hurt by its burn!</small><br></div><div class="spacer battle-history"><br></div><div class="battle-history">BotwNerd745 sent out SplishSplash (<strong>Rotom-Wash</strong>)!<br></div><div class="spacer battle-history"><br></div><h2 class="battle-history">Turn 12</h2><div class="spacer battle-history"><br></div><div class="battle-history">Thundurus used <strong>Thunderbolt</strong>!<br></div><div class="battle-history"><small>It's super effective!</small><br></div><div class="battle-history"><small>(The opposing SplishSplash lost 17% of its health!)</small><br></div><div class="battle-history"><small>The opposing E-liter's illusion wore off!</small><br></div><div class="spacer battle-history"><br></div><div class="battle-history">The opposing E-liter fainted!<br></div><div class="spacer battle-history"><br></div><div class="battle-history"><small>Thundurus was hurt by its burn!</small><br></div><div class="spacer battle-history"><br></div><div class="battle-history">BotwNerd745 sent out SplishSplash (<strong>Rotom-Wash</strong>)!<br></div><div class="spacer battle-history"><br></div><h2 class="battle-history">Turn 13</h2><div class="spacer battle-history"><br></div><div class="battle-history">Thundurus used <strong>Thunderbolt</strong>!<br></div><div class="battle-history"><small>(The opposing SplishSplash lost 52% of its health!)</small><br></div><div class="spacer battle-history"><br></div><div class="battle-history">The opposing SplishSplash fainted!<br></div><div class="spacer battle-history"><br></div><div class="battle-history"><strong>aausma</strong> won the battle!<br></div><div class="chat chatmessage-aausma"><strong style="color:#18a81f"><small>☆</small><span class="username" data-name="aausma">aausma</span>:</strong> <em>gg</em></div><div class="chat chatmessage-botwnerd745"><strong style="color:#9835de"><small>☆</small><span class="username" data-name="BotwNerd745">BotwNerd745</span>:</strong> <em>gg</em></div></div><div class="inner-preempt message-log"></div></div></div>
</div>
<script>
let daily = Math.floor(Date.now()/1000/60/60/24);document.write('<script src="https://play.pokemonshowdown.com/js/replay-embed.js?version'+daily+'"></'+'script>');
</script>
