<!DOCTYPE html>
<meta charset="utf-8" />
<!-- version 1 -->
<title>[Gen 8] Megas for All replay: exploziff vs. BlaueBrause</title>
<style>
html,body {font-family:Verdana, sans-serif;font-size:10pt;margin:0;padding:0;}body{padding:12px 0;} .battle-log {font-family:Verdana, sans-serif;font-size:10pt;} .battle-log-inline {border:1px solid #AAAAAA;background:#EEF2F5;color:black;max-width:640px;margin:0 auto 80px;padding-bottom:5px;} .battle-log .inner {padding:4px 8px 0px 8px;} .battle-log .inner-preempt {padding:0 8px 4px 8px;} .battle-log .inner-after {margin-top:0.5em;} .battle-log h2 {margin:0.5em -8px;padding:4px 8px;border:1px solid #AAAAAA;background:#E0E7EA;border-left:0;border-right:0;font-family:Verdana, sans-serif;font-size:13pt;} .battle-log .chat {vertical-align:middle;padding:3px 0 3px 0;font-size:8pt;} .battle-log .chat strong {color:#40576A;} .battle-log .chat em {padding:1px 4px 1px 3px;color:#000000;font-style:normal;} .chat.mine {background:rgba(0,0,0,0.05);margin-left:-8px;margin-right:-8px;padding-left:8px;padding-right:8px;} .spoiler {color:#BBBBBB;background:#BBBBBB;padding:0px 3px;} .spoiler:hover, .spoiler:active, .spoiler-shown {color:#000000;background:#E2E2E2;padding:0px 3px;} .spoiler a {color:#BBBBBB;} .spoiler:hover a, .spoiler:active a, .spoiler-shown a {color:#2288CC;} .chat code, .chat .spoiler:hover code, .chat .spoiler:active code, .chat .spoiler-shown code {border:1px solid #C0C0C0;background:#EEEEEE;color:black;padding:0 2px;} .chat .spoiler code {border:1px solid #CCCCCC;background:#CCCCCC;color:#CCCCCC;} .battle-log .rated {padding:3px 4px;} .battle-log .rated strong {color:white;background:#89A;padding:1px 4px;border-radius:4px;} .spacer {margin-top:0.5em;} .message-announce {background:#6688AA;color:white;padding:1px 4px 2px;} .message-announce a, .broadcast-green a, .broadcast-blue a, .broadcast-red a {color:#DDEEFF;} .broadcast-green {background-color:#559955;color:white;padding:2px 4px;} .broadcast-blue {background-color:#6688AA;color:white;padding:2px 4px;} .infobox {border:1px solid #6688AA;padding:2px 4px;} .infobox-limited {max-height:200px;overflow:auto;overflow-x:hidden;} .broadcast-red {background-color:#AA5544;color:white;padding:2px 4px;} .message-learn-canlearn {font-weight:bold;color:#228822;text-decoration:underline;} .message-learn-cannotlearn {font-weight:bold;color:#CC2222;text-decoration:underline;} .message-effect-weak {font-weight:bold;color:#CC2222;} .message-effect-resist {font-weight:bold;color:#6688AA;} .message-effect-immune {font-weight:bold;color:#666666;} .message-learn-list {margin-top:0;margin-bottom:0;} .message-throttle-notice, .message-error {color:#992222;} .message-overflow, .chat small.message-overflow {font-size:0pt;} .message-overflow::before {font-size:9pt;content:'...';} .subtle {color:#3A4A66;}
</style>
<div class="wrapper replay-wrapper" style="max-width:1180px;margin:0 auto">
<input type="hidden" name="replayid" value="dragonheaven-gen8megasforall-317" />
<div class="battle"></div><div class="battle-log"></div><div class="replay-controls"></div><div class="replay-controls-2"></div>
<h1 style="font-weight:normal;text-align:center"><strong>[Gen 8] Megas for All</strong><br /><a href="http://pokemonshowdown.com/users/exploziff" class="subtle" target="_blank">exploziff</a> vs. <a href="http://pokemonshowdown.com/users/blauebrause" class="subtle" target="_blank">BlaueBrause</a></h1>
<script type="text/plain" class="battle-log-data">|j|☆exploziff
|j|☆BlaueBrause
|t:|1615754206
|player|p1|exploziff|170|
|player|p2|BlaueBrause|psychic|
|teamsize|p1|6
|teamsize|p2|6
|gametype|singles
|gen|8
|tier|[Gen 8] Megas for All
|clearpoke
|poke|p1|Spiritomb, M|
|poke|p1|Toxapex, F|
|poke|p1|Corviknight, M|
|poke|p1|Nidoqueen, F|
|poke|p1|Tapu Lele|
|poke|p1|Zapdos-Galar|
|poke|p2|Rillaboom, F|
|poke|p2|Terrakion|
|poke|p2|Weavile, F|
|poke|p2|Swampert, F|
|poke|p2|Corviknight, F|
|poke|p2|Aegislash, M|
|rule|HP Percentage Mod: HP is shown in percentages
|rule|Endless Battle Clause: Forcing endless battles is banned
|rule|OHKO Clause: OHKO moves are banned
|rule|Evasion Moves Clause: Evasion moves are banned
|rule|Species Clause: Limit one of each Pokémon
|rule|Dynamax Clause: You cannot dynamax
|rule|Sleep Clause Mod: Limit one foe put to sleep
|rule|Freeze Clause Mod: Limit one foe frozen
|raw|<img src="https:\/\/www.smogon.com\/forums\/attachments\/banner_2-png.302358\/" height="65" width="381">
|-message|Welcome to Megas for All!
|-message|This is a National Dex-based format where we aim to give a new Mega Evolution to every Pokémon.
|-message|Just like any official format, you can still only Mega Evolve one Pokémon per team!
|-message|You can find our thread and metagame resources here:
|-message|https:\/\/www.smogon.com\/forums\/threads\/3671140\/
|teampreview
|j|+inkbug1

|c|☆exploziff|gl hf
|c|☆BlaueBrause|glhf!
|j| Woopersons 42
|
|t:|1615754224
|start
|switch|p1a: Spiritomb|Spiritomb, M|100\/100
|switch|p2a: F.E.'s Assistant|Swampert, F|100\/100
|-ability|p1a: Spiritomb|Pressure
|turn|1
|
|t:|1615754232
|detailschange|p1a: Spiritomb|Spiritomb-Mega, M
|-mega|p1a: Spiritomb|Spiritomb|Odd Keystone
|-start|p1a: Spiritomb|typechange|Ghost\/Dark|[silent]
|raw|<ul class="utilichart"><li class="result"><span class="col pokemonnamecol" style="white-space: nowrap">Spiritomb-Mega<\/span> <span class="col typecol"><img src="https:\/\/play.pokemonshowdown.com\/sprites\/types\/Ghost.png" alt="Ghost" height="14" width="32"><img src="https:\/\/play.pokemonshowdown.com\/sprites\/types\/Dark.png" alt="Dark" height="14" width="32"><\/span> <span style="float: left ; min-height: 26px"><span class="col abilitycol">Regenerator<\/span><span class="col abilitycol"><\/span><\/span><span style="float: left ; min-height: 26px"><span class="col statcol"><em>HP<\/em><br>50<\/span> <span class="col statcol"><em>Atk<\/em><br>108<\/span> <span class="col statcol"><em>Def<\/em><br>142<\/span> <span class="col statcol"><em>SpA<\/em><br>108<\/span> <span class="col statcol"><em>SpD<\/em><br>142<\/span> <span class="col statcol"><em>Spe<\/em><br>35<\/span> <\/span><\/li><li style="clear: both"><\/li><\/ul>
|move|p2a: F.E.'s Assistant|Protect|p2a: F.E.'s Assistant
|-singleturn|p2a: F.E.'s Assistant|Protect
|move|p1a: Spiritomb|Will-O-Wisp|p2a: F.E.'s Assistant
|-activate|p2a: F.E.'s Assistant|move: Protect
|
|upkeep
|turn|2
|
|t:|1615754244
|move|p2a: F.E.'s Assistant|Stealth Rock|p1a: Spiritomb
|-sidestart|p1: exploziff|move: Stealth Rock
|move|p1a: Spiritomb|Will-O-Wisp|p2a: F.E.'s Assistant
|-status|p2a: F.E.'s Assistant|brn
|
|-damage|p2a: F.E.'s Assistant|94\/100 brn|[from] brn
|upkeep
|turn|3
|
|t:|1615754253
|move|p2a: F.E.'s Assistant|Flip Turn|p1a: Spiritomb
|-damage|p1a: Spiritomb|92\/100
|
|t:|1615754258
|switch|p2a: Fidelis|Corviknight, F|100\/100|[from]move: Flip Turn
|-ability|p2a: Fidelis|Pressure
|move|p1a: Spiritomb|Parting Shot|p2a: Fidelis
|-unboost|p2a: Fidelis|atk|1
|-unboost|p2a: Fidelis|spa|1
|
|t:|1615754267
|switch|p1a: Toxapex|Toxapex, F|100\/100|[from]move: Parting Shot
|-damage|p1a: Toxapex|88\/100|[from] Stealth Rock
|
|-heal|p1a: Toxapex|94\/100|[from] item: Black Sludge
|upkeep
|turn|4
|
|t:|1615754274
|move|p2a: Fidelis|U-turn|p1a: Toxapex
|-resisted|p1a: Toxapex
|-damage|p1a: Toxapex|91\/100
|
|t:|1615754284
|switch|p2a: F.E.'s Assistant|Swampert, F|94\/100 brn|[from]move: U-turn
|move|p1a: Toxapex|Toxic Spikes|p2a: F.E.'s Assistant
|-sidestart|p2: BlaueBrause|move: Toxic Spikes
|
|-heal|p2a: F.E.'s Assistant|100\/100 brn|[from] item: Leftovers
|-heal|p1a: Toxapex|97\/100|[from] item: Black Sludge
|-damage|p2a: F.E.'s Assistant|94\/100 brn|[from] brn
|upkeep
|turn|5
|
|t:|1615754295
|move|p2a: F.E.'s Assistant|Flip Turn|p1a: Toxapex
|-resisted|p1a: Toxapex
|-damage|p1a: Toxapex|94\/100
|
|t:|1615754299
|switch|p2a: Fidelis|Corviknight, F|100\/100|[from]move: Flip Turn
|-ability|p2a: Fidelis|Pressure
|move|p1a: Toxapex|Scald|p2a: Fidelis
|-crit|p2a: Fidelis
|-damage|p2a: Fidelis|77\/100
|
|-heal|p2a: Fidelis|83\/100|[from] item: Leftovers
|-heal|p1a: Toxapex|99\/100|[from] item: Black Sludge
|upkeep
|turn|6
|
|t:|1615754309
|move|p2a: Fidelis|Brave Bird|p1a: Toxapex
|-damage|p1a: Toxapex|74\/100
|-damage|p2a: Fidelis|77\/100|[from] Recoil
|move|p1a: Toxapex|Scald|p2a: Fidelis
|-damage|p2a: Fidelis|62\/100
|-status|p2a: Fidelis|brn
|
|-heal|p2a: Fidelis|68\/100 brn|[from] item: Leftovers
|-heal|p1a: Toxapex|80\/100|[from] item: Black Sludge
|-damage|p2a: Fidelis|62\/100 brn|[from] brn
|upkeep
|turn|7
|
|t:|1615754322
|move|p2a: Fidelis|Defog|p1a: Toxapex
|-unboost|p1a: Toxapex|evasion|1
|-sideend|p1: exploziff|Stealth Rock|[from] move: Defog|[of] p2a: Fidelis
|-sideend|p2: BlaueBrause|Toxic Spikes|[from] move: Defog|[of] p2a: Fidelis
|move|p1a: Toxapex|Scald|p2a: Fidelis
|-damage|p2a: Fidelis|48\/100 brn
|
|-heal|p2a: Fidelis|54\/100 brn|[from] item: Leftovers
|-heal|p1a: Toxapex|86\/100|[from] item: Black Sludge
|-damage|p2a: Fidelis|48\/100 brn|[from] brn
|upkeep
|turn|8
|
|t:|1615754331
|switch|p1a: Spiritomb|Spiritomb-Mega, M|100\/100
|-start|p1a: Spiritomb|typechange|Ghost\/Dark|[silent]
|move|p2a: Fidelis|Roost|p2a: Fidelis
|-heal|p2a: Fidelis|98\/100 brn
|-singleturn|p2a: Fidelis|move: Roost
|
|-heal|p2a: Fidelis|100\/100 brn|[from] item: Leftovers
|-damage|p2a: Fidelis|94\/100 brn|[from] brn
|upkeep
|turn|9
|
|t:|1615754343
|move|p2a: Fidelis|Defog|p1a: Spiritomb
|-unboost|p1a: Spiritomb|evasion|1
|move|p1a: Spiritomb|Burning Jealousy|p2a: Fidelis
|-supereffective|p2a: Fidelis
|-damage|p2a: Fidelis|65\/100 brn
|
|-heal|p2a: Fidelis|71\/100 brn|[from] item: Leftovers
|-damage|p2a: Fidelis|65\/100 brn|[from] brn
|upkeep
|turn|10
|
|t:|1615754353
|switch|p1a: Zapdos|Zapdos-Galar|100\/100
|move|p2a: Fidelis|Roost|p2a: Fidelis
|-heal|p2a: Fidelis|100\/100 brn
|-singleturn|p2a: Fidelis|move: Roost
|
|-damage|p2a: Fidelis|94\/100 brn|[from] brn
|upkeep
|turn|11
|
|t:|1615754362
|switch|p2a: Encore une fois!|Aegislash, M|100\/100
|move|p1a: Zapdos|Thunderous Kick|p2a: Encore une fois!
|-immune|p2a: Encore une fois!
|
|upkeep
|turn|12
|
|t:|1615754368
|switch|p1a: Nidoqueen|Nidoqueen, F|100\/100
|move|p2a: Encore une fois!|Substitute|p2a: Encore une fois!
|-start|p2a: Encore une fois!|Substitute
|-damage|p2a: Encore une fois!|75\/100
|
|-heal|p2a: Encore une fois!|82\/100|[from] item: Leftovers
|upkeep
|turn|13
|
|t:|1615754375
|move|p2a: Encore une fois!|King's Shield|p2a: Encore une fois!
|-singleturn|p2a: Encore une fois!|Protect
|move|p1a: Nidoqueen|Earth Power|p2a: Encore une fois!
|-activate|p2a: Encore une fois!|move: Protect
|
|-heal|p2a: Encore une fois!|88\/100|[from] item: Leftovers
|upkeep
|turn|14
|
|t:|1615754383
|move|p1a: Nidoqueen|Earth Power|p2a: Encore une fois!
|-supereffective|p2a: Encore une fois!
|-end|p2a: Encore une fois!|Substitute
|-formechange|p2a: Encore une fois!|Aegislash-Blade||[from] ability: Stance Change
|move|p2a: Encore une fois!|Shadow Ball|p1a: Nidoqueen
|-damage|p1a: Nidoqueen|72\/100
|
|-heal|p1a: Nidoqueen|78\/100|[from] item: Black Sludge
|-heal|p2a: Encore une fois!|94\/100|[from] item: Leftovers
|upkeep
|turn|15
|
|t:|1615754395
|switch|p2a: F.E.'s Assistant|Swampert, F|94\/100 brn
|move|p1a: Nidoqueen|Stealth Rock|p2a: F.E.'s Assistant
|-sidestart|p2: BlaueBrause|move: Stealth Rock
|
|-heal|p1a: Nidoqueen|85\/100|[from] item: Black Sludge
|-heal|p2a: F.E.'s Assistant|100\/100 brn|[from] item: Leftovers
|-damage|p2a: F.E.'s Assistant|94\/100 brn|[from] brn
|upkeep
|turn|16
|
|t:|1615754406
|switch|p1a: Tapu Lele|Tapu Lele|100\/100
|-fieldstart|move: Psychic Terrain|[from] ability: Psychic Surge|[of] p1a: Tapu Lele
|move|p2a: F.E.'s Assistant|Stealth Rock|p1a: Tapu Lele
|-sidestart|p1: exploziff|move: Stealth Rock
|
|-heal|p2a: F.E.'s Assistant|100\/100 brn|[from] item: Leftovers
|-damage|p2a: F.E.'s Assistant|94\/100 brn|[from] brn
|upkeep
|turn|17
|
|t:|1615754414
|move|p2a: F.E.'s Assistant|Protect|p2a: F.E.'s Assistant
|-singleturn|p2a: F.E.'s Assistant|Protect
|move|p1a: Tapu Lele|Psychic|p2a: F.E.'s Assistant
|-activate|p2a: F.E.'s Assistant|move: Protect
|
|-heal|p2a: F.E.'s Assistant|100\/100 brn|[from] item: Leftovers
|-damage|p2a: F.E.'s Assistant|94\/100 brn|[from] brn
|upkeep
|turn|18
|
|t:|1615754422
|switch|p1a: Corviknight|Corviknight, M|100\/100
|-damage|p1a: Corviknight|88\/100|[from] Stealth Rock
|-ability|p1a: Corviknight|Pressure
|move|p2a: F.E.'s Assistant|Flip Turn|p1a: Corviknight
|-crit|p1a: Corviknight
|-damage|p1a: Corviknight|78\/100
|-damage|p2a: F.E.'s Assistant|78\/100 brn|[from] item: Rocky Helmet|[of] p1a: Corviknight
|
|t:|1615754433
|switch|p2a: Astaldo|Terrakion|100\/100|[from]move: Flip Turn
|-damage|p2a: Astaldo|94\/100|[from] Stealth Rock
|
|upkeep
|turn|19
|
|t:|1615754439
|switch|p1a: Nidoqueen|Nidoqueen, F|85\/100
|-damage|p1a: Nidoqueen|78\/100|[from] Stealth Rock
|move|p2a: Astaldo|Swords Dance|p2a: Astaldo
|-boost|p2a: Astaldo|atk|2
|
|-heal|p1a: Nidoqueen|85\/100|[from] item: Black Sludge
|upkeep
|turn|20
|
|t:|1615754448
|-zpower|p2a: Astaldo
|move|p2a: Astaldo|Continental Crush|p1a: Nidoqueen|[zeffect]
|-resisted|p1a: Nidoqueen
|-damage|p1a: Nidoqueen|0 fnt
|faint|p1a: Nidoqueen
|
|-fieldend|move: Psychic Terrain
|upkeep
|
|t:|1615754455
|switch|p1a: Zapdos|Zapdos-Galar|100\/100
|-damage|p1a: Zapdos|88\/100|[from] Stealth Rock
|turn|21
|
|t:|1615754460
|move|p2a: Astaldo|Protect|p2a: Astaldo
|-singleturn|p2a: Astaldo|Protect
|move|p1a: Zapdos|U-turn|p2a: Astaldo
|-activate|p2a: Astaldo|move: Protect
|
|upkeep
|turn|22
|
|t:|1615754467
|move|p1a: Zapdos|U-turn|p2a: Astaldo
|-resisted|p2a: Astaldo
|-damage|p2a: Astaldo|81\/100
|
|t:|1615754470
|switch|p1a: Toxapex|Toxapex, F|100\/100|[from]move: U-turn
|-damage|p1a: Toxapex|88\/100|[from] Stealth Rock
|move|p2a: Astaldo|Stone Edge|p1a: Toxapex
|-damage|p1a: Toxapex|22\/100
|
|-heal|p1a: Toxapex|28\/100|[from] item: Black Sludge
|upkeep
|turn|23
|
|t:|1615754479
|switch|p1a: Corviknight|Corviknight, M|78\/100
|-damage|p1a: Corviknight|66\/100|[from] Stealth Rock
|-ability|p1a: Corviknight|Pressure
|move|p2a: Astaldo|Stone Edge|p1a: Corviknight
|-damage|p1a: Corviknight|9\/100
|
|upkeep
|turn|24
|
|t:|1615754487
|move|p2a: Astaldo|Close Combat|p1a: Corviknight
|-damage|p1a: Corviknight|0 fnt
|-unboost|p2a: Astaldo|def|1
|-unboost|p2a: Astaldo|spd|1
|-damage|p2a: Astaldo|64\/100|[from] item: Rocky Helmet|[of] p1a: Corviknight
|faint|p1a: Corviknight
|
|upkeep
|
|t:|1615754492
|switch|p1a: Zapdos|Zapdos-Galar|88\/100
|-damage|p1a: Zapdos|76\/100|[from] Stealth Rock
|turn|25
|
|t:|1615754497
|move|p2a: Astaldo|Protect|p2a: Astaldo
|-singleturn|p2a: Astaldo|Protect
|move|p1a: Zapdos|Brave Bird|p2a: Astaldo
|-activate|p2a: Astaldo|move: Protect
|
|upkeep
|turn|26
|
|t:|1615754507
|switch|p2a: Encore une fois!|Aegislash, M|94\/100
|-damage|p2a: Encore une fois!|88\/100|[from] Stealth Rock
|move|p1a: Zapdos|Brave Bird|p2a: Encore une fois!
|-resisted|p2a: Encore une fois!
|-damage|p2a: Encore une fois!|62\/100
|-damage|p1a: Zapdos|67\/100|[from] Recoil
|
|-heal|p2a: Encore une fois!|68\/100|[from] item: Leftovers
|upkeep
|turn|27
|
|t:|1615754518
|switch|p1a: Spiritomb|Spiritomb-Mega, M|100\/100
|-start|p1a: Spiritomb|typechange|Ghost\/Dark|[silent]
|-damage|p1a: Spiritomb|88\/100|[from] Stealth Rock
|-formechange|p2a: Encore une fois!|Aegislash-Blade||[from] ability: Stance Change
|move|p2a: Encore une fois!|Shadow Ball|p1a: Spiritomb
|-damage|p1a: Spiritomb|64\/100
|
|-heal|p2a: Encore une fois!|74\/100|[from] item: Leftovers
|upkeep
|turn|28
|
|t:|1615754528
|move|p2a: Encore une fois!|Toxic|p1a: Spiritomb
|-status|p1a: Spiritomb|tox
|move|p1a: Spiritomb|Will-O-Wisp|p2a: Encore une fois!
|-status|p2a: Encore une fois!|brn
|
|-heal|p2a: Encore une fois!|80\/100 brn|[from] item: Leftovers
|-damage|p2a: Encore une fois!|74\/100 brn|[from] brn
|-damage|p1a: Spiritomb|58\/100 tox|[from] psn
|upkeep
|turn|29
|
|t:|1615754539
|-formechange|p2a: Encore une fois!|Aegislash||[from] ability: Stance Change
|move|p2a: Encore une fois!|King's Shield|p2a: Encore une fois!
|-singleturn|p2a: Encore une fois!|Protect
|move|p1a: Spiritomb|Parting Shot|p2a: Encore une fois!
|-unboost|p2a: Encore une fois!|atk|1
|-unboost|p2a: Encore une fois!|spa|1
|
|t:|1615754547
|switch|p1a: Toxapex|Toxapex, F|61\/100|[from]move: Parting Shot
|-damage|p1a: Toxapex|49\/100|[from] Stealth Rock
|
|-heal|p2a: Encore une fois!|80\/100 brn|[from] item: Leftovers
|-heal|p1a: Toxapex|55\/100|[from] item: Black Sludge
|-damage|p2a: Encore une fois!|74\/100 brn|[from] brn
|upkeep
|turn|30
|
|t:|1615754556
|switch|p2a: Fidelis|Corviknight, F|94\/100 brn
|-damage|p2a: Fidelis|82\/100 brn|[from] Stealth Rock
|-ability|p2a: Fidelis|Pressure
|move|p1a: Toxapex|Toxic Spikes|p2a: Fidelis
|-sidestart|p2: BlaueBrause|move: Toxic Spikes
|
|-heal|p2a: Fidelis|88\/100 brn|[from] item: Leftovers
|-heal|p1a: Toxapex|61\/100|[from] item: Black Sludge
|-damage|p2a: Fidelis|82\/100 brn|[from] brn
|upkeep
|turn|31
|
|t:|1615754566
|switch|p1a: Tapu Lele|Tapu Lele|100\/100
|-damage|p1a: Tapu Lele|88\/100|[from] Stealth Rock
|-fieldstart|move: Psychic Terrain|[from] ability: Psychic Surge|[of] p1a: Tapu Lele
|move|p2a: Fidelis|Brave Bird|p1a: Tapu Lele
|-damage|p1a: Tapu Lele|58\/100
|-damage|p2a: Fidelis|75\/100 brn|[from] Recoil
|
|-heal|p2a: Fidelis|81\/100 brn|[from] item: Leftovers
|-damage|p2a: Fidelis|75\/100 brn|[from] brn
|upkeep
|turn|32
|
|t:|1615754580
|move|p1a: Tapu Lele|Thunderbolt|p2a: Fidelis
|-supereffective|p2a: Fidelis
|-damage|p2a: Fidelis|0 fnt
|faint|p2a: Fidelis
|
|upkeep
|
|t:|1615754585
|switch|p2a: Out of the Blue|Weavile, F|100\/100
|-status|p2a: Out of the Blue|psn
|-damage|p2a: Out of the Blue|76\/100 psn|[from] Stealth Rock
|-ability|p2a: Out of the Blue|Pressure
|turn|33
|
|t:|1615754592
|-activate|p1a: Tapu Lele|move: Pursuit
|move|p2a: Out of the Blue|Pursuit|p1a: Tapu Lele|[from]Pursuit
|-damage|p1a: Tapu Lele|0 fnt
|-hint|A Pokemon can't switch between when it runs out of HP and when it faints
|faint|p1a: Tapu Lele
|
|-damage|p2a: Out of the Blue|63\/100 psn|[from] psn
|upkeep
|
|t:|1615754599
|switch|p1a: Toxapex|Toxapex, F|94\/100
|-damage|p1a: Toxapex|82\/100|[from] Stealth Rock
|turn|34
|
|t:|1615754604
|switch|p2a: Primavera|Rillaboom, F|100\/100
|-damage|p2a: Primavera|88\/100|[from] Stealth Rock
|-status|p2a: Primavera|psn
|-fieldstart|move: Grassy Terrain|[from] ability: Grassy Surge|[of] p2a: Primavera
|move|p1a: Toxapex|Scald|p2a: Primavera
|-resisted|p2a: Primavera
|-damage|p2a: Primavera|77\/100 psn
|
|-heal|p2a: Primavera|83\/100 psn|[from] Grassy Terrain
|-heal|p1a: Toxapex|88\/100|[from] item: Black Sludge
|-heal|p1a: Toxapex|94\/100|[from] Grassy Terrain
|-damage|p2a: Primavera|71\/100 psn|[from] psn
|upkeep
|turn|35
|
|t:|1615754619
|detailschange|p2a: Primavera|Rillaboom-Mega, F
|-mega|p2a: Primavera|Rillaboom|Rillaboomite
|-fieldend|move: Grassy Terrain
|-fieldstart|move: Grassy Terrain|[from] ability: Arena Rock|[of] p2a: Primavera
|-start|p2a: Primavera|typechange|Grass|[silent]
|raw|<ul class="utilichart"><li class="result"><span class="col pokemonnamecol" style="white-space: nowrap">Rillaboom-Mega<\/span> <span class="col typecol"><img src="https:\/\/play.pokemonshowdown.com\/sprites\/types\/Grass.png" alt="Grass" height="14" width="32"><\/span> <span style="float: left ; min-height: 26px"><span class="col abilitycol">Arena Rock<\/span><span class="col abilitycol"><\/span><\/span><span style="float: left ; min-height: 26px"><span class="col statcol"><em>HP<\/em><br>100<\/span> <span class="col statcol"><em>Atk<\/em><br>165<\/span> <span class="col statcol"><em>Def<\/em><br>110<\/span> <span class="col statcol"><em>SpA<\/em><br>60<\/span> <span class="col statcol"><em>SpD<\/em><br>110<\/span> <span class="col statcol"><em>Spe<\/em><br>85<\/span> <\/span><\/li><li style="clear: both"><\/li><\/ul>
|move|p2a: Primavera|Swords Dance|p2a: Primavera
|-boost|p2a: Primavera|atk|2
|move|p1a: Toxapex|Haze|p1a: Toxapex
|-clearallboost
|
|-heal|p2a: Primavera|77\/100 psn|[from] Grassy Terrain
|-heal|p1a: Toxapex|99\/100|[from] item: Black Sludge
|-heal|p1a: Toxapex|100\/100|[from] Grassy Terrain
|-damage|p2a: Primavera|64\/100 psn|[from] psn
|upkeep
|turn|36
|
|t:|1615754632
|move|p2a: Primavera|Grassy Glide|p1a: Toxapex
|-damage|p1a: Toxapex|61\/100
|move|p1a: Toxapex|Haze|p1a: Toxapex
|-clearallboost
|
|-heal|p2a: Primavera|71\/100 psn|[from] Grassy Terrain
|-heal|p1a: Toxapex|67\/100|[from] item: Black Sludge
|-heal|p1a: Toxapex|73\/100|[from] Grassy Terrain
|-damage|p2a: Primavera|58\/100 psn|[from] psn
|upkeep
|turn|37
|
|t:|1615754643
|move|p2a: Primavera|Swords Dance|p2a: Primavera
|-boost|p2a: Primavera|atk|2
|move|p1a: Toxapex|Haze|p1a: Toxapex
|-clearallboost
|
|-heal|p2a: Primavera|64\/100 psn|[from] Grassy Terrain
|-heal|p1a: Toxapex|79\/100|[from] item: Black Sludge
|-heal|p1a: Toxapex|85\/100|[from] Grassy Terrain
|-damage|p2a: Primavera|52\/100 psn|[from] psn
|upkeep
|turn|38
|
|t:|1615754653
|move|p2a: Primavera|Grassy Glide|p1a: Toxapex
|-damage|p1a: Toxapex|42\/100
|move|p1a: Toxapex|Recover|p1a: Toxapex
|-heal|p1a: Toxapex|92\/100
|
|-heal|p2a: Primavera|58\/100 psn|[from] Grassy Terrain
|-heal|p1a: Toxapex|98\/100|[from] item: Black Sludge
|-heal|p1a: Toxapex|100\/100|[from] Grassy Terrain
|-damage|p2a: Primavera|46\/100 psn|[from] psn
|upkeep
|turn|39
|
|t:|1615754670
|-heal|p2a: Primavera|52\/100 psn|[from] Grassy Terrain
|-fieldend|move: Grassy Terrain
|switch|p2a: Out of the Blue|Weavile, F|63\/100 psn
|-damage|p2a: Out of the Blue|38\/100 psn|[from] Stealth Rock
|-ability|p2a: Out of the Blue|Pressure
|move|p1a: Toxapex|Scald|p2a: Out of the Blue
|-damage|p2a: Out of the Blue|13\/100 psn
|
|-damage|p2a: Out of the Blue|0 fnt|[from] psn
|faint|p2a: Out of the Blue
|upkeep
|
|t:|1615754688
|switch|p2a: Encore une fois!|Aegislash, M|74\/100 brn
|-damage|p2a: Encore une fois!|68\/100 brn|[from] Stealth Rock
|turn|40
|
|t:|1615754695
|move|p2a: Encore une fois!|King's Shield|p2a: Encore une fois!
|-singleturn|p2a: Encore une fois!|Protect
|move|p1a: Toxapex|Scald|p2a: Encore une fois!
|-activate|p2a: Encore une fois!|move: Protect
|
|-heal|p2a: Encore une fois!|74\/100 brn|[from] item: Leftovers
|-damage|p2a: Encore une fois!|68\/100 brn|[from] brn
|upkeep
|turn|41
|
|t:|1615754706
|-formechange|p2a: Encore une fois!|Aegislash-Blade||[from] ability: Stance Change
|move|p2a: Encore une fois!|Shadow Ball|p1a: Toxapex
|-damage|p1a: Toxapex|70\/100
|move|p1a: Toxapex|Scald|p2a: Encore une fois!
|-damage|p2a: Encore une fois!|48\/100 brn
|
|-heal|p2a: Encore une fois!|54\/100 brn|[from] item: Leftovers
|-heal|p1a: Toxapex|76\/100|[from] item: Black Sludge
|-damage|p2a: Encore une fois!|48\/100 brn|[from] brn
|upkeep
|turn|42
|
|t:|1615754718
|move|p2a: Encore une fois!|Shadow Ball|p1a: Toxapex
|-damage|p1a: Toxapex|47\/100
|move|p1a: Toxapex|Toxic Spikes|p2a: Encore une fois!
|-sidestart|p2: BlaueBrause|move: Toxic Spikes
|
|-heal|p2a: Encore une fois!|54\/100 brn|[from] item: Leftovers
|-heal|p1a: Toxapex|53\/100|[from] item: Black Sludge
|-damage|p2a: Encore une fois!|48\/100 brn|[from] brn
|upkeep
|turn|43
|
|t:|1615754726
|move|p2a: Encore une fois!|Shadow Ball|p1a: Toxapex
|-damage|p1a: Toxapex|25\/100
|move|p1a: Toxapex|Scald|p2a: Encore une fois!
|-damage|p2a: Encore une fois!|30\/100 brn
|
|-heal|p2a: Encore une fois!|36\/100 brn|[from] item: Leftovers
|-heal|p1a: Toxapex|31\/100|[from] item: Black Sludge
|-damage|p2a: Encore une fois!|30\/100 brn|[from] brn
|upkeep
|turn|44
|
|t:|1615754736
|move|p2a: Encore une fois!|Shadow Ball|p1a: Toxapex
|-damage|p1a: Toxapex|4\/100
|move|p1a: Toxapex|Recover|p1a: Toxapex
|-heal|p1a: Toxapex|55\/100
|
|-heal|p2a: Encore une fois!|36\/100 brn|[from] item: Leftovers
|-heal|p1a: Toxapex|61\/100|[from] item: Black Sludge
|-damage|p2a: Encore une fois!|30\/100 brn|[from] brn
|upkeep
|turn|45
|
|t:|1615754745
|move|p2a: Encore une fois!|Shadow Ball|p1a: Toxapex
|-damage|p1a: Toxapex|34\/100
|move|p1a: Toxapex|Recover|p1a: Toxapex
|-heal|p1a: Toxapex|84\/100
|
|-heal|p2a: Encore une fois!|36\/100 brn|[from] item: Leftovers
|-heal|p1a: Toxapex|90\/100|[from] item: Black Sludge
|-damage|p2a: Encore une fois!|30\/100 brn|[from] brn
|upkeep
|turn|46
|
|t:|1615754754
|move|p2a: Encore une fois!|Shadow Ball|p1a: Toxapex
|-damage|p1a: Toxapex|60\/100
|move|p1a: Toxapex|Scald|p2a: Encore une fois!
|-damage|p2a: Encore une fois!|12\/100 brn
|
|-heal|p2a: Encore une fois!|18\/100 brn|[from] item: Leftovers
|-heal|p1a: Toxapex|66\/100|[from] item: Black Sludge
|-damage|p2a: Encore une fois!|12\/100 brn|[from] brn
|upkeep
|turn|47
|
|t:|1615754764
|move|p2a: Encore une fois!|Shadow Ball|p1a: Toxapex
|-damage|p1a: Toxapex|37\/100
|move|p1a: Toxapex|Recover|p1a: Toxapex
|-heal|p1a: Toxapex|87\/100
|
|-heal|p2a: Encore une fois!|18\/100 brn|[from] item: Leftovers
|-heal|p1a: Toxapex|93\/100|[from] item: Black Sludge
|-damage|p2a: Encore une fois!|12\/100 brn|[from] brn
|upkeep
|turn|48
|
|t:|1615754773
|move|p2a: Encore une fois!|Shadow Ball|p1a: Toxapex
|-damage|p1a: Toxapex|65\/100
|move|p1a: Toxapex|Scald|p2a: Encore une fois!
|-damage|p2a: Encore une fois!|0 fnt
|faint|p2a: Encore une fois!
|
|-heal|p1a: Toxapex|71\/100|[from] item: Black Sludge
|upkeep
|
|t:|1615754782
|switch|p2a: Astaldo|Terrakion|64\/100
|-damage|p2a: Astaldo|58\/100|[from] Stealth Rock
|-status|p2a: Astaldo|tox
|turn|49
|
|t:|1615754789
|move|p2a: Astaldo|Stone Edge|p1a: Toxapex
|-crit|p1a: Toxapex
|-damage|p1a: Toxapex|25\/100
|move|p1a: Toxapex|Scald|p2a: Astaldo
|-supereffective|p2a: Astaldo
|-damage|p2a: Astaldo|23\/100 tox
|
|-heal|p1a: Toxapex|31\/100|[from] item: Black Sludge
|-damage|p2a: Astaldo|17\/100 tox|[from] psn
|upkeep
|turn|50
|
|t:|1615754807
|switch|p2a: Primavera|Rillaboom-Mega, F|52\/100 psn
|-damage|p2a: Primavera|40\/100 psn|[from] Stealth Rock
|-start|p2a: Primavera|typechange|Grass|[silent]
|-fieldstart|move: Grassy Terrain|[from] ability: Arena Rock|[of] p2a: Primavera
|switch|p1a: Spiritomb|Spiritomb-Mega, M|92\/100 tox
|-start|p1a: Spiritomb|typechange|Ghost\/Dark|[silent]
|-damage|p1a: Spiritomb|79\/100 tox|[from] Stealth Rock
|
|-heal|p2a: Primavera|46\/100 psn|[from] Grassy Terrain
|-heal|p1a: Spiritomb|85\/100 tox|[from] Grassy Terrain
|-damage|p2a: Primavera|34\/100 psn|[from] psn
|-damage|p1a: Spiritomb|79\/100 tox|[from] psn
|upkeep
|turn|51
|
|t:|1615754821
|move|p2a: Primavera|Grassy Glide|p1a: Spiritomb
|-damage|p1a: Spiritomb|29\/100 tox
|move|p1a: Spiritomb|Burning Jealousy|p2a: Primavera
|-supereffective|p2a: Primavera
|-damage|p2a: Primavera|0 fnt
|faint|p2a: Primavera
|-heal|p1a: Spiritomb|35\/100 tox|[from] Grassy Terrain
|-fieldend|move: Grassy Terrain
|
|-damage|p1a: Spiritomb|23\/100 tox|[from] psn
|upkeep
|
|t:|1615754831
|switch|p2a: Astaldo|Terrakion|17\/100 tox
|-damage|p2a: Astaldo|10\/100 tox|[from] Stealth Rock
|turn|52
|
|t:|1615754837
|move|p2a: Astaldo|Stone Edge|p1a: Spiritomb
|-damage|p1a: Spiritomb|0 fnt
|faint|p1a: Spiritomb
|
|-damage|p2a: Astaldo|4\/100 tox|[from] psn
|upkeep
|
|t:|1615754842
|switch|p1a: Zapdos|Zapdos-Galar|67\/100
|-damage|p1a: Zapdos|54\/100|[from] Stealth Rock
|turn|53
|
|t:|1615754846
|move|p1a: Zapdos|Brave Bird|p2a: Astaldo
|-damage|p2a: Astaldo|0 fnt
|-damage|p1a: Zapdos|53\/100|[from] Recoil
|faint|p2a: Astaldo
|
|upkeep
|c|☆BlaueBrause|gg
|
|t:|1615754851
|switch|p2a: F.E.'s Assistant|Swampert, F|78\/100 brn
|-damage|p2a: F.E.'s Assistant|72\/100 brn|[from] Stealth Rock
|turn|54
|c|☆exploziff|gg
|
|t:|1615754856
|move|p1a: Zapdos|Brave Bird|p2a: F.E.'s Assistant
|-damage|p2a: F.E.'s Assistant|11\/100 brn
|-damage|p1a: Zapdos|28\/100|[from] Recoil
|move|p2a: F.E.'s Assistant|Flip Turn|p1a: Zapdos
|-damage|p1a: Zapdos|15\/100
|
|-heal|p2a: F.E.'s Assistant|17\/100 brn|[from] item: Leftovers
|-damage|p2a: F.E.'s Assistant|11\/100 brn|[from] brn
|upkeep
|turn|55
|
|t:|1615754865
|move|p1a: Zapdos|Brave Bird|p2a: F.E.'s Assistant
|-damage|p2a: F.E.'s Assistant|0 fnt
|-damage|p1a: Zapdos|11\/100|[from] Recoil
|faint|p2a: F.E.'s Assistant
|
|win|exploziff
|l| Woopersons 42
|j| Woopersons 42
|c|☆exploziff|i really though i wasn't gonna win this one
|l| Woopersons 42
|c|☆BlaueBrause|as i said, you never know!
|c|☆BlaueBrause|have more trust in you!</script>
</div>
<div class="battle-log battle-log-inline"><div class="inner"><div class="battle-options"><div style="padding-top: 3px; padding-right: 3px; text-align: right"><button class="icon button" name="openBattleOptions" title="Options">Battle Options</button></div></div><div class="inner message-log"><div class="chat"><small>☆exploziff and ☆BlaueBrause joined</small></div><div class=""><small>Format:</small> <br><strong>[Gen 8] Megas for All</strong></div><div class=""><small><em>HP Percentage Mod:</em> HP is shown in percentages</small></div><div class=""><small><em>Endless Battle Clause:</em> Forcing endless battles is banned</small></div><div class=""><small><em>OHKO Clause:</em> OHKO moves are banned</small></div><div class=""><small><em>Evasion Moves Clause:</em> Evasion moves are banned</small></div><div class=""><small><em>Species Clause:</em> Limit one of each Pokémon</small></div><div class=""><small><em>Dynamax Clause:</em> You cannot dynamax</small></div><div class=""><small><em>Sleep Clause Mod:</em> Limit one foe put to sleep</small></div><div class=""><small><em>Freeze Clause Mod:</em> Limit one foe frozen</small></div><div class="chat"><img src="https://www.smogon.com/forums/attachments/banner_2-png.302358/" height="65" width="381"></div><div class="spacer battle-history"><br></div><div class="battle-history"><small>Welcome to Megas for All!</small><br></div><div class="battle-history"><small>This is a National Dex-based format where we aim to give a new Mega Evolution to every Pokémon.</small><br></div><div class="battle-history"><small>Just like any official format, you can still only Mega Evolve one Pokémon per team!</small><br></div><div class="battle-history"><small>You can find our thread and metagame resources here:</small><br></div><div class="battle-history"><small>https://www.smogon.com/forums/threads/3671140/</small><br></div><div class="chat battle-history"><strong>exploziff's team:</strong> <em style="color:#445566;display:block;">Spiritomb / Toxapex / Corviknight / Nidoqueen / Tapu Lele / Zapdos-Galar</em></div><div class="chat battle-history"><strong>BlaueBrause's team:</strong> <em style="color:#445566;display:block;">Rillaboom / Terrakion / Weavile / Swampert / Corviknight / Aegislash</em></div><div class="chat"><small>+inkbug1 joined</small></div><div class="chat chatmessage-exploziff"><strong style="color:#70a52f"><small>☆</small><span class="username" data-name="exploziff">exploziff</span>:</strong> <em>gl hf</em></div><div class="chat chatmessage-blauebrause"><strong style="color:#6b66e4"><small>☆</small><span class="username" data-name="BlaueBrause">BlaueBrause</span>:</strong> <em>glhf!</em></div><div class="chat"><small> Woopersons 42 joined</small></div><div class="spacer battle-history"><br></div><div class="battle-history">Battle started between exploziff and BlaueBrause!<br></div><div class="spacer battle-history"><br></div><div class="battle-history">Go! <strong>Spiritomb</strong>!<br></div><div class="spacer battle-history"><br></div><div class="battle-history">BlaueBrause sent out F.E.'s Assistant (<strong>Swampert</strong>)!<br></div><div class="battle-history">[Spiritomb's Pressure]<br><small>Spiritomb is exerting its pressure!</small><br></div><div class="spacer battle-history"><br></div><h2 class="battle-history">Turn 1</h2><div class="spacer battle-history"><br></div><div class="battle-history"><small>Spiritomb's Odd Keystone is reacting to the Key Stone!</small><br>Spiritomb has Mega Evolved into Mega Spiritomb!<br></div><div class="chat"><ul class="utilichart"><li class="result"><span class="col pokemonnamecol" style="white-space: nowrap">Spiritomb-Mega</span> <span class="col typecol"><img src="https://play.pokemonshowdown.com/sprites/types/Ghost.png" alt="Ghost" height="14" width="32"><img src="https://play.pokemonshowdown.com/sprites/types/Dark.png" alt="Dark" height="14" width="32"></span> <span style="float: left ; min-height: 26px"><span class="col abilitycol">Regenerator</span><span class="col abilitycol"></span></span><span style="float: left ; min-height: 26px"><span class="col statcol"><em>HP</em><br>50</span> <span class="col statcol"><em>Atk</em><br>108</span> <span class="col statcol"><em>Def</em><br>142</span> <span class="col statcol"><em>SpA</em><br>108</span> <span class="col statcol"><em>SpD</em><br>142</span> <span class="col statcol"><em>Spe</em><br>35</span> </span></li><li style="clear: both"></li></ul></div><div class="spacer battle-history"><br></div><div class="battle-history">The opposing F.E.'s Assistant used <strong>Protect</strong>!<br></div><div class="battle-history"><small>The opposing F.E.'s Assistant protected itself!</small><br></div><div class="spacer battle-history"><br></div><div class="battle-history">Spiritomb used <strong>Will-O-Wisp</strong>!<br></div><div class="battle-history"><small>The opposing F.E.'s Assistant protected itself!</small><br></div><div class="spacer battle-history"><br></div><h2 class="battle-history">Turn 2</h2><div class="spacer battle-history"><br></div><div class="battle-history">The opposing F.E.'s Assistant used <strong>Stealth Rock</strong>!<br></div><div class="battle-history"><small>Pointed stones float in the air around your team!</small><br></div><div class="spacer battle-history"><br></div><div class="battle-history">Spiritomb used <strong>Will-O-Wisp</strong>!<br></div><div class="battle-history"><small>The opposing F.E.'s Assistant was burned!</small><br></div><div class="spacer battle-history"><br></div><div class="battle-history"><small>The opposing F.E.'s Assistant was hurt by its burn!</small><br></div><div class="spacer battle-history"><br></div><h2 class="battle-history">Turn 3</h2><div class="spacer battle-history"><br></div><div class="battle-history">The opposing F.E.'s Assistant used <strong>Flip Turn</strong>!<br></div><div class="battle-history"><small>(Spiritomb lost 8% of its health!)</small><br></div><div class="spacer battle-history"><br></div><div class="battle-history">BlaueBrause withdrew F.E.'s Assistant!<br></div><div class="battle-history">BlaueBrause sent out Fidelis (<strong>Corviknight</strong>)!<br></div><div class="battle-history">[The opposing Fidelis's Pressure]<br><small>The opposing Fidelis is exerting its pressure!</small><br></div><div class="spacer battle-history"><br></div><div class="battle-history">Spiritomb used <strong>Parting Shot</strong>!<br></div><div class="battle-history"><small>The opposing Fidelis's Attack fell!</small><br></div><div class="battle-history"><small>The opposing Fidelis's Sp. Atk fell!</small><br></div><div class="spacer battle-history"><br></div><div class="battle-history">Spiritomb, come back!<br></div><div class="battle-history">Go! <strong>Toxapex</strong>!<br></div><div class="battle-history"><small>Pointed stones dug into Toxapex!</small><br></div><div class="spacer battle-history"><br></div><div class="battle-history"><small>Toxapex restored a little HP using its Black Sludge!</small><br></div><div class="spacer battle-history"><br></div><h2 class="battle-history">Turn 4</h2><div class="spacer battle-history"><br></div><div class="battle-history">The opposing Fidelis used <strong>U-turn</strong>!<br></div><div class="battle-history"><small>It's not very effective...</small><br></div><div class="battle-history"><small>(Toxapex lost 3% of its health!)</small><br></div><div class="spacer battle-history"><br></div><div class="battle-history">The opposing Fidelis went back to BlaueBrause!<br></div><div class="battle-history">BlaueBrause sent out F.E.'s Assistant (<strong>Swampert</strong>)!<br></div><div class="spacer battle-history"><br></div><div class="battle-history">Toxapex used <strong>Toxic Spikes</strong>!<br></div><div class="battle-history"><small>Poison spikes were scattered on the ground all around the opposing team!</small><br></div><div class="spacer battle-history"><br></div><div class="battle-history"><small>The opposing F.E.'s Assistant restored a little HP using its Leftovers!</small><br></div><div class="battle-history"><small>Toxapex restored a little HP using its Black Sludge!</small><br></div><div class="battle-history"><small>The opposing F.E.'s Assistant was hurt by its burn!</small><br></div><div class="spacer battle-history"><br></div><h2 class="battle-history">Turn 5</h2><div class="spacer battle-history"><br></div><div class="battle-history">The opposing F.E.'s Assistant used <strong>Flip Turn</strong>!<br></div><div class="battle-history"><small>It's not very effective...</small><br></div><div class="battle-history"><small>(Toxapex lost 3% of its health!)</small><br></div><div class="spacer battle-history"><br></div><div class="battle-history">BlaueBrause withdrew F.E.'s Assistant!<br></div><div class="battle-history">BlaueBrause sent out Fidelis (<strong>Corviknight</strong>)!<br></div><div class="battle-history">[The opposing Fidelis's Pressure]<br><small>The opposing Fidelis is exerting its pressure!</small><br></div><div class="spacer battle-history"><br></div><div class="battle-history">Toxapex used <strong>Scald</strong>!<br></div><div class="battle-history"><small>A critical hit!</small><br></div><div class="battle-history"><small>(The opposing Fidelis lost 23% of its health!)</small><br></div><div class="spacer battle-history"><br></div><div class="battle-history"><small>The opposing Fidelis restored a little HP using its Leftovers!</small><br></div><div class="battle-history"><small>Toxapex restored a little HP using its Black Sludge!</small><br></div><div class="spacer battle-history"><br></div><h2 class="battle-history">Turn 6</h2><div class="spacer battle-history"><br></div><div class="battle-history">The opposing Fidelis used <strong>Brave Bird</strong>!<br></div><div class="battle-history"><small>(Toxapex lost 25% of its health!)</small><br></div><div class="battle-history"><small>The opposing Fidelis was damaged by the recoil!</small><br></div><div class="spacer battle-history"><br></div><div class="battle-history">Toxapex used <strong>Scald</strong>!<br></div><div class="battle-history"><small>(The opposing Fidelis lost 15% of its health!)</small><br></div><div class="battle-history"><small>The opposing Fidelis was burned!</small><br></div><div class="spacer battle-history"><br></div><div class="battle-history"><small>The opposing Fidelis restored a little HP using its Leftovers!</small><br></div><div class="battle-history"><small>Toxapex restored a little HP using its Black Sludge!</small><br></div><div class="battle-history"><small>The opposing Fidelis was hurt by its burn!</small><br></div><div class="spacer battle-history"><br></div><h2 class="battle-history">Turn 7</h2><div class="spacer battle-history"><br></div><div class="battle-history">The opposing Fidelis used <strong>Defog</strong>!<br></div><div class="battle-history"><small>Toxapex's evasiveness fell!</small><br></div><div class="battle-history"><small>The pointed stones disappeared from around your team!</small><br></div><div class="battle-history"><small>The poison spikes disappeared from the ground around the opposing team!</small><br></div><div class="spacer battle-history"><br></div><div class="battle-history">Toxapex used <strong>Scald</strong>!<br></div><div class="battle-history"><small>(The opposing Fidelis lost 14% of its health!)</small><br></div><div class="spacer battle-history"><br></div><div class="battle-history"><small>The opposing Fidelis restored a little HP using its Leftovers!</small><br></div><div class="battle-history"><small>Toxapex restored a little HP using its Black Sludge!</small><br></div><div class="battle-history"><small>The opposing Fidelis was hurt by its burn!</small><br></div><div class="spacer battle-history"><br></div><h2 class="battle-history">Turn 8</h2><div class="spacer battle-history"><br></div><div class="battle-history">Toxapex, come back!<br></div><div class="battle-history">Go! Spiritomb (<strong>Spiritomb-Mega</strong>)!<br></div><div class="spacer battle-history"><br></div><div class="battle-history">The opposing Fidelis used <strong>Roost</strong>!<br></div><div class="battle-history"><small>The opposing Fidelis had its HP restored.</small><br></div><div class="battle-history"><small>(The opposing Fidelis loses Flying type this turn.)</small><br></div><div class="spacer battle-history"><br></div><div class="battle-history"><small>The opposing Fidelis restored a little HP using its Leftovers!</small><br></div><div class="battle-history"><small>The opposing Fidelis was hurt by its burn!</small><br></div><div class="spacer battle-history"><br></div><h2 class="battle-history">Turn 9</h2><div class="spacer battle-history"><br></div><div class="battle-history">The opposing Fidelis used <strong>Defog</strong>!<br></div><div class="battle-history"><small>Spiritomb's evasiveness fell!</small><br></div><div class="spacer battle-history"><br></div><div class="battle-history">Spiritomb used <strong>Burning Jealousy</strong>!<br></div><div class="battle-history"><small>It's super effective!</small><br></div><div class="battle-history"><small>(The opposing Fidelis lost 29% of its health!)</small><br></div><div class="spacer battle-history"><br></div><div class="battle-history"><small>The opposing Fidelis restored a little HP using its Leftovers!</small><br></div><div class="battle-history"><small>The opposing Fidelis was hurt by its burn!</small><br></div><div class="spacer battle-history"><br></div><h2 class="battle-history">Turn 10</h2><div class="spacer battle-history"><br></div><div class="battle-history">Spiritomb, come back!<br></div><div class="battle-history">Go! Zapdos (<strong>Zapdos-Galar</strong>)!<br></div><div class="spacer battle-history"><br></div><div class="battle-history">The opposing Fidelis used <strong>Roost</strong>!<br></div><div class="battle-history"><small>The opposing Fidelis had its HP restored.</small><br></div><div class="battle-history"><small>(The opposing Fidelis loses Flying type this turn.)</small><br></div><div class="spacer battle-history"><br></div><div class="battle-history"><small>The opposing Fidelis was hurt by its burn!</small><br></div><div class="spacer battle-history"><br></div><h2 class="battle-history">Turn 11</h2><div class="spacer battle-history"><br></div><div class="battle-history">BlaueBrause withdrew Fidelis!<br></div><div class="battle-history">BlaueBrause sent out Encore une fois! (<strong>Aegislash</strong>)!<br></div><div class="spacer battle-history"><br></div><div class="battle-history">Zapdos used <strong>Thunderous Kick</strong>!<br></div><div class="battle-history"><small>It doesn't affect the opposing Encore une fois!...</small><br></div><div class="spacer battle-history"><br></div><h2 class="battle-history">Turn 12</h2><div class="spacer battle-history"><br></div><div class="battle-history">Zapdos, come back!<br></div><div class="battle-history">Go! <strong>Nidoqueen</strong>!<br></div><div class="spacer battle-history"><br></div><div class="battle-history">The opposing Encore une fois! used <strong>Substitute</strong>!<br></div><div class="battle-history"><small>The opposing Encore une fois! put in a substitute!</small><br></div><div class="battle-history"><small>(The opposing Encore une fois! lost 25% of its health!)</small><br></div><div class="spacer battle-history"><br></div><div class="battle-history"><small>The opposing Encore une fois! restored a little HP using its Leftovers!</small><br></div><div class="spacer battle-history"><br></div><h2 class="battle-history">Turn 13</h2><div class="spacer battle-history"><br></div><div class="battle-history">The opposing Encore une fois! used <strong>King's Shield</strong>!<br></div><div class="battle-history"><small>The opposing Encore une fois! protected itself!</small><br></div><div class="spacer battle-history"><br></div><div class="battle-history">Nidoqueen used <strong>Earth Power</strong>!<br></div><div class="battle-history"><small>The opposing Encore une fois! protected itself!</small><br></div><div class="spacer battle-history"><br></div><div class="battle-history"><small>The opposing Encore une fois! restored a little HP using its Leftovers!</small><br></div><div class="spacer battle-history"><br></div><h2 class="battle-history">Turn 14</h2><div class="spacer battle-history"><br></div><div class="battle-history">Nidoqueen used <strong>Earth Power</strong>!<br></div><div class="battle-history"><small>It's super effective!</small><br></div><div class="battle-history"><small>The opposing Encore une fois!'s substitute faded!</small><br></div><div class="battle-history">[The opposing Encore une fois!'s Stance Change]<br>Changed to Blade Forme!<br></div><div class="spacer battle-history"><br></div><div class="battle-history">The opposing Encore une fois! used <strong>Shadow Ball</strong>!<br></div><div class="battle-history"><small>(Nidoqueen lost 28% of its health!)</small><br></div><div class="spacer battle-history"><br></div><div class="battle-history"><small>Nidoqueen restored a little HP using its Black Sludge!</small><br></div><div class="battle-history"><small>The opposing Encore une fois! restored a little HP using its Leftovers!</small><br></div><div class="spacer battle-history"><br></div><h2 class="battle-history">Turn 15</h2><div class="spacer battle-history"><br></div><div class="battle-history">BlaueBrause withdrew Encore une fois!!<br></div><div class="battle-history">BlaueBrause sent out F.E.'s Assistant (<strong>Swampert</strong>)!<br></div><div class="spacer battle-history"><br></div><div class="battle-history">Nidoqueen used <strong>Stealth Rock</strong>!<br></div><div class="battle-history"><small>Pointed stones float in the air around the opposing team!</small><br></div><div class="spacer battle-history"><br></div><div class="battle-history"><small>Nidoqueen restored a little HP using its Black Sludge!</small><br></div><div class="battle-history"><small>The opposing F.E.'s Assistant restored a little HP using its Leftovers!</small><br></div><div class="battle-history"><small>The opposing F.E.'s Assistant was hurt by its burn!</small><br></div><div class="spacer battle-history"><br></div><h2 class="battle-history">Turn 16</h2><div class="spacer battle-history"><br></div><div class="battle-history">Nidoqueen, come back!<br></div><div class="battle-history">Go! <strong>Tapu Lele</strong>!<br></div><div class="battle-history">[Tapu Lele's Psychic Surge]<br><small>The battlefield got weird!</small><br></div><div class="spacer battle-history"><br></div><div class="battle-history">The opposing F.E.'s Assistant used <strong>Stealth Rock</strong>!<br></div><div class="battle-history"><small>Pointed stones float in the air around your team!</small><br></div><div class="spacer battle-history"><br></div><div class="battle-history"><small>The opposing F.E.'s Assistant restored a little HP using its Leftovers!</small><br></div><div class="battle-history"><small>The opposing F.E.'s Assistant was hurt by its burn!</small><br></div><div class="spacer battle-history"><br></div><h2 class="battle-history">Turn 17</h2><div class="spacer battle-history"><br></div><div class="battle-history">The opposing F.E.'s Assistant used <strong>Protect</strong>!<br></div><div class="battle-history"><small>The opposing F.E.'s Assistant protected itself!</small><br></div><div class="spacer battle-history"><br></div><div class="battle-history">Tapu Lele used <strong>Psychic</strong>!<br></div><div class="battle-history"><small>The opposing F.E.'s Assistant protected itself!</small><br></div><div class="spacer battle-history"><br></div><div class="battle-history"><small>The opposing F.E.'s Assistant restored a little HP using its Leftovers!</small><br></div><div class="battle-history"><small>The opposing F.E.'s Assistant was hurt by its burn!</small><br></div><div class="spacer battle-history"><br></div><h2 class="battle-history">Turn 18</h2><div class="spacer battle-history"><br></div><div class="battle-history">Tapu Lele, come back!<br></div><div class="battle-history">Go! <strong>Corviknight</strong>!<br></div><div class="battle-history"><small>Pointed stones dug into Corviknight!</small><br></div><div class="battle-history">[Corviknight's Pressure]<br><small>Corviknight is exerting its pressure!</small><br></div><div class="spacer battle-history"><br></div><div class="battle-history">The opposing F.E.'s Assistant used <strong>Flip Turn</strong>!<br></div><div class="battle-history"><small>A critical hit!</small><br></div><div class="battle-history"><small>(Corviknight lost 10% of its health!)</small><br></div><div class="battle-history"><small>The opposing F.E.'s Assistant was hurt by the Rocky Helmet!</small><br></div><div class="spacer battle-history"><br></div><div class="battle-history">BlaueBrause withdrew F.E.'s Assistant!<br></div><div class="battle-history">BlaueBrause sent out Astaldo (<strong>Terrakion</strong>)!<br></div><div class="battle-history"><small>Pointed stones dug into the opposing Astaldo!</small><br></div><div class="spacer battle-history"><br></div><h2 class="battle-history">Turn 19</h2><div class="spacer battle-history"><br></div><div class="battle-history">Corviknight, come back!<br></div><div class="battle-history">Go! <strong>Nidoqueen</strong>!<br></div><div class="battle-history"><small>Pointed stones dug into Nidoqueen!</small><br></div><div class="spacer battle-history"><br></div><div class="battle-history">The opposing Astaldo used <strong>Swords Dance</strong>!<br></div><div class="battle-history"><small>The opposing Astaldo's Attack rose sharply!</small><br></div><div class="spacer battle-history"><br></div><div class="battle-history"><small>Nidoqueen restored a little HP using its Black Sludge!</small><br></div><div class="spacer battle-history"><br></div><h2 class="battle-history">Turn 20</h2><div class="spacer battle-history"><br></div><div class="battle-history"><small>The opposing Astaldo surrounded itself with its Z-Power!</small><br></div><div class="spacer battle-history"><br></div><div class="battle-history"><small>The opposing Astaldo unleashes its full-force Z-Move!</small><br>The opposing Astaldo used <strong>Continental Crush</strong>!<br></div><div class="battle-history"><small>It's not very effective...</small><br></div><div class="battle-history"><small>(Nidoqueen lost 85% of its health!)</small><br></div><div class="spacer battle-history"><br></div><div class="battle-history">Nidoqueen fainted!<br></div><div class="spacer battle-history"><br></div><div class="battle-history"><small>The weirdness disappeared from the battlefield!</small><br></div><div class="spacer battle-history"><br></div><div class="battle-history">Go! Zapdos (<strong>Zapdos-Galar</strong>)!<br></div><div class="battle-history"><small>Pointed stones dug into Zapdos!</small><br></div><div class="spacer battle-history"><br></div><h2 class="battle-history">Turn 21</h2><div class="spacer battle-history"><br></div><div class="battle-history">The opposing Astaldo used <strong>Protect</strong>!<br></div><div class="battle-history"><small>The opposing Astaldo protected itself!</small><br></div><div class="spacer battle-history"><br></div><div class="battle-history">Zapdos used <strong>U-turn</strong>!<br></div><div class="battle-history"><small>The opposing Astaldo protected itself!</small><br></div><div class="spacer battle-history"><br></div><h2 class="battle-history">Turn 22</h2><div class="spacer battle-history"><br></div><div class="battle-history">Zapdos used <strong>U-turn</strong>!<br></div><div class="battle-history"><small>It's not very effective...</small><br></div><div class="battle-history"><small>(The opposing Astaldo lost 13% of its health!)</small><br></div><div class="spacer battle-history"><br></div><div class="battle-history">Zapdos went back to exploziff!<br></div><div class="battle-history">Go! <strong>Toxapex</strong>!<br></div><div class="battle-history"><small>Pointed stones dug into Toxapex!</small><br></div><div class="spacer battle-history"><br></div><div class="battle-history">The opposing Astaldo used <strong>Stone Edge</strong>!<br></div><div class="battle-history"><small>(Toxapex lost 66% of its health!)</small><br></div><div class="spacer battle-history"><br></div><div class="battle-history"><small>Toxapex restored a little HP using its Black Sludge!</small><br></div><div class="spacer battle-history"><br></div><h2 class="battle-history">Turn 23</h2><div class="spacer battle-history"><br></div><div class="battle-history">Toxapex, come back!<br></div><div class="battle-history">Go! <strong>Corviknight</strong>!<br></div><div class="battle-history"><small>Pointed stones dug into Corviknight!</small><br></div><div class="battle-history">[Corviknight's Pressure]<br><small>Corviknight is exerting its pressure!</small><br></div><div class="spacer battle-history"><br></div><div class="battle-history">The opposing Astaldo used <strong>Stone Edge</strong>!<br></div><div class="battle-history"><small>(Corviknight lost 57% of its health!)</small><br></div><div class="spacer battle-history"><br></div><h2 class="battle-history">Turn 24</h2><div class="spacer battle-history"><br></div><div class="battle-history">The opposing Astaldo used <strong>Close Combat</strong>!<br></div><div class="battle-history"><small>(Corviknight lost 9% of its health!)</small><br></div><div class="battle-history"><small>The opposing Astaldo's Defense fell!</small><br></div><div class="battle-history"><small>The opposing Astaldo's Sp. Def fell!</small><br></div><div class="battle-history"><small>The opposing Astaldo was hurt by the Rocky Helmet!</small><br></div><div class="spacer battle-history"><br></div><div class="battle-history">Corviknight fainted!<br></div><div class="spacer battle-history"><br></div><div class="battle-history">Go! Zapdos (<strong>Zapdos-Galar</strong>)!<br></div><div class="battle-history"><small>Pointed stones dug into Zapdos!</small><br></div><div class="spacer battle-history"><br></div><h2 class="battle-history">Turn 25</h2><div class="spacer battle-history"><br></div><div class="battle-history">The opposing Astaldo used <strong>Protect</strong>!<br></div><div class="battle-history"><small>The opposing Astaldo protected itself!</small><br></div><div class="spacer battle-history"><br></div><div class="battle-history">Zapdos used <strong>Brave Bird</strong>!<br></div><div class="battle-history"><small>The opposing Astaldo protected itself!</small><br></div><div class="spacer battle-history"><br></div><h2 class="battle-history">Turn 26</h2><div class="spacer battle-history"><br></div><div class="battle-history">BlaueBrause withdrew Astaldo!<br></div><div class="battle-history">BlaueBrause sent out Encore une fois! (<strong>Aegislash</strong>)!<br></div><div class="battle-history"><small>Pointed stones dug into the opposing Encore une fois!!</small><br></div><div class="spacer battle-history"><br></div><div class="battle-history">Zapdos used <strong>Brave Bird</strong>!<br></div><div class="battle-history"><small>It's not very effective...</small><br></div><div class="battle-history"><small>(The opposing Encore une fois! lost 26% of its health!)</small><br></div><div class="battle-history"><small>Zapdos was damaged by the recoil!</small><br></div><div class="spacer battle-history"><br></div><div class="battle-history"><small>The opposing Encore une fois! restored a little HP using its Leftovers!</small><br></div><div class="spacer battle-history"><br></div><h2 class="battle-history">Turn 27</h2><div class="spacer battle-history"><br></div><div class="battle-history">Zapdos, come back!<br></div><div class="battle-history">Go! Spiritomb (<strong>Spiritomb-Mega</strong>)!<br></div><div class="battle-history"><small>Pointed stones dug into Spiritomb!</small><br></div><div class="battle-history">[The opposing Encore une fois!'s Stance Change]<br>Changed to Blade Forme!<br></div><div class="spacer battle-history"><br></div><div class="battle-history">The opposing Encore une fois! used <strong>Shadow Ball</strong>!<br></div><div class="battle-history"><small>(Spiritomb lost 24% of its health!)</small><br></div><div class="spacer battle-history"><br></div><div class="battle-history"><small>The opposing Encore une fois! restored a little HP using its Leftovers!</small><br></div><div class="spacer battle-history"><br></div><h2 class="battle-history">Turn 28</h2><div class="spacer battle-history"><br></div><div class="battle-history">The opposing Encore une fois! used <strong>Toxic</strong>!<br></div><div class="battle-history"><small>Spiritomb was badly poisoned!</small><br></div><div class="spacer battle-history"><br></div><div class="battle-history">Spiritomb used <strong>Will-O-Wisp</strong>!<br></div><div class="battle-history"><small>The opposing Encore une fois! was burned!</small><br></div><div class="spacer battle-history"><br></div><div class="battle-history"><small>The opposing Encore une fois! restored a little HP using its Leftovers!</small><br></div><div class="battle-history"><small>The opposing Encore une fois! was hurt by its burn!</small><br></div><div class="battle-history"><small>Spiritomb was hurt by poison!</small><br></div><div class="spacer battle-history"><br></div><h2 class="battle-history">Turn 29</h2><div class="spacer battle-history"><br></div><div class="battle-history">[The opposing Encore une fois!'s Stance Change]<br>Changed to Shield Forme!<br></div><div class="spacer battle-history"><br></div><div class="battle-history">The opposing Encore une fois! used <strong>King's Shield</strong>!<br></div><div class="battle-history"><small>The opposing Encore une fois! protected itself!</small><br></div><div class="spacer battle-history"><br></div><div class="battle-history">Spiritomb used <strong>Parting Shot</strong>!<br></div><div class="battle-history"><small>The opposing Encore une fois!'s Attack fell!</small><br></div><div class="battle-history"><small>The opposing Encore une fois!'s Sp. Atk fell!</small><br></div><div class="spacer battle-history"><br></div><div class="battle-history">Spiritomb, come back!<br></div><div class="battle-history">Go! <strong>Toxapex</strong>!<br></div><div class="battle-history"><small>Pointed stones dug into Toxapex!</small><br></div><div class="spacer battle-history"><br></div><div class="battle-history"><small>The opposing Encore une fois! restored a little HP using its Leftovers!</small><br></div><div class="battle-history"><small>Toxapex restored a little HP using its Black Sludge!</small><br></div><div class="battle-history"><small>The opposing Encore une fois! was hurt by its burn!</small><br></div><div class="spacer battle-history"><br></div><h2 class="battle-history">Turn 30</h2><div class="spacer battle-history"><br></div><div class="battle-history">BlaueBrause withdrew Encore une fois!!<br></div><div class="battle-history">BlaueBrause sent out Fidelis (<strong>Corviknight</strong>)!<br></div><div class="battle-history"><small>Pointed stones dug into the opposing Fidelis!</small><br></div><div class="battle-history">[The opposing Fidelis's Pressure]<br><small>The opposing Fidelis is exerting its pressure!</small><br></div><div class="spacer battle-history"><br></div><div class="battle-history">Toxapex used <strong>Toxic Spikes</strong>!<br></div><div class="battle-history"><small>Poison spikes were scattered on the ground all around the opposing team!</small><br></div><div class="spacer battle-history"><br></div><div class="battle-history"><small>The opposing Fidelis restored a little HP using its Leftovers!</small><br></div><div class="battle-history"><small>Toxapex restored a little HP using its Black Sludge!</small><br></div><div class="battle-history"><small>The opposing Fidelis was hurt by its burn!</small><br></div><div class="spacer battle-history"><br></div><h2 class="battle-history">Turn 31</h2><div class="spacer battle-history"><br></div><div class="battle-history">Toxapex, come back!<br></div><div class="battle-history">Go! <strong>Tapu Lele</strong>!<br></div><div class="battle-history"><small>Pointed stones dug into Tapu Lele!</small><br></div><div class="battle-history">[Tapu Lele's Psychic Surge]<br><small>The battlefield got weird!</small><br></div><div class="spacer battle-history"><br></div><div class="battle-history">The opposing Fidelis used <strong>Brave Bird</strong>!<br></div><div class="battle-history"><small>(Tapu Lele lost 30% of its health!)</small><br></div><div class="battle-history"><small>The opposing Fidelis was damaged by the recoil!</small><br></div><div class="spacer battle-history"><br></div><div class="battle-history"><small>The opposing Fidelis restored a little HP using its Leftovers!</small><br></div><div class="battle-history"><small>The opposing Fidelis was hurt by its burn!</small><br></div><div class="spacer battle-history"><br></div><h2 class="battle-history">Turn 32</h2><div class="spacer battle-history"><br></div><div class="battle-history">Tapu Lele used <strong>Thunderbolt</strong>!<br></div><div class="battle-history"><small>It's super effective!</small><br></div><div class="battle-history"><small>(The opposing Fidelis lost 75% of its health!)</small><br></div><div class="spacer battle-history"><br></div><div class="battle-history">The opposing Fidelis fainted!<br></div><div class="spacer battle-history"><br></div><div class="battle-history">BlaueBrause sent out Out of the Blue (<strong>Weavile</strong>)!<br></div><div class="battle-history"><small>The opposing Out of the Blue was poisoned!</small><br></div><div class="battle-history"><small>Pointed stones dug into the opposing Out of the Blue!</small><br></div><div class="battle-history">[The opposing Out of the Blue's Pressure]<br><small>The opposing Out of the Blue is exerting its pressure!</small><br></div><div class="spacer battle-history"><br></div><h2 class="battle-history">Turn 33</h2><div class="spacer battle-history"><br></div><div class="battle-history"><small>(Tapu Lele is being withdrawn...)</small><br></div><div class="spacer battle-history"><br></div><div class="battle-history">The opposing Out of the Blue used <strong>Pursuit</strong>!<br></div><div class="battle-history"><small>(Tapu Lele lost 58% of its health!)</small><br></div><div class="battle-history"><small>(A Pokemon can't switch between when it runs out of HP and when it faints)</small><br></div><div class="spacer battle-history"><br></div><div class="battle-history">Tapu Lele fainted!<br></div><div class="spacer battle-history"><br></div><div class="battle-history"><small>The opposing Out of the Blue was hurt by poison!</small><br></div><div class="spacer battle-history"><br></div><div class="battle-history">Go! <strong>Toxapex</strong>!<br></div><div class="battle-history"><small>Pointed stones dug into Toxapex!</small><br></div><div class="spacer battle-history"><br></div><h2 class="battle-history">Turn 34</h2><div class="spacer battle-history"><br></div><div class="battle-history">BlaueBrause withdrew Out of the Blue!<br></div><div class="battle-history">BlaueBrause sent out Primavera (<strong>Rillaboom</strong>)!<br></div><div class="battle-history"><small>Pointed stones dug into the opposing Primavera!</small><br></div><div class="battle-history"><small>The opposing Primavera was poisoned!</small><br></div><div class="battle-history">[The opposing Primavera's Grassy Surge]<br><small>Grass grew to cover the battlefield!</small><br></div><div class="spacer battle-history"><br></div><div class="battle-history">Toxapex used <strong>Scald</strong>!<br></div><div class="battle-history"><small>It's not very effective...</small><br></div><div class="battle-history"><small>(The opposing Primavera lost 11% of its health!)</small><br></div><div class="spacer battle-history"><br></div><div class="battle-history"><small>The opposing Primavera's HP was restored.</small><br></div><div class="battle-history"><small>Toxapex restored a little HP using its Black Sludge!</small><br></div><div class="battle-history"><small>Toxapex's HP was restored.</small><br></div><div class="battle-history"><small>The opposing Primavera was hurt by poison!</small><br></div><div class="spacer battle-history"><br></div><h2 class="battle-history">Turn 35</h2><div class="spacer battle-history"><br></div><div class="battle-history"><small>The opposing Primavera's Rillaboomite is reacting to the Key Stone!</small><br>The opposing Primavera has Mega Evolved into Mega Rillaboom!<br></div><div class="battle-history"><small>The grass disappeared from the battlefield.</small><br></div><div class="battle-history">[The opposing Primavera's Arena Rock]<br><small>Grass grew to cover the battlefield!</small><br></div><div class="chat"><ul class="utilichart"><li class="result"><span class="col pokemonnamecol" style="white-space: nowrap">Rillaboom-Mega</span> <span class="col typecol"><img src="https://play.pokemonshowdown.com/sprites/types/Grass.png" alt="Grass" height="14" width="32"></span> <span style="float: left ; min-height: 26px"><span class="col abilitycol">Arena Rock</span><span class="col abilitycol"></span></span><span style="float: left ; min-height: 26px"><span class="col statcol"><em>HP</em><br>100</span> <span class="col statcol"><em>Atk</em><br>165</span> <span class="col statcol"><em>Def</em><br>110</span> <span class="col statcol"><em>SpA</em><br>60</span> <span class="col statcol"><em>SpD</em><br>110</span> <span class="col statcol"><em>Spe</em><br>85</span> </span></li><li style="clear: both"></li></ul></div><div class="spacer battle-history"><br></div><div class="battle-history">The opposing Primavera used <strong>Swords Dance</strong>!<br></div><div class="battle-history"><small>The opposing Primavera's Attack rose sharply!</small><br></div><div class="spacer battle-history"><br></div><div class="battle-history">Toxapex used <strong>Haze</strong>!<br></div><div class="battle-history"><small>All stat changes were eliminated!</small><br></div><div class="spacer battle-history"><br></div><div class="battle-history"><small>The opposing Primavera's HP was restored.</small><br></div><div class="battle-history"><small>Toxapex restored a little HP using its Black Sludge!</small><br></div><div class="battle-history"><small>Toxapex's HP was restored.</small><br></div><div class="battle-history"><small>The opposing Primavera was hurt by poison!</small><br></div><div class="spacer battle-history"><br></div><h2 class="battle-history">Turn 36</h2><div class="spacer battle-history"><br></div><div class="battle-history">The opposing Primavera used <strong>Grassy Glide</strong>!<br></div><div class="battle-history"><small>(Toxapex lost 39% of its health!)</small><br></div><div class="spacer battle-history"><br></div><div class="battle-history">Toxapex used <strong>Haze</strong>!<br></div><div class="battle-history"><small>All stat changes were eliminated!</small><br></div><div class="spacer battle-history"><br></div><div class="battle-history"><small>The opposing Primavera's HP was restored.</small><br></div><div class="battle-history"><small>Toxapex restored a little HP using its Black Sludge!</small><br></div><div class="battle-history"><small>Toxapex's HP was restored.</small><br></div><div class="battle-history"><small>The opposing Primavera was hurt by poison!</small><br></div><div class="spacer battle-history"><br></div><h2 class="battle-history">Turn 37</h2><div class="spacer battle-history"><br></div><div class="battle-history">The opposing Primavera used <strong>Swords Dance</strong>!<br></div><div class="battle-history"><small>The opposing Primavera's Attack rose sharply!</small><br></div><div class="spacer battle-history"><br></div><div class="battle-history">Toxapex used <strong>Haze</strong>!<br></div><div class="battle-history"><small>All stat changes were eliminated!</small><br></div><div class="spacer battle-history"><br></div><div class="battle-history"><small>The opposing Primavera's HP was restored.</small><br></div><div class="battle-history"><small>Toxapex restored a little HP using its Black Sludge!</small><br></div><div class="battle-history"><small>Toxapex's HP was restored.</small><br></div><div class="battle-history"><small>The opposing Primavera was hurt by poison!</small><br></div><div class="spacer battle-history"><br></div><h2 class="battle-history">Turn 38</h2><div class="spacer battle-history"><br></div><div class="battle-history">The opposing Primavera used <strong>Grassy Glide</strong>!<br></div><div class="battle-history"><small>(Toxapex lost 43% of its health!)</small><br></div><div class="spacer battle-history"><br></div><div class="battle-history">Toxapex used <strong>Recover</strong>!<br></div><div class="battle-history"><small>Toxapex had its HP restored.</small><br></div><div class="spacer battle-history"><br></div><div class="battle-history"><small>The opposing Primavera's HP was restored.</small><br></div><div class="battle-history"><small>Toxapex restored a little HP using its Black Sludge!</small><br></div><div class="battle-history"><small>Toxapex's HP was restored.</small><br></div><div class="battle-history"><small>The opposing Primavera was hurt by poison!</small><br></div><div class="spacer battle-history"><br></div><h2 class="battle-history">Turn 39</h2><div class="spacer battle-history"><br></div><div class="battle-history"><small>The opposing Primavera's HP was restored.</small><br></div><div class="battle-history"><small>The grass disappeared from the battlefield.</small><br></div><div class="spacer battle-history"><br></div><div class="battle-history">BlaueBrause withdrew Primavera!<br></div><div class="battle-history">BlaueBrause sent out Out of the Blue (<strong>Weavile</strong>)!<br></div><div class="battle-history"><small>Pointed stones dug into the opposing Out of the Blue!</small><br></div><div class="battle-history">[The opposing Out of the Blue's Pressure]<br><small>The opposing Out of the Blue is exerting its pressure!</small><br></div><div class="spacer battle-history"><br></div><div class="battle-history">Toxapex used <strong>Scald</strong>!<br></div><div class="battle-history"><small>(The opposing Out of the Blue lost 25% of its health!)</small><br></div><div class="spacer battle-history"><br></div><div class="battle-history"><small>The opposing Out of the Blue was hurt by poison!</small><br></div><div class="spacer battle-history"><br></div><div class="battle-history">The opposing Out of the Blue fainted!<br></div><div class="spacer battle-history"><br></div><div class="battle-history">BlaueBrause sent out Encore une fois! (<strong>Aegislash</strong>)!<br></div><div class="battle-history"><small>Pointed stones dug into the opposing Encore une fois!!</small><br></div><div class="spacer battle-history"><br></div><h2 class="battle-history">Turn 40</h2><div class="spacer battle-history"><br></div><div class="battle-history">The opposing Encore une fois! used <strong>King's Shield</strong>!<br></div><div class="battle-history"><small>The opposing Encore une fois! protected itself!</small><br></div><div class="spacer battle-history"><br></div><div class="battle-history">Toxapex used <strong>Scald</strong>!<br></div><div class="battle-history"><small>The opposing Encore une fois! protected itself!</small><br></div><div class="spacer battle-history"><br></div><div class="battle-history"><small>The opposing Encore une fois! restored a little HP using its Leftovers!</small><br></div><div class="battle-history"><small>The opposing Encore une fois! was hurt by its burn!</small><br></div><div class="spacer battle-history"><br></div><h2 class="battle-history">Turn 41</h2><div class="spacer battle-history"><br></div><div class="battle-history">[The opposing Encore une fois!'s Stance Change]<br>Changed to Blade Forme!<br></div><div class="spacer battle-history"><br></div><div class="battle-history">The opposing Encore une fois! used <strong>Shadow Ball</strong>!<br></div><div class="battle-history"><small>(Toxapex lost 30% of its health!)</small><br></div><div class="spacer battle-history"><br></div><div class="battle-history">Toxapex used <strong>Scald</strong>!<br></div><div class="battle-history"><small>(The opposing Encore une fois! lost 20% of its health!)</small><br></div><div class="spacer battle-history"><br></div><div class="battle-history"><small>The opposing Encore une fois! restored a little HP using its Leftovers!</small><br></div><div class="battle-history"><small>Toxapex restored a little HP using its Black Sludge!</small><br></div><div class="battle-history"><small>The opposing Encore une fois! was hurt by its burn!</small><br></div><div class="spacer battle-history"><br></div><h2 class="battle-history">Turn 42</h2><div class="spacer battle-history"><br></div><div class="battle-history">The opposing Encore une fois! used <strong>Shadow Ball</strong>!<br></div><div class="battle-history"><small>(Toxapex lost 29% of its health!)</small><br></div><div class="spacer battle-history"><br></div><div class="battle-history">Toxapex used <strong>Toxic Spikes</strong>!<br></div><div class="battle-history"><small>Poison spikes were scattered on the ground all around the opposing team!</small><br></div><div class="spacer battle-history"><br></div><div class="battle-history"><small>The opposing Encore une fois! restored a little HP using its Leftovers!</small><br></div><div class="battle-history"><small>Toxapex restored a little HP using its Black Sludge!</small><br></div><div class="battle-history"><small>The opposing Encore une fois! was hurt by its burn!</small><br></div><div class="spacer battle-history"><br></div><h2 class="battle-history">Turn 43</h2><div class="spacer battle-history"><br></div><div class="battle-history">The opposing Encore une fois! used <strong>Shadow Ball</strong>!<br></div><div class="battle-history"><small>(Toxapex lost 28% of its health!)</small><br></div><div class="spacer battle-history"><br></div><div class="battle-history">Toxapex used <strong>Scald</strong>!<br></div><div class="battle-history"><small>(The opposing Encore une fois! lost 18% of its health!)</small><br></div><div class="spacer battle-history"><br></div><div class="battle-history"><small>The opposing Encore une fois! restored a little HP using its Leftovers!</small><br></div><div class="battle-history"><small>Toxapex restored a little HP using its Black Sludge!</small><br></div><div class="battle-history"><small>The opposing Encore une fois! was hurt by its burn!</small><br></div><div class="spacer battle-history"><br></div><h2 class="battle-history">Turn 44</h2><div class="spacer battle-history"><br></div><div class="battle-history">The opposing Encore une fois! used <strong>Shadow Ball</strong>!<br></div><div class="battle-history"><small>(Toxapex lost 27% of its health!)</small><br></div><div class="spacer battle-history"><br></div><div class="battle-history">Toxapex used <strong>Recover</strong>!<br></div><div class="battle-history"><small>Toxapex had its HP restored.</small><br></div><div class="spacer battle-history"><br></div><div class="battle-history"><small>The opposing Encore une fois! restored a little HP using its Leftovers!</small><br></div><div class="battle-history"><small>Toxapex restored a little HP using its Black Sludge!</small><br></div><div class="battle-history"><small>The opposing Encore une fois! was hurt by its burn!</small><br></div><div class="spacer battle-history"><br></div><h2 class="battle-history">Turn 45</h2><div class="spacer battle-history"><br></div><div class="battle-history">The opposing Encore une fois! used <strong>Shadow Ball</strong>!<br></div><div class="battle-history"><small>(Toxapex lost 27% of its health!)</small><br></div><div class="spacer battle-history"><br></div><div class="battle-history">Toxapex used <strong>Recover</strong>!<br></div><div class="battle-history"><small>Toxapex had its HP restored.</small><br></div><div class="spacer battle-history"><br></div><div class="battle-history"><small>The opposing Encore une fois! restored a little HP using its Leftovers!</small><br></div><div class="battle-history"><small>Toxapex restored a little HP using its Black Sludge!</small><br></div><div class="battle-history"><small>The opposing Encore une fois! was hurt by its burn!</small><br></div><div class="spacer battle-history"><br></div><h2 class="battle-history">Turn 46</h2><div class="spacer battle-history"><br></div><div class="battle-history">The opposing Encore une fois! used <strong>Shadow Ball</strong>!<br></div><div class="battle-history"><small>(Toxapex lost 30% of its health!)</small><br></div><div class="spacer battle-history"><br></div><div class="battle-history">Toxapex used <strong>Scald</strong>!<br></div><div class="battle-history"><small>(The opposing Encore une fois! lost 18% of its health!)</small><br></div><div class="spacer battle-history"><br></div><div class="battle-history"><small>The opposing Encore une fois! restored a little HP using its Leftovers!</small><br></div><div class="battle-history"><small>Toxapex restored a little HP using its Black Sludge!</small><br></div><div class="battle-history"><small>The opposing Encore une fois! was hurt by its burn!</small><br></div><div class="spacer battle-history"><br></div><h2 class="battle-history">Turn 47</h2><div class="spacer battle-history"><br></div><div class="battle-history">The opposing Encore une fois! used <strong>Shadow Ball</strong>!<br></div><div class="battle-history"><small>(Toxapex lost 29% of its health!)</small><br></div><div class="spacer battle-history"><br></div><div class="battle-history">Toxapex used <strong>Recover</strong>!<br></div><div class="battle-history"><small>Toxapex had its HP restored.</small><br></div><div class="spacer battle-history"><br></div><div class="battle-history"><small>The opposing Encore une fois! restored a little HP using its Leftovers!</small><br></div><div class="battle-history"><small>Toxapex restored a little HP using its Black Sludge!</small><br></div><div class="battle-history"><small>The opposing Encore une fois! was hurt by its burn!</small><br></div><div class="spacer battle-history"><br></div><h2 class="battle-history">Turn 48</h2><div class="spacer battle-history"><br></div><div class="battle-history">The opposing Encore une fois! used <strong>Shadow Ball</strong>!<br></div><div class="battle-history"><small>(Toxapex lost 28% of its health!)</small><br></div><div class="spacer battle-history"><br></div><div class="battle-history">Toxapex used <strong>Scald</strong>!<br></div><div class="battle-history"><small>(The opposing Encore une fois! lost 12% of its health!)</small><br></div><div class="spacer battle-history"><br></div><div class="battle-history">The opposing Encore une fois! fainted!<br></div><div class="spacer battle-history"><br></div><div class="battle-history"><small>Toxapex restored a little HP using its Black Sludge!</small><br></div><div class="spacer battle-history"><br></div><div class="battle-history">BlaueBrause sent out Astaldo (<strong>Terrakion</strong>)!<br></div><div class="battle-history"><small>Pointed stones dug into the opposing Astaldo!</small><br></div><div class="battle-history"><small>The opposing Astaldo was badly poisoned!</small><br></div><div class="spacer battle-history"><br></div><h2 class="battle-history">Turn 49</h2><div class="spacer battle-history"><br></div><div class="battle-history">The opposing Astaldo used <strong>Stone Edge</strong>!<br></div><div class="battle-history"><small>A critical hit!</small><br></div><div class="battle-history"><small>(Toxapex lost 46% of its health!)</small><br></div><div class="spacer battle-history"><br></div><div class="battle-history">Toxapex used <strong>Scald</strong>!<br></div><div class="battle-history"><small>It's super effective!</small><br></div><div class="battle-history"><small>(The opposing Astaldo lost 35% of its health!)</small><br></div><div class="spacer battle-history"><br></div><div class="battle-history"><small>Toxapex restored a little HP using its Black Sludge!</small><br></div><div class="battle-history"><small>The opposing Astaldo was hurt by poison!</small><br></div><div class="spacer battle-history"><br></div><h2 class="battle-history">Turn 50</h2><div class="spacer battle-history"><br></div><div class="battle-history">BlaueBrause withdrew Astaldo!<br></div><div class="battle-history">BlaueBrause sent out Primavera (<strong>Rillaboom-Mega</strong>)!<br></div><div class="battle-history"><small>Pointed stones dug into the opposing Primavera!</small><br></div><div class="battle-history">[The opposing Primavera's Arena Rock]<br><small>Grass grew to cover the battlefield!</small><br></div><div class="spacer battle-history"><br></div><div class="battle-history">Toxapex, come back!<br></div><div class="battle-history">Go! Spiritomb (<strong>Spiritomb-Mega</strong>)!<br></div><div class="battle-history"><small>Pointed stones dug into Spiritomb!</small><br></div><div class="spacer battle-history"><br></div><div class="battle-history"><small>The opposing Primavera's HP was restored.</small><br></div><div class="battle-history"><small>Spiritomb's HP was restored.</small><br></div><div class="battle-history"><small>The opposing Primavera was hurt by poison!</small><br></div><div class="battle-history"><small>Spiritomb was hurt by poison!</small><br></div><div class="spacer battle-history"><br></div><h2 class="battle-history">Turn 51</h2><div class="spacer battle-history"><br></div><div class="battle-history">The opposing Primavera used <strong>Grassy Glide</strong>!<br></div><div class="battle-history"><small>(Spiritomb lost 50% of its health!)</small><br></div><div class="spacer battle-history"><br></div><div class="battle-history">Spiritomb used <strong>Burning Jealousy</strong>!<br></div><div class="battle-history"><small>It's super effective!</small><br></div><div class="battle-history"><small>(The opposing Primavera lost 34% of its health!)</small><br></div><div class="spacer battle-history"><br></div><div class="battle-history">The opposing Primavera fainted!<br></div><div class="battle-history"><small>Spiritomb's HP was restored.</small><br></div><div class="battle-history"><small>The grass disappeared from the battlefield.</small><br></div><div class="spacer battle-history"><br></div><div class="battle-history"><small>Spiritomb was hurt by poison!</small><br></div><div class="spacer battle-history"><br></div><div class="battle-history">BlaueBrause sent out Astaldo (<strong>Terrakion</strong>)!<br></div><div class="battle-history"><small>Pointed stones dug into the opposing Astaldo!</small><br></div><div class="spacer battle-history"><br></div><h2 class="battle-history">Turn 52</h2><div class="spacer battle-history"><br></div><div class="battle-history">The opposing Astaldo used <strong>Stone Edge</strong>!<br></div><div class="battle-history"><small>(Spiritomb lost 23% of its health!)</small><br></div><div class="spacer battle-history"><br></div><div class="battle-history">Spiritomb fainted!<br></div><div class="spacer battle-history"><br></div><div class="battle-history"><small>The opposing Astaldo was hurt by poison!</small><br></div><div class="spacer battle-history"><br></div><div class="battle-history">Go! Zapdos (<strong>Zapdos-Galar</strong>)!<br></div><div class="battle-history"><small>Pointed stones dug into Zapdos!</small><br></div><div class="spacer battle-history"><br></div><h2 class="battle-history">Turn 53</h2><div class="spacer battle-history"><br></div><div class="battle-history">Zapdos used <strong>Brave Bird</strong>!<br></div><div class="battle-history"><small>(The opposing Astaldo lost 4% of its health!)</small><br></div><div class="battle-history"><small>Zapdos was damaged by the recoil!</small><br></div><div class="spacer battle-history"><br></div><div class="battle-history">The opposing Astaldo fainted!<br></div><div class="chat chatmessage-blauebrause"><strong style="color:#6b66e4"><small>☆</small><span class="username" data-name="BlaueBrause">BlaueBrause</span>:</strong> <em>gg</em></div><div class="spacer battle-history"><br></div><div class="battle-history">BlaueBrause sent out F.E.'s Assistant (<strong>Swampert</strong>)!<br></div><div class="battle-history"><small>Pointed stones dug into the opposing F.E.'s Assistant!</small><br></div><div class="spacer battle-history"><br></div><h2 class="battle-history">Turn 54</h2><div class="chat chatmessage-exploziff"><strong style="color:#70a52f"><small>☆</small><span class="username" data-name="exploziff">exploziff</span>:</strong> <em>gg</em></div><div class="spacer battle-history"><br></div><div class="battle-history">Zapdos used <strong>Brave Bird</strong>!<br></div><div class="battle-history"><small>(The opposing F.E.'s Assistant lost 61% of its health!)</small><br></div><div class="battle-history"><small>Zapdos was damaged by the recoil!</small><br></div><div class="spacer battle-history"><br></div><div class="battle-history">The opposing F.E.'s Assistant used <strong>Flip Turn</strong>!<br></div><div class="battle-history"><small>(Zapdos lost 13% of its health!)</small><br></div><div class="spacer battle-history"><br></div><div class="battle-history"><small>The opposing F.E.'s Assistant restored a little HP using its Leftovers!</small><br></div><div class="battle-history"><small>The opposing F.E.'s Assistant was hurt by its burn!</small><br></div><div class="spacer battle-history"><br></div><h2 class="battle-history">Turn 55</h2><div class="spacer battle-history"><br></div><div class="battle-history">Zapdos used <strong>Brave Bird</strong>!<br></div><div class="battle-history"><small>(The opposing F.E.'s Assistant lost 11% of its health!)</small><br></div><div class="battle-history"><small>Zapdos was damaged by the recoil!</small><br></div><div class="spacer battle-history"><br></div><div class="battle-history">The opposing F.E.'s Assistant fainted!<br></div><div class="spacer battle-history"><br></div><div class="battle-history"><strong>exploziff</strong> won the battle!<br></div><div class="chat"><small></small></div><div class="chat chatmessage-exploziff"><strong style="color:#70a52f"><small>☆</small><span class="username" data-name="exploziff">exploziff</span>:</strong> <em>i really though i wasn't gonna win this one</em></div><div class="chat"><small> Woopersons 42 left</small></div><div class="chat chatmessage-blauebrause"><strong style="color:#6b66e4"><small>☆</small><span class="username" data-name="BlaueBrause">BlaueBrause</span>:</strong> <em>as i said, you never know!</em></div><div class="chat chatmessage-blauebrause"><strong style="color:#6b66e4"><small>☆</small><span class="username" data-name="BlaueBrause">BlaueBrause</span>:</strong> <em>have more trust in you!</em></div></div><div class="inner-preempt message-log"></div></div></div>
</div>
<script>
let daily = Math.floor(Date.now()/1000/60/60/24);document.write('<script src="https://dragonheaven.herokuapp.com/js/replay-embed.js?version'+daily+'"></'+'script>');
</script>
