<!DOCTYPE html>
<meta charset="utf-8" />
<!-- version 1 -->
<title>[Gen 8] Megas for All replay: TheUltraFinder vs. aausma</title>
<style>
html,body {font-family:Verdana, sans-serif;font-size:10pt;margin:0;padding:0;}body{padding:12px 0;} .battle-log {font-family:Verdana, sans-serif;font-size:10pt;} .battle-log-inline {border:1px solid #AAAAAA;background:#EEF2F5;color:black;max-width:640px;margin:0 auto 80px;padding-bottom:5px;} .battle-log .inner {padding:4px 8px 0px 8px;} .battle-log .inner-preempt {padding:0 8px 4px 8px;} .battle-log .inner-after {margin-top:0.5em;} .battle-log h2 {margin:0.5em -8px;padding:4px 8px;border:1px solid #AAAAAA;background:#E0E7EA;border-left:0;border-right:0;font-family:Verdana, sans-serif;font-size:13pt;} .battle-log .chat {vertical-align:middle;padding:3px 0 3px 0;font-size:8pt;} .battle-log .chat strong {color:#40576A;} .battle-log .chat em {padding:1px 4px 1px 3px;color:#000000;font-style:normal;} .chat.mine {background:rgba(0,0,0,0.05);margin-left:-8px;margin-right:-8px;padding-left:8px;padding-right:8px;} .spoiler {color:#BBBBBB;background:#BBBBBB;padding:0px 3px;} .spoiler:hover, .spoiler:active, .spoiler-shown {color:#000000;background:#E2E2E2;padding:0px 3px;} .spoiler a {color:#BBBBBB;} .spoiler:hover a, .spoiler:active a, .spoiler-shown a {color:#2288CC;} .chat code, .chat .spoiler:hover code, .chat .spoiler:active code, .chat .spoiler-shown code {border:1px solid #C0C0C0;background:#EEEEEE;color:black;padding:0 2px;} .chat .spoiler code {border:1px solid #CCCCCC;background:#CCCCCC;color:#CCCCCC;} .battle-log .rated {padding:3px 4px;} .battle-log .rated strong {color:white;background:#89A;padding:1px 4px;border-radius:4px;} .spacer {margin-top:0.5em;} .message-announce {background:#6688AA;color:white;padding:1px 4px 2px;} .message-announce a, .broadcast-green a, .broadcast-blue a, .broadcast-red a {color:#DDEEFF;} .broadcast-green {background-color:#559955;color:white;padding:2px 4px;} .broadcast-blue {background-color:#6688AA;color:white;padding:2px 4px;} .infobox {border:1px solid #6688AA;padding:2px 4px;} .infobox-limited {max-height:200px;overflow:auto;overflow-x:hidden;} .broadcast-red {background-color:#AA5544;color:white;padding:2px 4px;} .message-learn-canlearn {font-weight:bold;color:#228822;text-decoration:underline;} .message-learn-cannotlearn {font-weight:bold;color:#CC2222;text-decoration:underline;} .message-effect-weak {font-weight:bold;color:#CC2222;} .message-effect-resist {font-weight:bold;color:#6688AA;} .message-effect-immune {font-weight:bold;color:#666666;} .message-learn-list {margin-top:0;margin-bottom:0;} .message-throttle-notice, .message-error {color:#992222;} .message-overflow, .chat small.message-overflow {font-size:0pt;} .message-overflow::before {font-size:9pt;content:'...';} .subtle {color:#3A4A66;}
</style>
<div class="wrapper replay-wrapper" style="max-width:1180px;margin:0 auto">
<input type="hidden" name="replayid" value="dragonheaven-gen8megasforall-313" />
<div class="battle"></div><div class="battle-log"></div><div class="replay-controls"></div><div class="replay-controls-2"></div>
<h1 style="font-weight:normal;text-align:center"><strong>[Gen 8] Megas for All</strong><br /><a href="http://pokemonshowdown.com/users/theultrafinder" class="subtle" target="_blank">TheUltraFinder</a> vs. <a href="http://pokemonshowdown.com/users/aausma" class="subtle" target="_blank">aausma</a></h1>
<script type="text/plain" class="battle-log-data">|j|☆TheUltraFinder
|j|☆aausma

|t:|1607810753
|player|p1|TheUltraFinder|1|
|player|p2|aausma|bianca-pwt|
|teamsize|p1|6
|teamsize|p2|6
|gametype|singles
|gen|8
|tier|[Gen 8] Megas for All
|clearpoke
|poke|p1|Feraligatr, M|
|poke|p1|Cinderace, F|
|poke|p1|Ferrothorn, M|
|poke|p1|Ditto|
|poke|p1|Swoobat, F|
|poke|p1|Duraludon, F|
|poke|p2|Eelektross, M|
|poke|p2|Tapu Fini|
|poke|p2|Volcarona, M|
|poke|p2|Landorus-Therian, M|
|poke|p2|Kartana|
|poke|p2|Terrakion|
|rule|HP Percentage Mod: HP is shown in percentages
|rule|Endless Battle Clause: Forcing endless battles is banned
|rule|OHKO Clause: OHKO moves are banned
|rule|Evasion Moves Clause: Evasion moves are banned
|rule|Species Clause: Limit one of each Pokémon
|rule|Dynamax Clause: You cannot dynamax
|rule|Sleep Clause Mod: Limit one foe put to sleep
|rule|Freeze Clause Mod: Limit one foe frozen
|teampreview
|
|t:|1607810766
|start
|switch|p1a: Duraludon|Duraludon, F|100\/100
|switch|p2a: CAMO EEL|Eelektross, M|374\/374
|turn|1
|j| BlaueBrause
|
|t:|1607810788
|detailschange|p2a: CAMO EEL|Eelektross-Mega, M
|-mega|p2a: CAMO EEL|Eelektross|Eelektrossite
|-ability|p2a: CAMO EEL|Luster Swap
|-message|CAMO EEL can't hit Duraludon super effectively!
|raw|<ul class="utilichart"><li class="result"><span class="col numcol">PU<\/span> <span class="col pokemonnamecol" style="white-space: nowrap">Eelektross-Mega<\/span> <span class="col typecol"><img src="https:\/\/play.pokemonshowdown.com\/sprites\/types\/Electric.png" alt="Electric" height="14" width="32"><\/span> <span style="float: left ; min-height: 26px"><span class="col abilitycol">Luster Swap<\/span><span class="col abilitycol"><\/span><\/span><span style="float: left ; min-height: 26px"><span class="col statcol"><em>HP<\/em><br>85<\/span> <span class="col statcol"><em>Atk<\/em><br>125<\/span> <span class="col statcol"><em>Def<\/em><br>100<\/span> <span class="col statcol"><em>SpA<\/em><br>125<\/span> <span class="col statcol"><em>SpD<\/em><br>100<\/span> <span class="col statcol"><em>Spe<\/em><br>80<\/span> <\/span><\/li><li style="clear: both"><\/li><\/ul>
|move|p1a: Duraludon|Light Screen|p1a: Duraludon
|-sidestart|p1: TheUltraFinder|move: Light Screen
|move|p2a: CAMO EEL|Knock Off|p1a: Duraludon
|-damage|p1a: Duraludon|77\/100
|-enditem|p1a: Duraludon|Light Clay|[from] move: Knock Off|[of] p2a: CAMO EEL
|
|upkeep
|turn|2
|
|t:|1607810796
|move|p1a: Duraludon|Reflect|p1a: Duraludon
|-sidestart|p1: TheUltraFinder|Reflect
|move|p2a: CAMO EEL|U-turn|p1a: Duraludon
|-resisted|p1a: Duraludon
|-damage|p1a: Duraludon|73\/100
|
|t:|1607810812
|switch|p2a: Kartana|Kartana|259\/259
|
|upkeep
|turn|3
|j| Hematemesis
|
|t:|1607810820
|move|p2a: Kartana|Defog|p1a: Duraludon
|-unboost|p1a: Duraludon|evasion|1
|-sideend|p1: TheUltraFinder|Reflect
|-sideend|p1: TheUltraFinder|move: Light Screen
|move|p1a: Duraludon|Substitute|p1a: Duraludon
|-start|p1a: Duraludon|Substitute
|-damage|p1a: Duraludon|48\/100
|
|upkeep
|turn|4
|c| Hematemesis|No I had a team to pass rip
|
|t:|1607810829
|switch|p2a: Tapu Fini|Tapu Fini|344\/344
|-fieldstart|move: Misty Terrain|[from] ability: Misty Surge|[of] p2a: Tapu Fini
|move|p1a: Duraludon|Flash Cannon|p2a: Tapu Fini
|-damage|p2a: Tapu Fini|250\/344
|
|-heal|p2a: Tapu Fini|271\/344|[from] item: Leftovers
|upkeep
|turn|5
|
|t:|1607810844
|move|p1a: Duraludon|Flash Cannon|p2a: Tapu Fini
|-damage|p2a: Tapu Fini|177\/344
|move|p2a: Tapu Fini|Moonblast|p1a: Duraludon
|-end|p1a: Duraludon|Substitute
|
|-heal|p2a: Tapu Fini|198\/344|[from] item: Leftovers
|upkeep
|turn|6
|
|t:|1607810851
|move|p1a: Duraludon|Flash Cannon|p2a: Tapu Fini
|-damage|p2a: Tapu Fini|107\/344
|-unboost|p2a: Tapu Fini|spd|1
|move|p2a: Tapu Fini|Moonblast|p1a: Duraludon
|-damage|p1a: Duraludon|0 fnt
|faint|p1a: Duraludon
|
|-heal|p2a: Tapu Fini|128\/344|[from] item: Leftovers
|upkeep
|
|t:|1607810865
|switch|p1a: Spikey Mikey|Ferrothorn, M|100\/100
|turn|7
|
|t:|1607810868
|move|p2a: Tapu Fini|Taunt|p1a: Spikey Mikey
|-start|p1a: Spikey Mikey|move: Taunt
|cant|p1a: Spikey Mikey|move: Taunt|Leech Seed
|
|-heal|p2a: Tapu Fini|149\/344|[from] item: Leftovers
|upkeep
|turn|8
|
|t:|1607810884
|switch|p1a: Swoobat|Swoobat, F|100\/100
|move|p2a: Tapu Fini|Nature's Madness|p1a: Swoobat|[miss]
|-miss|p2a: Tapu Fini|p1a: Swoobat
|
|-heal|p2a: Tapu Fini|170\/344|[from] item: Leftovers
|-fieldend|Misty Terrain
|upkeep
|turn|9
|
|t:|1607810896
|switch|p2a: Kartana|Kartana|259\/259
|move|p1a: Swoobat|Calm Mind|p1a: Swoobat
|-boost|p1a: Swoobat|spa|2
|-boost|p1a: Swoobat|spd|2
|
|upkeep
|turn|10
|
|t:|1607810920
|move|p2a: Kartana|Knock Off|p1a: Swoobat
|-supereffective|p1a: Swoobat
|-damage|p1a: Swoobat|0 fnt
|-enditem|p1a: Swoobat|Expert Belt|[from] move: Knock Off|[of] p2a: Kartana
|faint|p1a: Swoobat
|-ability|p2a: Kartana|Beast Boost|boost
|-boost|p2a: Kartana|atk|1
|
|upkeep
|
|t:|1607810944
|switch|p1a: Goh Away|Cinderace, F|100\/100
|turn|11
|
|t:|1607810948
|switch|p2a: Landorus|Landorus-Therian, M|382\/382
|-ability|p2a: Landorus|Intimidate|boost
|-unboost|p1a: Goh Away|atk|1
|move|p1a: Goh Away|Pyro Ball|p2a: Landorus|[miss]
|-miss|p1a: Goh Away|p2a: Landorus
|
|upkeep
|turn|12
|
|t:|1607810970
|move|p1a: Goh Away|Quick Attack|p2a: Landorus
|-start|p1a: Goh Away|typechange|Normal|[from] ability: Libero
|-damage|p2a: Landorus|343\/382
|-damage|p1a: Goh Away|84\/100|[from] item: Rocky Helmet|[of] p2a: Landorus
|move|p2a: Landorus|U-turn|p1a: Goh Away
|-damage|p1a: Goh Away|50\/100
|
|t:|1607810991
|switch|p2a: Kartana|Kartana|259\/259
|
|upkeep
|turn|13
|
|t:|1607811001
|move|p2a: Kartana|Knock Off|p1a: Goh Away
|-damage|p1a: Goh Away|0 fnt
|-enditem|p1a: Goh Away|Expert Belt|[from] move: Knock Off|[of] p2a: Kartana
|faint|p1a: Goh Away
|-ability|p2a: Kartana|Beast Boost|boost
|-boost|p2a: Kartana|atk|1
|
|upkeep
|
|t:|1607811007
|switch|p1a: Polus|Ditto|100\/100
|-transform|p1a: Polus|p2a: Kartana|[from] ability: Imposter
|turn|14
|
|t:|1607811028
|move|p2a: Kartana|Knock Off|p1a: Polus
|-damage|p1a: Polus|38\/100
|-enditem|p1a: Polus|Leftovers|[from] move: Knock Off|[of] p2a: Kartana
|move|p1a: Polus|Knock Off|p2a: Kartana
|-damage|p2a: Kartana|87\/259
|-enditem|p2a: Kartana|Choice Scarf|[from] move: Knock Off|[of] p1a: Polus
|
|upkeep
|turn|15
|
|t:|1607811035
|move|p2a: Kartana|Knock Off|p1a: Polus
|-damage|p1a: Polus|0 fnt
|faint|p1a: Polus
|-ability|p2a: Kartana|Beast Boost|boost
|-boost|p2a: Kartana|atk|1
|
|upkeep
|
|t:|1607811043
|switch|p1a: Nom|Feraligatr, M|100\/100
|turn|16
|
|t:|1607811047
|detailschange|p1a: Nom|Feraligatr-Mega, M
|-mega|p1a: Nom|Feraligatr|Feraligatrite
|raw|<ul class="utilichart"><li class="result"><span class="col numcol">UU<\/span> <span class="col pokemonnamecol" style="white-space: nowrap">Feraligatr-Mega<\/span> <span class="col typecol"><img src="https:\/\/play.pokemonshowdown.com\/sprites\/types\/Water.png" alt="Water" height="14" width="32"><img src="https:\/\/play.pokemonshowdown.com\/sprites\/types\/Dark.png" alt="Dark" height="14" width="32"><\/span> <span style="float: left ; min-height: 26px"><span class="col abilitycol">Savage<\/span><span class="col abilitycol"><\/span><\/span><span style="float: left ; min-height: 26px"><span class="col statcol"><em>HP<\/em><br>85<\/span> <span class="col statcol"><em>Atk<\/em><br>145<\/span> <span class="col statcol"><em>Def<\/em><br>80<\/span> <span class="col statcol"><em>SpA<\/em><br>134<\/span> <span class="col statcol"><em>SpD<\/em><br>103<\/span> <span class="col statcol"><em>Spe<\/em><br>83<\/span> <\/span><\/li><li style="clear: both"><\/li><\/ul>
|move|p2a: Kartana|Leaf Blade|p1a: Nom
|-supereffective|p1a: Nom
|-damage|p1a: Nom|0 fnt
|faint|p1a: Nom
|-ability|p2a: Kartana|Beast Boost|boost
|-boost|p2a: Kartana|atk|1
|
|upkeep
|
|t:|1607811056
|switch|p1a: Spikey Mikey|Ferrothorn, M|100\/100
|turn|17
|
|t:|1607811059
|move|p2a: Kartana|Knock Off|p1a: Spikey Mikey
|-damage|p1a: Spikey Mikey|42\/100
|-damage|p2a: Kartana|55\/259|[from] ability: Iron Barbs|[of] p1a: Spikey Mikey
|-damage|p2a: Kartana|12\/259|[from] item: Rocky Helmet|[of] p1a: Spikey Mikey
|-enditem|p1a: Spikey Mikey|Rocky Helmet|[from] move: Knock Off|[of] p2a: Kartana
|move|p1a: Spikey Mikey|Stealth Rock|p2a: Kartana
|-sidestart|p2: aausma|move: Stealth Rock
|
|upkeep
|turn|18
|
|t:|1607811068
|switch|p2a: Volcarona|Volcarona, M|311\/311
|move|p1a: Spikey Mikey|Explosion|p2a: Volcarona
|-damage|p2a: Volcarona|27\/311
|faint|p1a: Spikey Mikey
|
|win|aausma
|c|☆aausma|damn
|c|☆TheUltraFinder|gg
|c|☆aausma|that's a statement to make
|c|☆aausma|gg
|c|☆TheUltraFinder|gl</script>
</div>
<div class="battle-log battle-log-inline"><div class="inner"><div class="battle-options"><div style="padding-top: 3px; padding-right: 3px; text-align: right"><button class="icon button" name="openBattleOptions" title="Options">Battle Options</button></div></div><div class="inner message-log"><div class="chat"><small>☆TheUltraFinder and ☆aausma joined</small></div><div class=""><small>Format:</small> <br><strong>[Gen 8] Megas for All</strong></div><div class=""><small><em>HP Percentage Mod:</em> HP is shown in percentages</small></div><div class=""><small><em>Endless Battle Clause:</em> Forcing endless battles is banned</small></div><div class=""><small><em>OHKO Clause:</em> OHKO moves are banned</small></div><div class=""><small><em>Evasion Moves Clause:</em> Evasion moves are banned</small></div><div class=""><small><em>Species Clause:</em> Limit one of each Pokémon</small></div><div class=""><small><em>Dynamax Clause:</em> You cannot dynamax</small></div><div class=""><small><em>Sleep Clause Mod:</em> Limit one foe put to sleep</small></div><div class=""><small><em>Freeze Clause Mod:</em> Limit one foe frozen</small></div><div class="chat battle-history"><strong>TheUltraFinder's team:</strong> <em style="color:#445566;display:block;">Feraligatr / Cinderace / Ferrothorn / Ditto / Swoobat / Duraludon</em></div><div class="chat battle-history"><strong>aausma's team:</strong> <em style="color:#445566;display:block;">Eelektross / Tapu Fini / Volcarona / Landorus-Therian / Kartana / Terrakion</em></div><div class="spacer battle-history"><br></div><div class="battle-history">Battle started between TheUltraFinder and aausma!<br></div><div class="spacer battle-history"><br></div><div class="battle-history">TheUltraFinder sent out <strong>Duraludon</strong>!<br></div><div class="spacer battle-history"><br></div><div class="battle-history">Go! CAMO EEL (<strong>Eelektross</strong>)!<br></div><div class="spacer battle-history"><br></div><h2 class="battle-history">Turn 1</h2><div class="chat"><small> BlaueBrause joined</small></div><div class="spacer battle-history"><br></div><div class="battle-history"><small>CAMO EEL's Eelektrossite is reacting to the Key Stone!</small><br>CAMO EEL has Mega Evolved into Mega Eelektross!<br></div><div class="battle-history">[CAMO EEL's Luster Swap]<br></div><div class="battle-history"><small>CAMO EEL can't hit Duraludon super effectively!</small><br></div><div class="chat"><ul class="utilichart"><li class="result"><span class="col numcol">PU</span> <span class="col pokemonnamecol" style="white-space: nowrap">Eelektross-Mega</span> <span class="col typecol"><img src="https://play.pokemonshowdown.com/sprites/types/Electric.png" alt="Electric" height="14" width="32"></span> <span style="float: left ; min-height: 26px"><span class="col abilitycol">Luster Swap</span><span class="col abilitycol"></span></span><span style="float: left ; min-height: 26px"><span class="col statcol"><em>HP</em><br>85</span> <span class="col statcol"><em>Atk</em><br>125</span> <span class="col statcol"><em>Def</em><br>100</span> <span class="col statcol"><em>SpA</em><br>125</span> <span class="col statcol"><em>SpD</em><br>100</span> <span class="col statcol"><em>Spe</em><br>80</span> </span></li><li style="clear: both"></li></ul></div><div class="spacer battle-history"><br></div><div class="battle-history">The opposing Duraludon used <strong>Light Screen</strong>!<br></div><div class="battle-history"><small>Light Screen made the opposing team stronger against special moves!</small><br></div><div class="spacer battle-history"><br></div><div class="battle-history">CAMO EEL used <strong>Knock Off</strong>!<br></div><div class="battle-history"><small>(The opposing Duraludon lost 23% of its health!)</small><br></div><div class="battle-history"><small>CAMO EEL knocked off the opposing Duraludon's Light Clay!</small><br></div><div class="spacer battle-history"><br></div><h2 class="battle-history">Turn 2</h2><div class="spacer battle-history"><br></div><div class="battle-history">The opposing Duraludon used <strong>Reflect</strong>!<br></div><div class="battle-history"><small>Reflect made the opposing team stronger against physical moves!</small><br></div><div class="spacer battle-history"><br></div><div class="battle-history">CAMO EEL used <strong>U-turn</strong>!<br></div><div class="battle-history"><small>It's not very effective...</small><br></div><div class="battle-history"><small>(The opposing Duraludon lost 4% of its health!)</small><br></div><div class="spacer battle-history"><br></div><div class="battle-history">CAMO EEL went back to aausma!<br></div><div class="battle-history">Go! <strong>Kartana</strong>!<br></div><div class="spacer battle-history"><br></div><h2 class="battle-history">Turn 3</h2><div class="chat"><small> Hematemesis joined</small></div><div class="spacer battle-history"><br></div><div class="battle-history">Kartana used <strong>Defog</strong>!<br></div><div class="battle-history"><small>The opposing Duraludon's evasiveness fell!</small><br></div><div class="battle-history"><small>The opposing team's Reflect wore off!</small><br></div><div class="battle-history"><small>The opposing team's Light Screen wore off!</small><br></div><div class="spacer battle-history"><br></div><div class="battle-history">The opposing Duraludon used <strong>Substitute</strong>!<br></div><div class="battle-history"><small>The opposing Duraludon put in a substitute!</small><br></div><div class="battle-history"><small>(The opposing Duraludon lost 25% of its health!)</small><br></div><div class="spacer battle-history"><br></div><h2 class="battle-history">Turn 4</h2><div class="chat chatmessage-hematemesis"><strong style="color:#9412d5"><small> </small><span class="username" data-name="Hematemesis">Hematemesis</span>:</strong> <em>No I had a team to pass rip</em></div><div class="spacer battle-history"><br></div><div class="battle-history">Kartana, come back!<br></div><div class="battle-history">Go! <strong>Tapu Fini</strong>!<br></div><div class="battle-history">[Tapu Fini's Misty Surge]<br><small>Mist swirled around the battlefield!</small><br></div><div class="spacer battle-history"><br></div><div class="battle-history">The opposing Duraludon used <strong>Flash Cannon</strong>!<br></div><div class="battle-history"><small>(Tapu Fini lost <abbr title="−94/344">27.3%</abbr> of its health!)</small><br></div><div class="spacer battle-history"><br></div><div class="battle-history"><small>Tapu Fini restored a little HP using its Leftovers!</small><br></div><div class="spacer battle-history"><br></div><h2 class="battle-history">Turn 5</h2><div class="spacer battle-history"><br></div><div class="battle-history">The opposing Duraludon used <strong>Flash Cannon</strong>!<br></div><div class="battle-history"><small>(Tapu Fini lost <abbr title="−94/344">27.3%</abbr> of its health!)</small><br></div><div class="spacer battle-history"><br></div><div class="battle-history">Tapu Fini used <strong>Moonblast</strong>!<br></div><div class="battle-history"><small>The opposing Duraludon's substitute faded!</small><br></div><div class="spacer battle-history"><br></div><div class="battle-history"><small>Tapu Fini restored a little HP using its Leftovers!</small><br></div><div class="spacer battle-history"><br></div><h2 class="battle-history">Turn 6</h2><div class="spacer battle-history"><br></div><div class="battle-history">The opposing Duraludon used <strong>Flash Cannon</strong>!<br></div><div class="battle-history"><small>(Tapu Fini lost <abbr title="−91/344">26.5%</abbr> of its health!)</small><br></div><div class="battle-history"><small>Tapu Fini's Sp. Def fell!</small><br></div><div class="spacer battle-history"><br></div><div class="battle-history">Tapu Fini used <strong>Moonblast</strong>!<br></div><div class="battle-history"><small>(The opposing Duraludon lost 48% of its health!)</small><br></div><div class="spacer battle-history"><br></div><div class="battle-history">The opposing Duraludon fainted!<br></div><div class="spacer battle-history"><br></div><div class="battle-history"><small>Tapu Fini restored a little HP using its Leftovers!</small><br></div><div class="spacer battle-history"><br></div><div class="battle-history">TheUltraFinder sent out Spikey Mikey (<strong>Ferrothorn</strong>)!<br></div><div class="spacer battle-history"><br></div><h2 class="battle-history">Turn 7</h2><div class="spacer battle-history"><br></div><div class="battle-history">Tapu Fini used <strong>Taunt</strong>!<br></div><div class="battle-history"><small>The opposing Spikey Mikey fell for the taunt!</small><br></div><div class="spacer battle-history"><br></div><div class="battle-history">The opposing Spikey Mikey can't use Leech Seed after the taunt!<br></div><div class="spacer battle-history"><br></div><div class="battle-history"><small>Tapu Fini restored a little HP using its Leftovers!</small><br></div><div class="spacer battle-history"><br></div><h2 class="battle-history">Turn 8</h2><div class="spacer battle-history"><br></div><div class="battle-history">TheUltraFinder withdrew Spikey Mikey!<br></div><div class="battle-history">TheUltraFinder sent out <strong>Swoobat</strong>!<br></div><div class="spacer battle-history"><br></div><div class="battle-history">Tapu Fini used <strong>Nature's Madness</strong>!<br></div><div class="battle-history"><small>The opposing Swoobat avoided the attack!</small><br></div><div class="spacer battle-history"><br></div><div class="battle-history"><small>Tapu Fini restored a little HP using its Leftovers!</small><br></div><div class="battle-history"><small>The mist disappeared from the battlefield.</small><br></div><div class="spacer battle-history"><br></div><h2 class="battle-history">Turn 9</h2><div class="spacer battle-history"><br></div><div class="battle-history">Tapu Fini, come back!<br></div><div class="battle-history">Go! <strong>Kartana</strong>!<br></div><div class="spacer battle-history"><br></div><div class="battle-history">The opposing Swoobat used <strong>Calm Mind</strong>!<br></div><div class="battle-history"><small>The opposing Swoobat's Sp. Atk rose sharply!</small><br></div><div class="battle-history"><small>The opposing Swoobat's Sp. Def rose sharply!</small><br></div><div class="spacer battle-history"><br></div><h2 class="battle-history">Turn 10</h2><div class="spacer battle-history"><br></div><div class="battle-history">Kartana used <strong>Knock Off</strong>!<br></div><div class="battle-history"><small>It's super effective!</small><br></div><div class="battle-history"><small>(The opposing Swoobat lost 100% of its health!)</small><br></div><div class="battle-history"><small>Kartana knocked off the opposing Swoobat's Expert Belt!</small><br></div><div class="spacer battle-history"><br></div><div class="battle-history">The opposing Swoobat fainted!<br></div><div class="battle-history">[Kartana's Beast Boost]<br></div><div class="battle-history"><small>Kartana's Attack rose!</small><br></div><div class="spacer battle-history"><br></div><div class="battle-history">TheUltraFinder sent out Goh Away (<strong>Cinderace</strong>)!<br></div><div class="spacer battle-history"><br></div><h2 class="battle-history">Turn 11</h2><div class="spacer battle-history"><br></div><div class="battle-history">Kartana, come back!<br></div><div class="battle-history">Go! Landorus (<strong>Landorus-Therian</strong>)!<br></div><div class="battle-history">[Landorus's Intimidate]<br></div><div class="battle-history"><small>The opposing Goh Away's Attack fell!</small><br></div><div class="spacer battle-history"><br></div><div class="battle-history">The opposing Goh Away used <strong>Pyro Ball</strong>!<br></div><div class="battle-history"><small>Landorus avoided the attack!</small><br></div><div class="spacer battle-history"><br></div><h2 class="battle-history">Turn 12</h2><div class="spacer battle-history"><br></div><div class="battle-history">The opposing Goh Away used <strong>Quick Attack</strong>!<br></div><div class="battle-history">[The opposing Goh Away's Libero]<br><small>The opposing Goh Away's type changed to Normal!</small><br></div><div class="battle-history"><small>(Landorus lost <abbr title="−39/382">10.2%</abbr> of its health!)</small><br></div><div class="battle-history"><small>The opposing Goh Away was hurt by the Rocky Helmet!</small><br></div><div class="spacer battle-history"><br></div><div class="battle-history">Landorus used <strong>U-turn</strong>!<br></div><div class="battle-history"><small>(The opposing Goh Away lost 34% of its health!)</small><br></div><div class="spacer battle-history"><br></div><div class="battle-history">Landorus went back to aausma!<br></div><div class="battle-history">Go! <strong>Kartana</strong>!<br></div><div class="spacer battle-history"><br></div><h2 class="battle-history">Turn 13</h2><div class="spacer battle-history"><br></div><div class="battle-history">Kartana used <strong>Knock Off</strong>!<br></div><div class="battle-history"><small>(The opposing Goh Away lost 50% of its health!)</small><br></div><div class="battle-history"><small>Kartana knocked off the opposing Goh Away's Expert Belt!</small><br></div><div class="spacer battle-history"><br></div><div class="battle-history">The opposing Goh Away fainted!<br></div><div class="battle-history">[Kartana's Beast Boost]<br></div><div class="battle-history"><small>Kartana's Attack rose!</small><br></div><div class="spacer battle-history"><br></div><div class="battle-history">TheUltraFinder sent out Polus (<strong>Ditto</strong>)!<br></div><div class="battle-history">[The opposing Polus's Imposter]<br>The opposing Polus transformed into Kartana!<br></div><div class="spacer battle-history"><br></div><h2 class="battle-history">Turn 14</h2><div class="spacer battle-history"><br></div><div class="battle-history">Kartana used <strong>Knock Off</strong>!<br></div><div class="battle-history"><small>(The opposing Polus lost 62% of its health!)</small><br></div><div class="battle-history"><small>Kartana knocked off the opposing Polus's Leftovers!</small><br></div><div class="spacer battle-history"><br></div><div class="battle-history">The opposing Polus used <strong>Knock Off</strong>!<br></div><div class="battle-history"><small>(Kartana lost <abbr title="−172/259">66.4%</abbr> of its health!)</small><br></div><div class="battle-history"><small>The opposing Polus knocked off Kartana's Choice Scarf!</small><br></div><div class="spacer battle-history"><br></div><h2 class="battle-history">Turn 15</h2><div class="spacer battle-history"><br></div><div class="battle-history">Kartana used <strong>Knock Off</strong>!<br></div><div class="battle-history"><small>(The opposing Polus lost 38% of its health!)</small><br></div><div class="spacer battle-history"><br></div><div class="battle-history">The opposing Polus fainted!<br></div><div class="battle-history">[Kartana's Beast Boost]<br></div><div class="battle-history"><small>Kartana's Attack rose!</small><br></div><div class="spacer battle-history"><br></div><div class="battle-history">TheUltraFinder sent out Nom (<strong>Feraligatr</strong>)!<br></div><div class="spacer battle-history"><br></div><h2 class="battle-history">Turn 16</h2><div class="spacer battle-history"><br></div><div class="battle-history"><small>The opposing Nom's Feraligatrite is reacting to the Key Stone!</small><br>The opposing Nom has Mega Evolved into Mega Feraligatr!<br></div><div class="chat"><ul class="utilichart"><li class="result"><span class="col numcol">UU</span> <span class="col pokemonnamecol" style="white-space: nowrap">Feraligatr-Mega</span> <span class="col typecol"><img src="https://play.pokemonshowdown.com/sprites/types/Water.png" alt="Water" height="14" width="32"><img src="https://play.pokemonshowdown.com/sprites/types/Dark.png" alt="Dark" height="14" width="32"></span> <span style="float: left ; min-height: 26px"><span class="col abilitycol">Savage</span><span class="col abilitycol"></span></span><span style="float: left ; min-height: 26px"><span class="col statcol"><em>HP</em><br>85</span> <span class="col statcol"><em>Atk</em><br>145</span> <span class="col statcol"><em>Def</em><br>80</span> <span class="col statcol"><em>SpA</em><br>134</span> <span class="col statcol"><em>SpD</em><br>103</span> <span class="col statcol"><em>Spe</em><br>83</span> </span></li><li style="clear: both"></li></ul></div><div class="spacer battle-history"><br></div><div class="battle-history">Kartana used <strong>Leaf Blade</strong>!<br></div><div class="battle-history"><small>It's super effective!</small><br></div><div class="battle-history"><small>(The opposing Nom lost 100% of its health!)</small><br></div><div class="spacer battle-history"><br></div><div class="battle-history">The opposing Nom fainted!<br></div><div class="battle-history">[Kartana's Beast Boost]<br></div><div class="battle-history"><small>Kartana's Attack rose!</small><br></div><div class="spacer battle-history"><br></div><div class="battle-history">TheUltraFinder sent out Spikey Mikey (<strong>Ferrothorn</strong>)!<br></div><div class="spacer battle-history"><br></div><h2 class="battle-history">Turn 17</h2><div class="spacer battle-history"><br></div><div class="battle-history">Kartana used <strong>Knock Off</strong>!<br></div><div class="battle-history"><small>(The opposing Spikey Mikey lost 58% of its health!)</small><br></div><div class="battle-history">[The opposing Spikey Mikey's Iron Barbs]<br><small>Kartana was hurt!</small><br></div><div class="battle-history"><small>Kartana was hurt by the Rocky Helmet!</small><br></div><div class="battle-history"><small>Kartana knocked off the opposing Spikey Mikey's Rocky Helmet!</small><br></div><div class="spacer battle-history"><br></div><div class="battle-history">The opposing Spikey Mikey used <strong>Stealth Rock</strong>!<br></div><div class="battle-history"><small>Pointed stones float in the air around your team!</small><br></div><div class="spacer battle-history"><br></div><h2 class="battle-history">Turn 18</h2><div class="spacer battle-history"><br></div><div class="battle-history">Kartana, come back!<br></div><div class="battle-history">Go! <strong>Volcarona</strong>!<br></div><div class="spacer battle-history"><br></div><div class="battle-history">The opposing Spikey Mikey used <strong>Explosion</strong>!<br></div><div class="battle-history"><small>(Volcarona lost <abbr title="−284/311">91.3%</abbr> of its health!)</small><br></div><div class="spacer battle-history"><br></div><div class="battle-history">The opposing Spikey Mikey fainted!<br></div><div class="spacer battle-history"><br></div><div class="battle-history"><strong>aausma</strong> won the battle!<br></div><div class="chat chatmessage-aausma mine"><strong style="color:#18a81f"><small>☆</small><span class="username" data-name="aausma">aausma</span>:</strong> <em>damn</em></div><div class="chat chatmessage-theultrafinder"><strong style="color:#946524"><small>☆</small><span class="username" data-name="TheUltraFinder">TheUltraFinder</span>:</strong> <em>gg</em></div><div class="chat chatmessage-aausma mine"><strong style="color:#18a81f"><small>☆</small><span class="username" data-name="aausma">aausma</span>:</strong> <em>that's a statement to make</em></div><div class="chat chatmessage-aausma mine"><strong style="color:#18a81f"><small>☆</small><span class="username" data-name="aausma">aausma</span>:</strong> <em>gg</em></div><div class="chat chatmessage-theultrafinder"><strong style="color:#946524"><small>☆</small><span class="username" data-name="TheUltraFinder">TheUltraFinder</span>:</strong> <em>gl</em></div></div><div class="inner-preempt message-log"></div></div></div>
</div>
<script>
let daily = Math.floor(Date.now()/1000/60/60/24);document.write('<script src="https://play.pokemonshowdown.com/js/replay-embed.js?version'+daily+'"></'+'script>');
</script>
