<!DOCTYPE html>
<meta charset="utf-8" />
<!-- version 1 -->
<title>[Gen 8] M4A VGC replay: pupugugu vs. inkbug1</title>
<style>
html,body {font-family:Verdana, sans-serif;font-size:10pt;margin:0;padding:0;}body{padding:12px 0;} .battle-log {font-family:Verdana, sans-serif;font-size:10pt;} .battle-log-inline {border:1px solid #AAAAAA;background:#EEF2F5;color:black;max-width:640px;margin:0 auto 80px;padding-bottom:5px;} .battle-log .inner {padding:4px 8px 0px 8px;} .battle-log .inner-preempt {padding:0 8px 4px 8px;} .battle-log .inner-after {margin-top:0.5em;} .battle-log h2 {margin:0.5em -8px;padding:4px 8px;border:1px solid #AAAAAA;background:#E0E7EA;border-left:0;border-right:0;font-family:Verdana, sans-serif;font-size:13pt;} .battle-log .chat {vertical-align:middle;padding:3px 0 3px 0;font-size:8pt;} .battle-log .chat strong {color:#40576A;} .battle-log .chat em {padding:1px 4px 1px 3px;color:#000000;font-style:normal;} .chat.mine {background:rgba(0,0,0,0.05);margin-left:-8px;margin-right:-8px;padding-left:8px;padding-right:8px;} .spoiler {color:#BBBBBB;background:#BBBBBB;padding:0px 3px;} .spoiler:hover, .spoiler:active, .spoiler-shown {color:#000000;background:#E2E2E2;padding:0px 3px;} .spoiler a {color:#BBBBBB;} .spoiler:hover a, .spoiler:active a, .spoiler-shown a {color:#2288CC;} .chat code, .chat .spoiler:hover code, .chat .spoiler:active code, .chat .spoiler-shown code {border:1px solid #C0C0C0;background:#EEEEEE;color:black;padding:0 2px;} .chat .spoiler code {border:1px solid #CCCCCC;background:#CCCCCC;color:#CCCCCC;} .battle-log .rated {padding:3px 4px;} .battle-log .rated strong {color:white;background:#89A;padding:1px 4px;border-radius:4px;} .spacer {margin-top:0.5em;} .message-announce {background:#6688AA;color:white;padding:1px 4px 2px;} .message-announce a, .broadcast-green a, .broadcast-blue a, .broadcast-red a {color:#DDEEFF;} .broadcast-green {background-color:#559955;color:white;padding:2px 4px;} .broadcast-blue {background-color:#6688AA;color:white;padding:2px 4px;} .infobox {border:1px solid #6688AA;padding:2px 4px;} .infobox-limited {max-height:200px;overflow:auto;overflow-x:hidden;} .broadcast-red {background-color:#AA5544;color:white;padding:2px 4px;} .message-learn-canlearn {font-weight:bold;color:#228822;text-decoration:underline;} .message-learn-cannotlearn {font-weight:bold;color:#CC2222;text-decoration:underline;} .message-effect-weak {font-weight:bold;color:#CC2222;} .message-effect-resist {font-weight:bold;color:#6688AA;} .message-effect-immune {font-weight:bold;color:#666666;} .message-learn-list {margin-top:0;margin-bottom:0;} .message-throttle-notice, .message-error {color:#992222;} .message-overflow, .chat small.message-overflow {font-size:0pt;} .message-overflow::before {font-size:9pt;content:'...';} .subtle {color:#3A4A66;}
</style>
<div class="wrapper replay-wrapper" style="max-width:1180px;margin:0 auto">
<input type="hidden" name="replayid" value="dragonheaven-gen8m4avgc-267" />
<div class="battle"></div><div class="battle-log"></div><div class="replay-controls"></div><div class="replay-controls-2"></div>
<h1 style="font-weight:normal;text-align:center"><strong>[Gen 8] M4A VGC</strong><br /><a href="http://pokemonshowdown.com/users/pupugugu" class="subtle" target="_blank">pupugugu</a> vs. <a href="http://pokemonshowdown.com/users/inkbug1" class="subtle" target="_blank">inkbug1</a></h1>
<script type="text/plain" class="battle-log-data">|j|☆pupugugu
|j|☆inkbug1
|t:|1615141693
|player|p1|pupugugu|acetrainerf|
|player|p2|inkbug1|burgh|
|teamsize|p1|6
|teamsize|p2|6
|gametype|doubles
|gen|8
|tier|[Gen 8] M4A VGC
|clearpoke
|poke|p1|Meganium, L50, M|
|poke|p1|Indeedee, L50, M|
|poke|p1|Terrakion, L50|
|poke|p1|Leafeon, L50, M|
|poke|p1|Glastrier, L50|
|poke|p1|Torkoal, L50, F|
|poke|p2|Vikavolt, L50, F|
|poke|p2|Bruxish, L50, M|
|poke|p2|Luxray, L50, F|
|poke|p2|Salamence, L50, F|
|poke|p2|Bisharp, L50, M|
|poke|p2|Tapu Koko, L50|
|rule|Species Clause: Limit one of each Pokémon
|rule|Item Clause: Limit one of each item
|rule|Dynamax Clause: You cannot dynamax
|raw|<img src="https:\/\/www.smogon.com\/forums\/attachments\/banner_2-png.302358\/" height="65" width="381">
|-message|Welcome to Megas for All!
|-message|This is a National Dex-based format where we aim to give a new Mega Evolution to every Pokémon.
|-message|Just like any official format, you can still only Mega Evolve one Pokémon per team!
|-message|You can find our thread and metagame resources here:
|-message|https:\/\/www.smogon.com\/forums\/threads\/3671140\/
|teampreview|4
|j| CsidNoDyg
|c|☆pupugugu|glhf~
|c|☆inkbug1|u too! 
|
|t:|1615141742
|start
|switch|p1a: Indeedee|Indeedee, L50, M|48\/48
|switch|p1b: Torkoal|Torkoal, L50, F|48\/48
|switch|p2a: Mortal Kombat|Bisharp, L50, M|48\/48
|switch|p2b: Naboris|Tapu Koko, L50|48\/48
|-fieldstart|move: Electric Terrain|[from] ability: Electric Surge|[of] p2b: Naboris
|-fieldstart|move: Psychic Terrain|[from] ability: Psychic Surge|[of] p1a: Indeedee
|-weather|SunnyDay|[from] ability: Drought|[of] p1b: Torkoal
|turn|1
|
|t:|1615141779
|switch|p2a: Subnautica|Bruxish, L50, M|48\/48
|move|p2b: Naboris|Taunt|p1a: Indeedee
|-start|p1a: Indeedee|move: Taunt
|cant|p1a: Indeedee|move: Taunt|After You
|move|p1b: Torkoal|Eruption|p2b: Naboris|[spread] p2a,p2b
|-resisted|p2a: Subnautica
|-damage|p2a: Subnautica|18\/48
|-damage|p2b: Naboris|1\/48
|
|-weather|SunnyDay|[upkeep]
|upkeep
|turn|2
|
|t:|1615141801
|switch|p1b: Meganium|Meganium, L50, M|48\/48
|move|p2b: Naboris|Nature's Madness|p1b: Meganium
|-damage|p1b: Meganium|24\/48g
|move|p1a: Indeedee|Expanding Force|p2a: Subnautica|[spread] p2a,p2b
|-resisted|p2a: Subnautica
|-damage|p2a: Subnautica|0 fnt
|-damage|p2b: Naboris|0 fnt
|faint|p2a: Subnautica
|faint|p2b: Naboris
|
|-weather|SunnyDay|[upkeep]
|upkeep
|
|t:|1615141813
|switch|p2b: Bug Fighter II|Vikavolt, L50, F|48\/48
|switch|p2a: Mortal Kombat|Bisharp, L50, M|48\/48
|turn|3
|j| Coppersmith
|j| H2OPulse
|
|t:|1615141832
|detailschange|p1b: Meganium|Meganium-Mega, L50, M
|-mega|p1b: Meganium|Meganium|Meganiumite
|-start|p1b: Meganium|typechange|Grass|[silent]
|raw|<ul class="utilichart"><li class="result"><span class="col pokemonnamecol" style="white-space: nowrap">Meganium-Mega<\/span> <span class="col typecol"><img src="https:\/\/play.pokemonshowdown.com\/sprites\/types\/Grass.png" alt="Grass" height="14" width="32"><\/span> <span style="float: left ; min-height: 26px"><span class="col abilitycol">Flower Gift<\/span><span class="col abilitycol"><\/span><\/span><span style="float: left ; min-height: 26px"><span class="col statcol"><em>HP<\/em><br>80<\/span> <span class="col statcol"><em>Atk<\/em><br>117<\/span> <span class="col statcol"><em>Def<\/em><br>110<\/span> <span class="col statcol"><em>SpA<\/em><br>118<\/span> <span class="col statcol"><em>SpD<\/em><br>120<\/span> <span class="col statcol"><em>Spe<\/em><br>80<\/span> <\/span><\/li><li style="clear: both"><\/li><\/ul>
|detailschange|p2a: Mortal Kombat|Bisharp-Mega, L50, M
|-mega|p2a: Mortal Kombat|Bisharp|Bisharpite
|-start|p2a: Mortal Kombat|typechange|Dark\/Steel|[silent]
|raw|<ul class="utilichart"><li class="result"><span class="col pokemonnamecol" style="white-space: nowrap">Bisharp-Mega<\/span> <span class="col typecol"><img src="https:\/\/play.pokemonshowdown.com\/sprites\/types\/Dark.png" alt="Dark" height="14" width="32"><img src="https:\/\/play.pokemonshowdown.com\/sprites\/types\/Steel.png" alt="Steel" height="14" width="32"><\/span> <span style="float: left ; min-height: 26px"><span class="col abilitycol">Executioner<\/span><span class="col abilitycol"><\/span><\/span><span style="float: left ; min-height: 26px"><span class="col statcol"><em>HP<\/em><br>65<\/span> <span class="col statcol"><em>Atk<\/em><br>155<\/span> <span class="col statcol"><em>Def<\/em><br>110<\/span> <span class="col statcol"><em>SpA<\/em><br>60<\/span> <span class="col statcol"><em>SpD<\/em><br>90<\/span> <span class="col statcol"><em>Spe<\/em><br>110<\/span> <\/span><\/li><li style="clear: both"><\/li><\/ul>
|move|p1a: Indeedee|Expanding Force|p2b: Bug Fighter II|[spread] p2b
|-immune|p2a: Mortal Kombat
|-damage|p2b: Bug Fighter II|18\/48
|move|p1b: Meganium|Rock Slide|p2b: Bug Fighter II|[spread] p2a,p2b
|-resisted|p2a: Mortal Kombat
|-supereffective|p2b: Bug Fighter II
|-damage|p2a: Mortal Kombat|41\/48
|-damage|p2b: Bug Fighter II|0 fnt
|faint|p2b: Bug Fighter II
|move|p2a: Mortal Kombat|Assurance|p1b: Meganium
|-damage|p1b: Meganium|1\/48
|
|-weather|SunnyDay|[upkeep]
|-end|p1a: Indeedee|move: Taunt
|upkeep
|turn|4
|c| Coppersmith|ohoho
|c| Coppersmith|mega Bisharp tho
|
|t:|1615141854
|move|p1b: Meganium|Weather Ball|p2a: Mortal Kombat
|-supereffective|p2a: Mortal Kombat
|-damage|p2a: Mortal Kombat|0 fnt
|faint|p2a: Mortal Kombat
|
|win|pupugugu
|c|☆pupugugu|gg
|c|☆inkbug1|thats fair! gg
|l| CsidNoDyg
|l| H2OPulse
|c|☆pupugugu|ah ink did you grab replays? or should i upload them
|c|☆inkbug1|ic an get them
|j| just7
|c|☆pupugugu|okii
|l| just7
|l|☆pupugugu
|j| H2OPulse
|l| H2OPulse
|l| Coppersmith
|l|☆inkbug1
|j|☆inkbug1
|player|p2|inkbug1|burgh
</script>
</div>
<div class="battle-log battle-log-inline"><div class="inner"><div class="battle-options"><div style="padding-top: 3px; padding-right: 3px; text-align: right"><button class="icon button" name="openBattleOptions" title="Options">Battle Options</button></div></div><div class="inner message-log"><div class="chat"><small>☆pupugugu and ☆inkbug1 joined</small></div><div class=""><small>Format:</small> <br><strong>[Gen 8] M4A VGC</strong></div><div class=""><small><em>Species Clause:</em> Limit one of each Pokémon</small></div><div class=""><small><em>Item Clause:</em> Limit one of each item</small></div><div class=""><small><em>Dynamax Clause:</em> You cannot dynamax</small></div><div class="chat"><img src="https://www.smogon.com/forums/attachments/banner_2-png.302358/" height="65" width="381"></div><div class="spacer battle-history"><br></div><div class="battle-history"><small>Welcome to Megas for All!</small><br></div><div class="battle-history"><small>This is a National Dex-based format where we aim to give a new Mega Evolution to every Pokémon.</small><br></div><div class="battle-history"><small>Just like any official format, you can still only Mega Evolve one Pokémon per team!</small><br></div><div class="battle-history"><small>You can find our thread and metagame resources here:</small><br></div><div class="battle-history"><small>https://www.smogon.com/forums/threads/3671140/</small><br></div><div class="chat battle-history"><strong>pupugugu's team:</strong> <em style="color:#445566;display:block;">Meganium / Indeedee / Terrakion / Leafeon / Glastrier / Torkoal</em></div><div class="chat battle-history"><strong>inkbug1's team:</strong> <em style="color:#445566;display:block;">Vikavolt / Bruxish / Luxray / Salamence / Bisharp / Tapu Koko</em></div><div class="chat"><small> CsidNoDyg joined</small></div><div class="chat chatmessage-pupugugu"><strong style="color:#2b7b91"><small>☆</small><span class="username" data-name="pupugugu">pupugugu</span>:</strong> <em>glhf~</em></div><div class="chat chatmessage-inkbug1 mine"><strong style="color:#e46e0f"><small>☆</small><span class="username" data-name="inkbug1">inkbug1</span>:</strong> <em>u too! </em></div><div class="spacer battle-history"><br></div><div class="battle-history">Battle started between pupugugu and inkbug1!<br></div><div class="spacer battle-history"><br></div><div class="battle-history">pupugugu sent out <strong>Indeedee</strong>!<br></div><div class="spacer battle-history"><br></div><div class="battle-history">pupugugu sent out <strong>Torkoal</strong>!<br></div><div class="spacer battle-history"><br></div><div class="battle-history">Go! Mortal Kombat (<strong>Bisharp</strong>)!<br></div><div class="spacer battle-history"><br></div><div class="battle-history">Go! Naboris (<strong>Tapu Koko</strong>)!<br></div><div class="battle-history">[Naboris's Electric Surge]<br><small>An electric current ran across the battlefield!</small><br></div><div class="battle-history">[The opposing Indeedee's Psychic Surge]<br><small>The battlefield got weird!</small><br></div><div class="battle-history">[The opposing Torkoal's Drought]<br><small>The sunlight turned harsh!</small><br></div><div class="spacer battle-history"><br></div><h2 class="battle-history">Turn 1</h2><div class="spacer battle-history"><br></div><div class="battle-history">Mortal Kombat, come back!<br></div><div class="battle-history">Go! Subnautica (<strong>Bruxish</strong>)!<br></div><div class="spacer battle-history"><br></div><div class="battle-history">Naboris used <strong>Taunt</strong>!<br></div><div class="battle-history"><small>The opposing Indeedee fell for the taunt!</small><br></div><div class="spacer battle-history"><br></div><div class="battle-history">The opposing Indeedee can't use After You after the taunt!<br></div><div class="spacer battle-history"><br></div><div class="battle-history">The opposing Torkoal used <strong>Eruption</strong>!<br></div><div class="battle-history"><small>It's not very effective on Subnautica.</small><br></div><div class="battle-history"><small>(Subnautica lost <abbr title="−30/48 pixels">60.5–62.5%</abbr> of its health!)</small><br></div><div class="battle-history"><small>(Naboris lost <abbr title="−47/48 pixels">95.9–99.9%</abbr> of its health!)</small><br></div><div class="spacer battle-history"><br></div><div class="battle-history"><small>(The sunlight is strong.)</small><br></div><div class="spacer battle-history"><br></div><h2 class="battle-history">Turn 2</h2><div class="spacer battle-history"><br></div><div class="battle-history">pupugugu withdrew Torkoal!<br></div><div class="battle-history">pupugugu sent out <strong>Meganium</strong>!<br></div><div class="spacer battle-history"><br></div><div class="battle-history">Naboris used <strong>Nature's Madness</strong>!<br></div><div class="battle-history"><small>(The opposing Meganium lost <abbr title="−24/48 pixels">48.0–49.9%</abbr> of its health!)</small><br></div><div class="spacer battle-history"><br></div><div class="battle-history">The opposing Indeedee used <strong>Expanding Force</strong>!<br></div><div class="battle-history"><small>It's not very effective on Subnautica.</small><br></div><div class="battle-history"><small>(Subnautica lost <abbr title="−18/48 pixels">37.5–39.5%</abbr> of its health!)</small><br></div><div class="battle-history"><small>(Naboris lost <abbr title="−1/48 pixels">0.1–4.1%</abbr> of its health!)</small><br></div><div class="spacer battle-history"><br></div><div class="battle-history">Subnautica fainted!<br></div><div class="battle-history">Naboris fainted!<br></div><div class="spacer battle-history"><br></div><div class="battle-history"><small>(The sunlight is strong.)</small><br></div><div class="spacer battle-history"><br></div><div class="battle-history">Go! Bug Fighter II (<strong>Vikavolt</strong>)!<br></div><div class="spacer battle-history"><br></div><div class="battle-history">Go! Mortal Kombat (<strong>Bisharp</strong>)!<br></div><div class="spacer battle-history"><br></div><h2 class="battle-history">Turn 3</h2><div class="chat"><small> Coppersmith and  H2OPulse joined</small></div><div class="spacer battle-history"><br></div><div class="battle-history"><small>The opposing Meganium's Meganiumite is reacting to the Key Stone!</small><br>The opposing Meganium has Mega Evolved into Mega Meganium!<br></div><div class="chat"><ul class="utilichart"><li class="result"><span class="col pokemonnamecol" style="white-space: nowrap">Meganium-Mega</span> <span class="col typecol"><img src="https://play.pokemonshowdown.com/sprites/types/Grass.png" alt="Grass" height="14" width="32"></span> <span style="float: left ; min-height: 26px"><span class="col abilitycol">Flower Gift</span><span class="col abilitycol"></span></span><span style="float: left ; min-height: 26px"><span class="col statcol"><em>HP</em><br>80</span> <span class="col statcol"><em>Atk</em><br>117</span> <span class="col statcol"><em>Def</em><br>110</span> <span class="col statcol"><em>SpA</em><br>118</span> <span class="col statcol"><em>SpD</em><br>120</span> <span class="col statcol"><em>Spe</em><br>80</span> </span></li><li style="clear: both"></li></ul></div><div class="spacer battle-history"><br></div><div class="battle-history"><small>Mortal Kombat's Bisharpite is reacting to the Key Stone!</small><br>Mortal Kombat has Mega Evolved into Mega Bisharp!<br></div><div class="chat"><ul class="utilichart"><li class="result"><span class="col pokemonnamecol" style="white-space: nowrap">Bisharp-Mega</span> <span class="col typecol"><img src="https://play.pokemonshowdown.com/sprites/types/Dark.png" alt="Dark" height="14" width="32"><img src="https://play.pokemonshowdown.com/sprites/types/Steel.png" alt="Steel" height="14" width="32"></span> <span style="float: left ; min-height: 26px"><span class="col abilitycol">Executioner</span><span class="col abilitycol"></span></span><span style="float: left ; min-height: 26px"><span class="col statcol"><em>HP</em><br>65</span> <span class="col statcol"><em>Atk</em><br>155</span> <span class="col statcol"><em>Def</em><br>110</span> <span class="col statcol"><em>SpA</em><br>60</span> <span class="col statcol"><em>SpD</em><br>90</span> <span class="col statcol"><em>Spe</em><br>110</span> </span></li><li style="clear: both"></li></ul></div><div class="spacer battle-history"><br></div><div class="battle-history">The opposing Indeedee used <strong>Expanding Force</strong>!<br></div><div class="battle-history"><small>It doesn't affect Mortal Kombat...</small><br></div><div class="battle-history"><small>(Bug Fighter II lost <abbr title="−30/48 pixels">60.5–62.5%</abbr> of its health!)</small><br></div><div class="spacer battle-history"><br></div><div class="battle-history">The opposing Meganium used <strong>Rock Slide</strong>!<br></div><div class="battle-history"><small>It's not very effective on Mortal Kombat.</small><br></div><div class="battle-history"><small>It's super effective on Bug Fighter II!</small><br></div><div class="battle-history"><small>(Mortal Kombat lost <abbr title="−7/48 pixels">12.6–14.6%</abbr> of its health!)</small><br></div><div class="battle-history"><small>(Bug Fighter II lost <abbr title="−18/48 pixels">37.5–39.5%</abbr> of its health!)</small><br></div><div class="spacer battle-history"><br></div><div class="battle-history">Bug Fighter II fainted!<br></div><div class="battle-history">Mortal Kombat used <strong>Assurance</strong>!<br></div><div class="battle-history"><small>(The opposing Meganium lost <abbr title="−23/48 pixels">46.0–51.9%</abbr> of its health!)</small><br></div><div class="spacer battle-history"><br></div><div class="battle-history"><small>(The sunlight is strong.)</small><br></div><div class="battle-history"><small>The opposing Indeedee shook off the taunt!</small><br></div><div class="spacer battle-history"><br></div><h2 class="battle-history">Turn 4</h2><div class="chat chatmessage-coppersmith"><strong style="color:#0aa445"><small> </small><span class="username" data-name="Coppersmith">Coppersmith</span>:</strong> <em>ohoho</em></div><div class="chat chatmessage-coppersmith"><strong style="color:#0aa445"><small> </small><span class="username" data-name="Coppersmith">Coppersmith</span>:</strong> <em>mega Bisharp tho</em></div><div class="spacer battle-history"><br></div><div class="battle-history">The opposing Meganium used <strong>Weather Ball</strong>!<br></div><div class="battle-history"><small>It's super effective!</small><br></div><div class="battle-history"><small>(Mortal Kombat lost <abbr title="−41/48 pixels">85.4–87.4%</abbr> of its health!)</small><br></div><div class="spacer battle-history"><br></div><div class="battle-history">Mortal Kombat fainted!<br></div><div class="spacer battle-history"><br></div><div class="battle-history"><strong>pupugugu</strong> won the battle!<br></div><div class="chat chatmessage-pupugugu"><strong style="color:#2b7b91"><small>☆</small><span class="username" data-name="pupugugu">pupugugu</span>:</strong> <em>gg</em></div><div class="chat chatmessage-inkbug1 mine"><strong style="color:#e46e0f"><small>☆</small><span class="username" data-name="inkbug1">inkbug1</span>:</strong> <em>thats fair! gg</em></div><div class="chat"><small> CsidNoDyg and  H2OPulse left</small></div><div class="chat chatmessage-pupugugu"><strong style="color:#2b7b91"><small>☆</small><span class="username" data-name="pupugugu">pupugugu</span>:</strong> <em>ah ink did you grab replays? or should i upload them</em></div><div class="chat chatmessage-inkbug1 mine"><strong style="color:#e46e0f"><small>☆</small><span class="username" data-name="inkbug1">inkbug1</span>:</strong> <em>ic an get them</em></div><div class="chat"><small> just7 joined</small></div><div class="chat chatmessage-pupugugu"><strong style="color:#2b7b91"><small>☆</small><span class="username" data-name="pupugugu">pupugugu</span>:</strong> <em>okii</em></div><div class="chat"><small> H2OPulse joined;  just7, ☆pupugugu,  H2OPulse, and  Coppersmith left</small></div></div><div class="inner-preempt message-log"></div></div></div>
</div>
<script>
let daily = Math.floor(Date.now()/1000/60/60/24);document.write('<script src="https://dragonheaven.herokuapp.com/js/replay-embed.js?version'+daily+'"></'+'script>');
</script>
