<!DOCTYPE html>
<meta charset="utf-8" />
<!-- version 1 -->
<title>[Gen 8] M4A Suspect replay: woopersons vs. DeltaSmogon</title>
<style>
html,body {font-family:Verdana, sans-serif;font-size:10pt;margin:0;padding:0;}body{padding:12px 0;} .battle-log {font-family:Verdana, sans-serif;font-size:10pt;} .battle-log-inline {border:1px solid #AAAAAA;background:#EEF2F5;color:black;max-width:640px;margin:0 auto 80px;padding-bottom:5px;} .battle-log .inner {padding:4px 8px 0px 8px;} .battle-log .inner-preempt {padding:0 8px 4px 8px;} .battle-log .inner-after {margin-top:0.5em;} .battle-log h2 {margin:0.5em -8px;padding:4px 8px;border:1px solid #AAAAAA;background:#E0E7EA;border-left:0;border-right:0;font-family:Verdana, sans-serif;font-size:13pt;} .battle-log .chat {vertical-align:middle;padding:3px 0 3px 0;font-size:8pt;} .battle-log .chat strong {color:#40576A;} .battle-log .chat em {padding:1px 4px 1px 3px;color:#000000;font-style:normal;} .chat.mine {background:rgba(0,0,0,0.05);margin-left:-8px;margin-right:-8px;padding-left:8px;padding-right:8px;} .spoiler {color:#BBBBBB;background:#BBBBBB;padding:0px 3px;} .spoiler:hover, .spoiler:active, .spoiler-shown {color:#000000;background:#E2E2E2;padding:0px 3px;} .spoiler a {color:#BBBBBB;} .spoiler:hover a, .spoiler:active a, .spoiler-shown a {color:#2288CC;} .chat code, .chat .spoiler:hover code, .chat .spoiler:active code, .chat .spoiler-shown code {border:1px solid #C0C0C0;background:#EEEEEE;color:black;padding:0 2px;} .chat .spoiler code {border:1px solid #CCCCCC;background:#CCCCCC;color:#CCCCCC;} .battle-log .rated {padding:3px 4px;} .battle-log .rated strong {color:white;background:#89A;padding:1px 4px;border-radius:4px;} .spacer {margin-top:0.5em;} .message-announce {background:#6688AA;color:white;padding:1px 4px 2px;} .message-announce a, .broadcast-green a, .broadcast-blue a, .broadcast-red a {color:#DDEEFF;} .broadcast-green {background-color:#559955;color:white;padding:2px 4px;} .broadcast-blue {background-color:#6688AA;color:white;padding:2px 4px;} .infobox {border:1px solid #6688AA;padding:2px 4px;} .infobox-limited {max-height:200px;overflow:auto;overflow-x:hidden;} .broadcast-red {background-color:#AA5544;color:white;padding:2px 4px;} .message-learn-canlearn {font-weight:bold;color:#228822;text-decoration:underline;} .message-learn-cannotlearn {font-weight:bold;color:#CC2222;text-decoration:underline;} .message-effect-weak {font-weight:bold;color:#CC2222;} .message-effect-resist {font-weight:bold;color:#6688AA;} .message-effect-immune {font-weight:bold;color:#666666;} .message-learn-list {margin-top:0;margin-bottom:0;} .message-throttle-notice, .message-error {color:#992222;} .message-overflow, .chat small.message-overflow {font-size:0pt;} .message-overflow::before {font-size:9pt;content:'...';} .subtle {color:#3A4A66;}
</style>
<div class="wrapper replay-wrapper" style="max-width:1180px;margin:0 auto">
<input type="hidden" name="replayid" value="dragonheaven-gen8m4asuspect-300" />
<div class="battle"></div><div class="battle-log"></div><div class="replay-controls"></div><div class="replay-controls-2"></div>
<h1 style="font-weight:normal;text-align:center"><strong>[Gen 8] M4A Suspect</strong><br /><a href="http://pokemonshowdown.com/users/woopersons" class="subtle" target="_blank">woopersons</a> vs. <a href="http://pokemonshowdown.com/users/deltasmogon" class="subtle" target="_blank">DeltaSmogon</a></h1>
<script type="text/plain" class="battle-log-data">|j|☆woopersons
|j|☆DeltaSmogon
|t:|1624998965
|player|p1|woopersons|2|
|player|p2|DeltaSmogon|caitlin|
|teamsize|p1|6
|teamsize|p2|6
|gametype|singles
|gen|8
|tier|[Gen 8] M4A Suspect
|clearpoke
|poke|p1|Dragalge, F|
|poke|p1|Blaziken, M|
|poke|p1|Porygon-Z|
|poke|p1|Klefki, M|
|poke|p1|Weavile, M|
|poke|p1|Hawlucha, M|
|poke|p2|Tangrowth, M|
|poke|p2|Scizor, M|
|poke|p2|Zapdos|
|poke|p2|Blaziken, M|
|poke|p2|Swampert, F|
|poke|p2|Greninja, F|
|rule|HP Percentage Mod: HP is shown in percentages
|rule|Endless Battle Clause: Forcing endless battles is banned
|rule|OHKO Clause: OHKO moves are banned
|rule|Evasion Moves Clause: Evasion moves are banned
|rule|Species Clause: Limit one of each Pokémon
|rule|Dynamax Clause: You cannot dynamax
|rule|Sleep Clause Mod: Limit one foe put to sleep
|rule|Freeze Clause Mod: Limit one foe frozen
|raw|<img src="https:\/\/www.smogon.com\/forums\/attachments\/banner_2-png.302358\/" height="65" width="381">
|-message|Welcome to Megas for All!
|-message|This is a National Dex-based format where we aim to give a new Mega Evolution to every Pokémon.
|-message|Just like any official format, you can still only Mega Evolve one Pokémon per team!
|-message|You can find our thread and metagame resources here:
|-message|https:\/\/www.smogon.com\/forums\/threads\/3671140\/
|teampreview
|j|+inkbug1

|
|t:|1624998985
|start
|switch|p1a: Klefki|Klefki, M|100\/100
|switch|p2a: Tangrowth|Tangrowth, M|100\/100
|turn|1
|
|t:|1624998992
|move|p1a: Klefki|Thunder Wave|p2a: Tangrowth|[miss]
|-miss|p1a: Klefki|p2a: Tangrowth
|move|p2a: Tangrowth|Earthquake|p1a: Klefki
|-supereffective|p1a: Klefki
|-damage|p1a: Klefki|59\/100
|
|upkeep
|turn|2
|j| Ninjacid
|
|t:|1624998998
|switch|p2a: Zapdos|Zapdos|100\/100
|move|p1a: Klefki|Reflect|p1a: Klefki
|-sidestart|p1: woopersons|Reflect
|
|upkeep
|turn|3
|j| AllBrakesRise
|
|t:|1624999004
|move|p1a: Klefki|Light Screen|p1a: Klefki
|-sidestart|p1: woopersons|move: Light Screen
|move|p2a: Zapdos|Discharge|p1a: Klefki
|-damage|p1a: Klefki|39\/100
|
|upkeep
|turn|4
|l| AllBrakesRise
|
|t:|1624999010
|move|p2a: Zapdos|Defog|p1a: Klefki
|-unboost|p1a: Klefki|evasion|1
|-sideend|p1: woopersons|Reflect
|-sideend|p1: woopersons|move: Light Screen
|move|p1a: Klefki|Dazzling Gleam|p2a: Zapdos
|-damage|p2a: Zapdos|78\/100
|
|upkeep
|turn|5
|
|t:|1624999017
|move|p1a: Klefki|Light Screen|p1a: Klefki
|-sidestart|p1: woopersons|move: Light Screen
|move|p2a: Zapdos|Discharge|p1a: Klefki
|-damage|p1a: Klefki|18\/100
|-status|p1a: Klefki|par
|
|upkeep
|turn|6
|
|t:|1624999023
|move|p1a: Klefki|Light Screen||[still]
|-fail|p1a: Klefki
|move|p2a: Zapdos|Discharge|p1a: Klefki
|-damage|p1a: Klefki|0 fnt
|faint|p1a: Klefki
|
|upkeep
|
|t:|1624999026
|switch|p1a: Porygon-Z|Porygon-Z|100\/100
|turn|7
|
|t:|1624999032
|-zpower|p1a: Porygon-Z
|move|p1a: Porygon-Z|Z-Conversion|p1a: Porygon-Z|[anim]Conversion
|-boost|p1a: Porygon-Z|atk|1|[zeffect]
|-boost|p1a: Porygon-Z|def|1|[zeffect]
|-boost|p1a: Porygon-Z|spa|1|[zeffect]
|-boost|p1a: Porygon-Z|spd|1|[zeffect]
|-boost|p1a: Porygon-Z|spe|1|[zeffect]
|-start|p1a: Porygon-Z|typechange|Ghost
|move|p2a: Zapdos|Defog|p1a: Porygon-Z
|-unboost|p1a: Porygon-Z|evasion|1
|-sideend|p1: woopersons|move: Light Screen
|
|upkeep
|turn|8
|j| exploziff
|
|t:|1624999044
|move|p1a: Porygon-Z|Shadow Ball|p2a: Zapdos
|-damage|p2a: Zapdos|0 fnt
|faint|p2a: Zapdos
|
|upkeep
|
|t:|1624999057
|switch|p2a: Scizor|Scizor, M|100\/100
|turn|9
|c| exploziff|is that trouble i smell ?
|
|t:|1624999065
|detailschange|p2a: Scizor|Scizor-Mega, M
|-mega|p2a: Scizor|Scizor|Scizorite
|-start|p2a: Scizor|typechange|Bug\/Steel|[silent]
|raw|<ul class="utilichart"><li class="result"><span class="col pokemonnamecol" style="white-space: nowrap">Scizor-Mega<\/span> <span class="col typecol"><img src="https:\/\/play.pokemonshowdown.com\/sprites\/types\/Bug.png" alt="Bug" height="14" width="32"><img src="https:\/\/play.pokemonshowdown.com\/sprites\/types\/Steel.png" alt="Steel" height="14" width="32"><\/span> <span style="float: left ; min-height: 26px"><span class="col abilitycol">Technician<\/span><span class="col abilitycol"><\/span><\/span><span style="float: left ; min-height: 26px"><span class="col statcol"><em>HP<\/em><br>70<\/span> <span class="col statcol"><em>Atk<\/em><br>150<\/span> <span class="col statcol"><em>Def<\/em><br>140<\/span> <span class="col statcol"><em>SpA<\/em><br>65<\/span> <span class="col statcol"><em>SpD<\/em><br>100<\/span> <span class="col statcol"><em>Spe<\/em><br>75<\/span> <\/span><\/li><li style="clear: both"><\/li><\/ul>
|move|p1a: Porygon-Z|Shadow Ball|p2a: Scizor
|-damage|p2a: Scizor|26\/100
|move|p2a: Scizor|Curse|p2a: Scizor
|-unboost|p2a: Scizor|spe|1
|-boost|p2a: Scizor|atk|1
|-boost|p2a: Scizor|def|1
|
|upkeep
|turn|10
|
|t:|1624999074
|move|p2a: Scizor|Bullet Punch|p1a: Porygon-Z
|-damage|p1a: Porygon-Z|53\/100
|move|p1a: Porygon-Z|Shadow Ball|p2a: Scizor
|-damage|p2a: Scizor|0 fnt
|faint|p2a: Scizor
|
|upkeep
|
|t:|1624999082
|switch|p2a: Tangrowth|Tangrowth, M|100\/100
|turn|11
|
|t:|1624999090
|move|p1a: Porygon-Z|Shadow Ball|p2a: Tangrowth
|-damage|p2a: Tangrowth|43\/100
|move|p2a: Tangrowth|Knock Off|p1a: Porygon-Z
|-supereffective|p1a: Porygon-Z
|-damage|p1a: Porygon-Z|26\/100
|
|upkeep
|turn|12
|
|t:|1624999097
|move|p1a: Porygon-Z|Shadow Ball|p2a: Tangrowth
|-damage|p2a: Tangrowth|0 fnt
|faint|p2a: Tangrowth
|
|upkeep
|c|☆DeltaSmogon|god
|c|☆DeltaSmogon|help me
|
|t:|1624999116
|switch|p2a: Swampert|Swampert, F|100\/100
|turn|13
|
|t:|1624999120
|move|p1a: Porygon-Z|Shadow Ball|p2a: Swampert
|-damage|p2a: Swampert|48\/100
|move|p2a: Swampert|Earthquake|p1a: Porygon-Z
|-damage|p1a: Porygon-Z|0 fnt
|faint|p1a: Porygon-Z
|
|-heal|p2a: Swampert|54\/100|[from] item: Leftovers
|upkeep
|
|t:|1624999129
|switch|p1a: Weavile|Weavile, M|100\/100
|-ability|p1a: Weavile|Pressure
|turn|14
|
|t:|1624999136
|move|p2a: Swampert|Protect|p2a: Swampert
|-singleturn|p2a: Swampert|Protect
|move|p1a: Weavile|Fake Out|p2a: Swampert
|-activate|p2a: Swampert|move: Protect
|
|-heal|p2a: Swampert|60\/100|[from] item: Leftovers
|upkeep
|turn|15
|
|t:|1624999151
|move|p1a: Weavile|Icicle Crash|p2a: Swampert
|-damage|p2a: Swampert|24\/100
|move|p2a: Swampert|Flip Turn|p1a: Weavile
|-damage|p1a: Weavile|46\/100
|
|t:|1624999158
|switch|p2a: Blaziken|Blaziken, M|100\/100|[from]move: Flip Turn
|
|upkeep
|turn|16
|
|t:|1624999167
|move|p1a: Weavile|Knock Off|p2a: Blaziken
|-resisted|p2a: Blaziken
|-damage|p2a: Blaziken|75\/100
|move|p2a: Blaziken|Swords Dance|p2a: Blaziken
|-boost|p2a: Blaziken|atk|2
|
|-ability|p2a: Blaziken|Speed Boost|boost
|-boost|p2a: Blaziken|spe|1
|upkeep
|turn|17
|c| exploziff|counter sweep ?
|
|t:|1624999180
|move|p2a: Blaziken|Close Combat|p1a: Weavile
|-supereffective|p1a: Weavile
|-damage|p1a: Weavile|0 fnt
|-unboost|p2a: Blaziken|def|1
|-unboost|p2a: Blaziken|spd|1
|faint|p1a: Weavile
|
|-ability|p2a: Blaziken|Speed Boost|boost
|-boost|p2a: Blaziken|spe|1
|upkeep
|
|t:|1624999183
|switch|p1a: Dragalge|Dragalge, F|100\/100
|turn|18
|
|t:|1624999200
|detailschange|p1a: Dragalge|Dragalge-Mega, F
|-mega|p1a: Dragalge|Dragalge|Dragalgite
|-fieldstart|move: Acidic Terrain|[from] ability: Acidic Surge|[of] p1a: Dragalge
|-message|Poison-type moves used by grounded Pokémon will have their power increased.
|-message|Grounded Steel-type Pokémon will also lose their immunity to Poison-type moves.
|-start|p1a: Dragalge|typechange|Poison\/Dragon|[silent]
|raw|<ul class="utilichart"><li class="result"><span class="col pokemonnamecol" style="white-space: nowrap">Dragalge-Mega<\/span> <span class="col typecol"><img src="https:\/\/play.pokemonshowdown.com\/sprites\/types\/Poison.png" alt="Poison" height="14" width="32"><img src="https:\/\/play.pokemonshowdown.com\/sprites\/types\/Dragon.png" alt="Dragon" height="14" width="32"><\/span> <span style="float: left ; min-height: 26px"><span class="col abilitycol">Acidic Surge<\/span><span class="col abilitycol"><\/span><\/span><span style="float: left ; min-height: 26px"><span class="col statcol"><em>HP<\/em><br>65<\/span> <span class="col statcol"><em>Atk<\/em><br>95<\/span> <span class="col statcol"><em>Def<\/em><br>90<\/span> <span class="col statcol"><em>SpA<\/em><br>147<\/span> <span class="col statcol"><em>SpD<\/em><br>153<\/span> <span class="col statcol"><em>Spe<\/em><br>44<\/span> <\/span><\/li><li style="clear: both"><\/li><\/ul>
|move|p2a: Blaziken|Close Combat|p1a: Dragalge
|-resisted|p1a: Dragalge
|-damage|p1a: Dragalge|33\/100
|-unboost|p2a: Blaziken|def|1
|-unboost|p2a: Blaziken|spd|1
|move|p1a: Dragalge|Sludge Bomb|p2a: Blaziken
|-crit|p2a: Blaziken
|-damage|p2a: Blaziken|0 fnt
|faint|p2a: Blaziken
|
|upkeep
|j| mundo bita
|
|t:|1624999212
|switch|p2a: Greninja|Greninja, F|100\/100
|turn|19
|
|t:|1624999215
|move|p2a: Greninja|Ice Beam|p1a: Dragalge
|-start|p2a: Greninja|typechange|Ice|[from] ability: Protean
|-supereffective|p1a: Dragalge
|-damage|p1a: Dragalge|0 fnt
|faint|p1a: Dragalge
|
|upkeep
|
|t:|1624999224
|switch|p1a: Hawlucha|Hawlucha, M|100\/100
|-enditem|p1a: Hawlucha|Acidic Seed
|-boost|p1a: Hawlucha|spd|1|[from] item: Acidic Seed
|turn|20
|
|t:|1624999228
|move|p1a: Hawlucha|Close Combat|p2a: Greninja
|-supereffective|p2a: Greninja
|-damage|p2a: Greninja|0 fnt
|-unboost|p1a: Hawlucha|def|1
|-unboost|p1a: Hawlucha|spd|1
|faint|p2a: Greninja
|
|upkeep
|c| mundo bita|woopersons se tu perder eu vou pater nas suas ancas
|
|t:|1624999235
|switch|p2a: Swampert|Swampert, F|24\/100
|turn|21
|
|t:|1624999239
|move|p2a: Swampert|Protect|p2a: Swampert
|-singleturn|p2a: Swampert|Protect
|move|p1a: Hawlucha|Close Combat|p2a: Swampert
|-activate|p2a: Swampert|move: Protect
|
|-heal|p2a: Swampert|30\/100|[from] item: Leftovers
|upkeep
|turn|22
|c|☆woopersons|:+1:
|
|t:|1624999248
|move|p1a: Hawlucha|Close Combat|p2a: Swampert
|-damage|p2a: Swampert|0 fnt
|-unboost|p1a: Hawlucha|def|1
|-unboost|p1a: Hawlucha|spd|1
|faint|p2a: Swampert
|
|win|woopersons
|c|☆woopersons|gg!
|c|☆DeltaSmogon|gg
|c| exploziff|what was the z on blaz ?
|j| Sticky Fingaa⌐▨_▨
|c|☆DeltaSmogon|Electrium
|l| mundo bita
|l| Sticky Fingaa⌐▨_▨
|l|☆woopersons
|l|☆DeltaSmogon</script>
</div>
<div class="battle-log battle-log-inline"><div class="inner"><div class="battle-options"><div style="padding-top: 3px; padding-right: 3px; text-align: right"><button class="icon button" name="openBattleOptions" title="Options">Battle Options</button></div></div><div class="inner message-log"><div class="chat"><small>☆woopersons and ☆DeltaSmogon joined</small></div><div class=""><small>Format:</small> <br><strong>[Gen 8] M4A Suspect</strong></div><div class=""><small><em>HP Percentage Mod:</em> HP is shown in percentages</small></div><div class=""><small><em>Endless Battle Clause:</em> Forcing endless battles is banned</small></div><div class=""><small><em>OHKO Clause:</em> OHKO moves are banned</small></div><div class=""><small><em>Evasion Moves Clause:</em> Evasion moves are banned</small></div><div class=""><small><em>Species Clause:</em> Limit one of each Pokémon</small></div><div class=""><small><em>Dynamax Clause:</em> You cannot dynamax</small></div><div class=""><small><em>Sleep Clause Mod:</em> Limit one foe put to sleep</small></div><div class=""><small><em>Freeze Clause Mod:</em> Limit one foe frozen</small></div><div class="chat"><img src="https://www.smogon.com/forums/attachments/banner_2-png.302358/" height="65" width="381"></div><div class="spacer battle-history"><br></div><div class="battle-history"><small>Welcome to Megas for All!</small><br></div><div class="battle-history"><small>This is a National Dex-based format where we aim to give a new Mega Evolution to every Pokémon.</small><br></div><div class="battle-history"><small>Just like any official format, you can still only Mega Evolve one Pokémon per team!</small><br></div><div class="battle-history"><small>You can find our thread and metagame resources here:</small><br></div><div class="battle-history"><small>https://www.smogon.com/forums/threads/3671140/</small><br></div><div class="chat battle-history"><strong>woopersons's team:</strong> <em style="color:#445566;display:block;">Dragalge / Blaziken / Porygon-Z / Klefki / Weavile / Hawlucha</em></div><div class="chat battle-history"><strong>DeltaSmogon's team:</strong> <em style="color:#445566;display:block;">Tangrowth / Scizor / Zapdos / Blaziken / Swampert / Greninja</em></div><div class="chat"><small>+inkbug1 joined</small></div><div class="spacer battle-history"><br></div><div class="battle-history">Battle started between woopersons and DeltaSmogon!<br></div><div class="spacer battle-history"><br></div><div class="battle-history">Go! <strong>Klefki</strong>!<br></div><div class="spacer battle-history"><br></div><div class="battle-history">DeltaSmogon sent out <strong>Tangrowth</strong>!<br></div><div class="spacer battle-history"><br></div><h2 class="battle-history">Turn 1</h2><div class="spacer battle-history"><br></div><div class="battle-history">Klefki used <strong>Thunder Wave</strong>!<br></div><div class="battle-history"><small>The opposing Tangrowth avoided the attack!</small><br></div><div class="spacer battle-history"><br></div><div class="battle-history">The opposing Tangrowth used <strong>Earthquake</strong>!<br></div><div class="battle-history"><small>It's super effective!</small><br></div><div class="battle-history"><small>(Klefki lost 41% of its health!)</small><br></div><div class="spacer battle-history"><br></div><h2 class="battle-history">Turn 2</h2><div class="chat"><small> Ninjacid joined</small></div><div class="spacer battle-history"><br></div><div class="battle-history">DeltaSmogon withdrew Tangrowth!<br></div><div class="battle-history">DeltaSmogon sent out <strong>Zapdos</strong>!<br></div><div class="spacer battle-history"><br></div><div class="battle-history">Klefki used <strong>Reflect</strong>!<br></div><div class="battle-history"><small>Reflect made your team stronger against physical moves!</small><br></div><div class="spacer battle-history"><br></div><h2 class="battle-history">Turn 3</h2><div class="chat"><small> AllBrakesRise joined</small></div><div class="spacer battle-history"><br></div><div class="battle-history">Klefki used <strong>Light Screen</strong>!<br></div><div class="battle-history"><small>Light Screen made your team stronger against special moves!</small><br></div><div class="spacer battle-history"><br></div><div class="battle-history">The opposing Zapdos used <strong>Discharge</strong>!<br></div><div class="battle-history"><small>(Klefki lost 20% of its health!)</small><br></div><div class="spacer battle-history"><br></div><h2 class="battle-history">Turn 4</h2><div class="chat"><small> AllBrakesRise left</small></div><div class="spacer battle-history"><br></div><div class="battle-history">The opposing Zapdos used <strong>Defog</strong>!<br></div><div class="battle-history"><small>Klefki's evasiveness fell!</small><br></div><div class="battle-history"><small>Your team's Reflect wore off!</small><br></div><div class="battle-history"><small>Your team's Light Screen wore off!</small><br></div><div class="spacer battle-history"><br></div><div class="battle-history">Klefki used <strong>Dazzling Gleam</strong>!<br></div><div class="battle-history"><small>(The opposing Zapdos lost 22% of its health!)</small><br></div><div class="spacer battle-history"><br></div><h2 class="battle-history">Turn 5</h2><div class="spacer battle-history"><br></div><div class="battle-history">Klefki used <strong>Light Screen</strong>!<br></div><div class="battle-history"><small>Light Screen made your team stronger against special moves!</small><br></div><div class="spacer battle-history"><br></div><div class="battle-history">The opposing Zapdos used <strong>Discharge</strong>!<br></div><div class="battle-history"><small>(Klefki lost 21% of its health!)</small><br></div><div class="battle-history"><small>Klefki is paralyzed! It may be unable to move!</small><br></div><div class="spacer battle-history"><br></div><h2 class="battle-history">Turn 6</h2><div class="spacer battle-history"><br></div><div class="battle-history">Klefki used <strong>Light Screen</strong>!<br></div><div class="battle-history"><small>But it failed!</small><br></div><div class="spacer battle-history"><br></div><div class="battle-history">The opposing Zapdos used <strong>Discharge</strong>!<br></div><div class="battle-history"><small>(Klefki lost 18% of its health!)</small><br></div><div class="spacer battle-history"><br></div><div class="battle-history">Klefki fainted!<br></div><div class="spacer battle-history"><br></div><div class="battle-history">Go! <strong>Porygon-Z</strong>!<br></div><div class="spacer battle-history"><br></div><h2 class="battle-history">Turn 7</h2><div class="spacer battle-history"><br></div><div class="battle-history"><small>Porygon-Z surrounded itself with its Z-Power!</small><br></div><div class="spacer battle-history"><br></div><div class="battle-history">Porygon-Z used <strong>Z-Conversion</strong>!<br></div><div class="battle-history"><small>Porygon-Z boosted its Attack using its Z-Power!</small><br></div><div class="battle-history"><small>Porygon-Z boosted its Defense using its Z-Power!</small><br></div><div class="battle-history"><small>Porygon-Z boosted its Sp. Atk using its Z-Power!</small><br></div><div class="battle-history"><small>Porygon-Z boosted its Sp. Def using its Z-Power!</small><br></div><div class="battle-history"><small>Porygon-Z boosted its Speed using its Z-Power!</small><br></div><div class="battle-history"><small>Porygon-Z's type changed to Ghost!</small><br></div><div class="spacer battle-history"><br></div><div class="battle-history">The opposing Zapdos used <strong>Defog</strong>!<br></div><div class="battle-history"><small>Porygon-Z's evasiveness fell!</small><br></div><div class="battle-history"><small>Your team's Light Screen wore off!</small><br></div><div class="spacer battle-history"><br></div><h2 class="battle-history">Turn 8</h2><div class="chat"><small> exploziff joined</small></div><div class="spacer battle-history"><br></div><div class="battle-history">Porygon-Z used <strong>Shadow Ball</strong>!<br></div><div class="battle-history"><small>(The opposing Zapdos lost 78% of its health!)</small><br></div><div class="spacer battle-history"><br></div><div class="battle-history">The opposing Zapdos fainted!<br></div><div class="spacer battle-history"><br></div><div class="battle-history">DeltaSmogon sent out <strong>Scizor</strong>!<br></div><div class="spacer battle-history"><br></div><h2 class="battle-history">Turn 9</h2><div class="chat chatmessage-exploziff"><strong style="color:#70a52f"><small> </small><span class="username" data-name="exploziff">exploziff</span>:</strong> <em>is that trouble i smell ?</em></div><div class="spacer battle-history"><br></div><div class="battle-history"><small>The opposing Scizor's Scizorite is reacting to the Key Stone!</small><br>The opposing Scizor has Mega Evolved into Mega Scizor!<br></div><div class="chat"><ul class="utilichart"><li class="result"><span class="col pokemonnamecol" style="white-space: nowrap">Scizor-Mega</span> <span class="col typecol"><img src="https://play.pokemonshowdown.com/sprites/types/Bug.png" alt="Bug" height="14" width="32"><img src="https://play.pokemonshowdown.com/sprites/types/Steel.png" alt="Steel" height="14" width="32"></span> <span style="float: left ; min-height: 26px"><span class="col abilitycol">Technician</span><span class="col abilitycol"></span></span><span style="float: left ; min-height: 26px"><span class="col statcol"><em>HP</em><br>70</span> <span class="col statcol"><em>Atk</em><br>150</span> <span class="col statcol"><em>Def</em><br>140</span> <span class="col statcol"><em>SpA</em><br>65</span> <span class="col statcol"><em>SpD</em><br>100</span> <span class="col statcol"><em>Spe</em><br>75</span> </span></li><li style="clear: both"></li></ul></div><div class="spacer battle-history"><br></div><div class="battle-history">Porygon-Z used <strong>Shadow Ball</strong>!<br></div><div class="battle-history"><small>(The opposing Scizor lost 74% of its health!)</small><br></div><div class="spacer battle-history"><br></div><div class="battle-history">The opposing Scizor used <strong>Curse</strong>!<br></div><div class="battle-history"><small>The opposing Scizor's Speed fell!</small><br></div><div class="battle-history"><small>The opposing Scizor's Attack rose!</small><br></div><div class="battle-history"><small>The opposing Scizor's Defense rose!</small><br></div><div class="spacer battle-history"><br></div><h2 class="battle-history">Turn 10</h2><div class="spacer battle-history"><br></div><div class="battle-history">The opposing Scizor used <strong>Bullet Punch</strong>!<br></div><div class="battle-history"><small>(Porygon-Z lost 47% of its health!)</small><br></div><div class="spacer battle-history"><br></div><div class="battle-history">Porygon-Z used <strong>Shadow Ball</strong>!<br></div><div class="battle-history"><small>(The opposing Scizor lost 26% of its health!)</small><br></div><div class="spacer battle-history"><br></div><div class="battle-history">The opposing Scizor fainted!<br></div><div class="spacer battle-history"><br></div><div class="battle-history">DeltaSmogon sent out <strong>Tangrowth</strong>!<br></div><div class="spacer battle-history"><br></div><h2 class="battle-history">Turn 11</h2><div class="spacer battle-history"><br></div><div class="battle-history">Porygon-Z used <strong>Shadow Ball</strong>!<br></div><div class="battle-history"><small>(The opposing Tangrowth lost 57% of its health!)</small><br></div><div class="spacer battle-history"><br></div><div class="battle-history">The opposing Tangrowth used <strong>Knock Off</strong>!<br></div><div class="battle-history"><small>It's super effective!</small><br></div><div class="battle-history"><small>(Porygon-Z lost 27% of its health!)</small><br></div><div class="spacer battle-history"><br></div><h2 class="battle-history">Turn 12</h2><div class="spacer battle-history"><br></div><div class="battle-history">Porygon-Z used <strong>Shadow Ball</strong>!<br></div><div class="battle-history"><small>(The opposing Tangrowth lost 43% of its health!)</small><br></div><div class="spacer battle-history"><br></div><div class="battle-history">The opposing Tangrowth fainted!<br></div><div class="chat chatmessage-deltasmogon"><strong style="color:#4848ef"><small>☆</small><span class="username" data-name="DeltaSmogon">DeltaSmogon</span>:</strong> <em>god</em></div><div class="chat chatmessage-deltasmogon"><strong style="color:#4848ef"><small>☆</small><span class="username" data-name="DeltaSmogon">DeltaSmogon</span>:</strong> <em>help me</em></div><div class="spacer battle-history"><br></div><div class="battle-history">DeltaSmogon sent out <strong>Swampert</strong>!<br></div><div class="spacer battle-history"><br></div><h2 class="battle-history">Turn 13</h2><div class="spacer battle-history"><br></div><div class="battle-history">Porygon-Z used <strong>Shadow Ball</strong>!<br></div><div class="battle-history"><small>(The opposing Swampert lost 52% of its health!)</small><br></div><div class="spacer battle-history"><br></div><div class="battle-history">The opposing Swampert used <strong>Earthquake</strong>!<br></div><div class="battle-history"><small>(Porygon-Z lost 26% of its health!)</small><br></div><div class="spacer battle-history"><br></div><div class="battle-history">Porygon-Z fainted!<br></div><div class="spacer battle-history"><br></div><div class="battle-history"><small>The opposing Swampert restored a little HP using its Leftovers!</small><br></div><div class="spacer battle-history"><br></div><div class="battle-history">Go! <strong>Weavile</strong>!<br></div><div class="battle-history">[Weavile's Pressure]<br><small>Weavile is exerting its pressure!</small><br></div><div class="spacer battle-history"><br></div><h2 class="battle-history">Turn 14</h2><div class="spacer battle-history"><br></div><div class="battle-history">The opposing Swampert used <strong>Protect</strong>!<br></div><div class="battle-history"><small>The opposing Swampert protected itself!</small><br></div><div class="spacer battle-history"><br></div><div class="battle-history">Weavile used <strong>Fake Out</strong>!<br></div><div class="battle-history"><small>The opposing Swampert protected itself!</small><br></div><div class="spacer battle-history"><br></div><div class="battle-history"><small>The opposing Swampert restored a little HP using its Leftovers!</small><br></div><div class="spacer battle-history"><br></div><h2 class="battle-history">Turn 15</h2><div class="spacer battle-history"><br></div><div class="battle-history">Weavile used <strong>Icicle Crash</strong>!<br></div><div class="battle-history"><small>(The opposing Swampert lost 36% of its health!)</small><br></div><div class="spacer battle-history"><br></div><div class="battle-history">The opposing Swampert used <strong>Flip Turn</strong>!<br></div><div class="battle-history"><small>(Weavile lost 54% of its health!)</small><br></div><div class="spacer battle-history"><br></div><div class="battle-history">DeltaSmogon withdrew Swampert!<br></div><div class="battle-history">DeltaSmogon sent out <strong>Blaziken</strong>!<br></div><div class="spacer battle-history"><br></div><h2 class="battle-history">Turn 16</h2><div class="spacer battle-history"><br></div><div class="battle-history">Weavile used <strong>Knock Off</strong>!<br></div><div class="battle-history"><small>It's not very effective...</small><br></div><div class="battle-history"><small>(The opposing Blaziken lost 25% of its health!)</small><br></div><div class="spacer battle-history"><br></div><div class="battle-history">The opposing Blaziken used <strong>Swords Dance</strong>!<br></div><div class="battle-history"><small>The opposing Blaziken's Attack rose sharply!</small><br></div><div class="spacer battle-history"><br></div><div class="battle-history">[The opposing Blaziken's Speed Boost]<br></div><div class="battle-history"><small>The opposing Blaziken's Speed rose!</small><br></div><div class="spacer battle-history"><br></div><h2 class="battle-history">Turn 17</h2><div class="chat chatmessage-exploziff"><strong style="color:#70a52f"><small> </small><span class="username" data-name="exploziff">exploziff</span>:</strong> <em>counter sweep ?</em></div><div class="spacer battle-history"><br></div><div class="battle-history">The opposing Blaziken used <strong>Close Combat</strong>!<br></div><div class="battle-history"><small>It's super effective!</small><br></div><div class="battle-history"><small>(Weavile lost 46% of its health!)</small><br></div><div class="battle-history"><small>The opposing Blaziken's Defense fell!</small><br></div><div class="battle-history"><small>The opposing Blaziken's Sp. Def fell!</small><br></div><div class="spacer battle-history"><br></div><div class="battle-history">Weavile fainted!<br></div><div class="spacer battle-history"><br></div><div class="battle-history">[The opposing Blaziken's Speed Boost]<br></div><div class="battle-history"><small>The opposing Blaziken's Speed rose!</small><br></div><div class="spacer battle-history"><br></div><div class="battle-history">Go! <strong>Dragalge</strong>!<br></div><div class="spacer battle-history"><br></div><h2 class="battle-history">Turn 18</h2><div class="spacer battle-history"><br></div><div class="battle-history"><small>Dragalge's Dragalgite is reacting to the Key Stone!</small><br>Dragalge has Mega Evolved into Mega Dragalge!<br></div><div class="battle-history">[Dragalge's Acidic Surge]<br><small>(Acidic Terrain started!)</small><br></div><div class="battle-history"><small>Poison-type moves used by grounded Pokémon will have their power increased.</small><br></div><div class="battle-history"><small>Grounded Steel-type Pokémon will also lose their immunity to Poison-type moves.</small><br></div><div class="chat"><ul class="utilichart"><li class="result"><span class="col pokemonnamecol" style="white-space: nowrap">Dragalge-Mega</span> <span class="col typecol"><img src="https://play.pokemonshowdown.com/sprites/types/Poison.png" alt="Poison" height="14" width="32"><img src="https://play.pokemonshowdown.com/sprites/types/Dragon.png" alt="Dragon" height="14" width="32"></span> <span style="float: left ; min-height: 26px"><span class="col abilitycol">Acidic Surge</span><span class="col abilitycol"></span></span><span style="float: left ; min-height: 26px"><span class="col statcol"><em>HP</em><br>65</span> <span class="col statcol"><em>Atk</em><br>95</span> <span class="col statcol"><em>Def</em><br>90</span> <span class="col statcol"><em>SpA</em><br>147</span> <span class="col statcol"><em>SpD</em><br>153</span> <span class="col statcol"><em>Spe</em><br>44</span> </span></li><li style="clear: both"></li></ul></div><div class="spacer battle-history"><br></div><div class="battle-history">The opposing Blaziken used <strong>Close Combat</strong>!<br></div><div class="battle-history"><small>It's not very effective...</small><br></div><div class="battle-history"><small>(Dragalge lost 67% of its health!)</small><br></div><div class="battle-history"><small>The opposing Blaziken's Defense fell!</small><br></div><div class="battle-history"><small>The opposing Blaziken's Sp. Def fell!</small><br></div><div class="spacer battle-history"><br></div><div class="battle-history">Dragalge used <strong>Sludge Bomb</strong>!<br></div><div class="battle-history"><small>A critical hit!</small><br></div><div class="battle-history"><small>(The opposing Blaziken lost 75% of its health!)</small><br></div><div class="spacer battle-history"><br></div><div class="battle-history">The opposing Blaziken fainted!<br></div><div class="chat"><small> mundo bita joined</small></div><div class="spacer battle-history"><br></div><div class="battle-history">DeltaSmogon sent out <strong>Greninja</strong>!<br></div><div class="spacer battle-history"><br></div><h2 class="battle-history">Turn 19</h2><div class="spacer battle-history"><br></div><div class="battle-history">The opposing Greninja used <strong>Ice Beam</strong>!<br></div><div class="spacer battle-history"><br></div><div class="battle-history">[The opposing Greninja's Protean]<br><small>The opposing Greninja's type changed to Ice!</small><br></div><div class="battle-history"><small>It's super effective!</small><br></div><div class="battle-history"><small>(Dragalge lost 33% of its health!)</small><br></div><div class="spacer battle-history"><br></div><div class="battle-history">Dragalge fainted!<br></div><div class="spacer battle-history"><br></div><div class="battle-history">Go! <strong>Hawlucha</strong>!<br></div><div class="battle-history"><small>(Hawlucha used its Acidic Seed!)</small><br></div><div class="battle-history"><small>The Acidic Seed raised Hawlucha's Sp. Def!</small><br></div><div class="spacer battle-history"><br></div><h2 class="battle-history">Turn 20</h2><div class="spacer battle-history"><br></div><div class="battle-history">Hawlucha used <strong>Close Combat</strong>!<br></div><div class="battle-history"><small>It's super effective!</small><br></div><div class="battle-history"><small>(The opposing Greninja lost 100% of its health!)</small><br></div><div class="battle-history"><small>Hawlucha's Defense fell!</small><br></div><div class="battle-history"><small>Hawlucha's Sp. Def fell!</small><br></div><div class="spacer battle-history"><br></div><div class="battle-history">The opposing Greninja fainted!<br></div><div class="chat chatmessage-mundobita"><strong style="color:#0eaa9d"><small> </small><span class="username" data-name="mundo bita">mundo bita</span>:</strong> <em>woopersons se tu perder eu vou pater nas suas ancas</em></div><div class="spacer battle-history"><br></div><div class="battle-history">DeltaSmogon sent out <strong>Swampert</strong>!<br></div><div class="spacer battle-history"><br></div><h2 class="battle-history">Turn 21</h2><div class="spacer battle-history"><br></div><div class="battle-history">The opposing Swampert used <strong>Protect</strong>!<br></div><div class="battle-history"><small>The opposing Swampert protected itself!</small><br></div><div class="spacer battle-history"><br></div><div class="battle-history">Hawlucha used <strong>Close Combat</strong>!<br></div><div class="battle-history"><small>The opposing Swampert protected itself!</small><br></div><div class="spacer battle-history"><br></div><div class="battle-history"><small>The opposing Swampert restored a little HP using its Leftovers!</small><br></div><div class="spacer battle-history"><br></div><h2 class="battle-history">Turn 22</h2><div class="chat chatmessage-woopersons"><strong style="color:#578235"><small>☆</small><span class="username" data-name="woopersons">woopersons</span>:</strong> <em>:+1:</em></div><div class="spacer battle-history"><br></div><div class="battle-history">Hawlucha used <strong>Close Combat</strong>!<br></div><div class="battle-history"><small>(The opposing Swampert lost 30% of its health!)</small><br></div><div class="battle-history"><small>Hawlucha's Defense fell!</small><br></div><div class="battle-history"><small>Hawlucha's Sp. Def fell!</small><br></div><div class="spacer battle-history"><br></div><div class="battle-history">The opposing Swampert fainted!<br></div><div class="spacer battle-history"><br></div><div class="battle-history"><strong>woopersons</strong> won the battle!<br></div><div class="chat chatmessage-woopersons"><strong style="color:#578235"><small>☆</small><span class="username" data-name="woopersons">woopersons</span>:</strong> <em>gg!</em></div><div class="chat chatmessage-deltasmogon"><strong style="color:#4848ef"><small>☆</small><span class="username" data-name="DeltaSmogon">DeltaSmogon</span>:</strong> <em>gg</em></div><div class="chat chatmessage-exploziff"><strong style="color:#70a52f"><small> </small><span class="username" data-name="exploziff">exploziff</span>:</strong> <em>what was the z on blaz ?</em></div><div class="chat chatmessage-deltasmogon"><strong style="color:#4848ef"><small>☆</small><span class="username" data-name="DeltaSmogon">DeltaSmogon</span>:</strong> <em>Electrium</em></div><div class="chat"><small> Sticky Fingaa⌐▨_▨ joined;  mundo bita,  Sticky Fingaa⌐▨_▨, ☆woopersons, and ☆DeltaSmogon left</small></div></div><div class="inner-preempt message-log"></div></div></div>
</div>
<script>
let daily = Math.floor(Date.now()/1000/60/60/24);document.write('<script src="https://dragonheaven.herokuapp.com/js/replay-embed.js?version'+daily+'"></'+'script>');
</script>
