<!DOCTYPE html>
<meta charset="utf-8" />
<!-- version 1 -->
<title>[Gen 8] Megas for All replay: Coppersmith vs. EeveeGirl1380</title>
<style>
html,body {font-family:Verdana, sans-serif;font-size:10pt;margin:0;padding:0;}body{padding:12px 0;} .battle-log {font-family:Verdana, sans-serif;font-size:10pt;} .battle-log-inline {border:1px solid #AAAAAA;background:#EEF2F5;color:black;max-width:640px;margin:0 auto 80px;padding-bottom:5px;} .battle-log .inner {padding:4px 8px 0px 8px;} .battle-log .inner-preempt {padding:0 8px 4px 8px;} .battle-log .inner-after {margin-top:0.5em;} .battle-log h2 {margin:0.5em -8px;padding:4px 8px;border:1px solid #AAAAAA;background:#E0E7EA;border-left:0;border-right:0;font-family:Verdana, sans-serif;font-size:13pt;} .battle-log .chat {vertical-align:middle;padding:3px 0 3px 0;font-size:8pt;} .battle-log .chat strong {color:#40576A;} .battle-log .chat em {padding:1px 4px 1px 3px;color:#000000;font-style:normal;} .chat.mine {background:rgba(0,0,0,0.05);margin-left:-8px;margin-right:-8px;padding-left:8px;padding-right:8px;} .spoiler {color:#BBBBBB;background:#BBBBBB;padding:0px 3px;} .spoiler:hover, .spoiler:active, .spoiler-shown {color:#000000;background:#E2E2E2;padding:0px 3px;} .spoiler a {color:#BBBBBB;} .spoiler:hover a, .spoiler:active a, .spoiler-shown a {color:#2288CC;} .chat code, .chat .spoiler:hover code, .chat .spoiler:active code, .chat .spoiler-shown code {border:1px solid #C0C0C0;background:#EEEEEE;color:black;padding:0 2px;} .chat .spoiler code {border:1px solid #CCCCCC;background:#CCCCCC;color:#CCCCCC;} .battle-log .rated {padding:3px 4px;} .battle-log .rated strong {color:white;background:#89A;padding:1px 4px;border-radius:4px;} .spacer {margin-top:0.5em;} .message-announce {background:#6688AA;color:white;padding:1px 4px 2px;} .message-announce a, .broadcast-green a, .broadcast-blue a, .broadcast-red a {color:#DDEEFF;} .broadcast-green {background-color:#559955;color:white;padding:2px 4px;} .broadcast-blue {background-color:#6688AA;color:white;padding:2px 4px;} .infobox {border:1px solid #6688AA;padding:2px 4px;} .infobox-limited {max-height:200px;overflow:auto;overflow-x:hidden;} .broadcast-red {background-color:#AA5544;color:white;padding:2px 4px;} .message-learn-canlearn {font-weight:bold;color:#228822;text-decoration:underline;} .message-learn-cannotlearn {font-weight:bold;color:#CC2222;text-decoration:underline;} .message-effect-weak {font-weight:bold;color:#CC2222;} .message-effect-resist {font-weight:bold;color:#6688AA;} .message-effect-immune {font-weight:bold;color:#666666;} .message-learn-list {margin-top:0;margin-bottom:0;} .message-throttle-notice, .message-error {color:#992222;} .message-overflow, .chat small.message-overflow {font-size:0pt;} .message-overflow::before {font-size:9pt;content:'...';} .subtle {color:#3A4A66;}
</style>
<div class="wrapper replay-wrapper" style="max-width:1180px;margin:0 auto">
<input type="hidden" name="replayid" value="dragonheaven-gen8megasforall-319" />
<div class="battle"></div><div class="battle-log"></div><div class="replay-controls"></div><div class="replay-controls-2"></div>
<h1 style="font-weight:normal;text-align:center"><strong>[Gen 8] Megas for All</strong><br /><a href="http://pokemonshowdown.com/users/coppersmith" class="subtle" target="_blank">Coppersmith</a> vs. <a href="http://pokemonshowdown.com/users/eeveegirl1380" class="subtle" target="_blank">EeveeGirl1380</a></h1>
<script type="text/plain" class="battle-log-data">|j|☆Coppersmith
|j|☆EeveeGirl1380
|t:|1618964574
|player|p1|Coppersmith|1|
|player|p2|EeveeGirl1380|lady|
|teamsize|p1|6
|teamsize|p2|6
|gametype|singles
|gen|8
|tier|[Gen 8] Megas for All
|clearpoke
|poke|p1|Parasect, F|
|poke|p1|Tapu Lele|
|poke|p1|Landorus-Therian, M|
|poke|p1|Slowking, F|
|poke|p1|Corviknight, M|
|poke|p1|Tapu Fini|
|poke|p2|Archeops, F|
|poke|p2|Jolteon, M|
|poke|p2|Rillaboom, F|
|poke|p2|Grimmsnarl, M|
|poke|p2|Bisharp, F|
|poke|p2|Volcarona, M|
|rule|HP Percentage Mod: HP is shown in percentages
|rule|Endless Battle Clause: Forcing endless battles is banned
|rule|OHKO Clause: OHKO moves are banned
|rule|Evasion Moves Clause: Evasion moves are banned
|rule|Species Clause: Limit one of each Pokémon
|rule|Dynamax Clause: You cannot dynamax
|rule|Sleep Clause Mod: Limit one foe put to sleep
|rule|Freeze Clause Mod: Limit one foe frozen
|raw|<img src="https:\/\/www.smogon.com\/forums\/attachments\/banner_2-png.302358\/" height="65" width="381">
|-message|Welcome to Megas for All!
|-message|This is a National Dex-based format where we aim to give a new Mega Evolution to every Pokémon.
|-message|Just like any official format, you can still only Mega Evolve one Pokémon per team!
|-message|You can find our thread and metagame resources here:
|-message|https:\/\/www.smogon.com\/forums\/threads\/3671140\/
|teampreview
|j| Ninjacid
|c|☆EeveeGirl1380|glhf
|j|+inkbug1

|c| Ninjacid|Good luck both of you!!
|c|☆EeveeGirl1380|thanks
|
|t:|1618964623
|start
|switch|p1a: Fungus|Parasect, F|100\/100
|switch|p2a: Volcarona|Volcarona, M|100\/100
|turn|1
|c|☆EeveeGirl1380|hmm
|
|t:|1618964638
|detailschange|p1a: Fungus|Parasect-Mega, F
|-mega|p1a: Fungus|Parasect|Parasite
|-start|p1a: Fungus|typechange|Bug\/Dark|[silent]
|raw|<ul class="utilichart"><li class="result"><span class="col pokemonnamecol" style="white-space: nowrap">Parasect-Mega<\/span> <span class="col typecol"><img src="https:\/\/play.pokemonshowdown.com\/sprites\/types\/Bug.png" alt="Bug" height="14" width="32"><img src="https:\/\/play.pokemonshowdown.com\/sprites\/types\/Dark.png" alt="Dark" height="14" width="32"><\/span> <span style="float: left ; min-height: 26px"><span class="col abilitycol">Tinted Lens<\/span><span class="col abilitycol"><\/span><\/span><span style="float: left ; min-height: 26px"><span class="col statcol"><em>HP<\/em><br>60<\/span> <span class="col statcol"><em>Atk<\/em><br>130<\/span> <span class="col statcol"><em>Def<\/em><br>80<\/span> <span class="col statcol"><em>SpA<\/em><br>40<\/span> <span class="col statcol"><em>SpD<\/em><br>80<\/span> <span class="col statcol"><em>Spe<\/em><br>115<\/span> <\/span><\/li><li style="clear: both"><\/li><\/ul>
|move|p1a: Fungus|Spore|p2a: Volcarona
|-status|p2a: Volcarona|slp|[from] move: Spore
|cant|p2a: Volcarona|slp
|
|upkeep
|turn|2
|c|☆Coppersmith|glhf!
|c|☆EeveeGirl1380|well
|c|☆EeveeGirl1380|that isnt good
|
|t:|1618964653
|switch|p2a: Archeops|Archeops, F|100\/100
|move|p1a: Fungus|Swords Dance|p1a: Fungus
|-boost|p1a: Fungus|atk|2
|
|upkeep
|turn|3
|
|t:|1618964660
|move|p1a: Fungus|Knock Off|p2a: Archeops
|-damage|p2a: Archeops|0 fnt
|faint|p2a: Archeops
|
|upkeep
|c|☆EeveeGirl1380|why does it outspeed everything
|c|☆Coppersmith|h o l y
|c| Ninjacid|Was that mega
|c|☆Coppersmith|yeah it might’ve been 
|
|t:|1618964681
|switch|p2a: Grimmsnarl|Grimmsnarl, M|100\/100
|turn|4
|c|+inkbug1|had to have been, it didnt get an item knocked off 
|
|t:|1618964687
|switch|p1a: Templar|Corviknight, M|100\/100
|-ability|p1a: Templar|Pressure
|move|p2a: Grimmsnarl|Thunder Wave|p1a: Templar
|-status|p1a: Templar|par
|
|upkeep
|turn|5
|
|t:|1618964694
|switch|p2a: Jolteon|Jolteon, M|100\/100
|move|p1a: Templar|Brave Bird|p2a: Jolteon
|-resisted|p2a: Jolteon
|-damage|p2a: Jolteon|70\/100
|-damage|p1a: Templar|93\/100 par|[from] Recoil
|
|upkeep
|turn|6
|c| Ninjacid|It could’ve been z
|
|t:|1618964704
|switch|p1a: Nimbus|Landorus-Therian, M|100\/100
|-ability|p1a: Nimbus|Intimidate|boost
|-unboost|p2a: Jolteon|atk|1
|detailschange|p2a: Jolteon|Jolteon-Mega, M
|-mega|p2a: Jolteon|Jolteon|Jolteonite
|-start|p2a: Jolteon|typechange|Electric|[silent]
|raw|<ul class="utilichart"><li class="result"><span class="col pokemonnamecol" style="white-space: nowrap">Jolteon-Mega<\/span> <span class="col typecol"><img src="https:\/\/play.pokemonshowdown.com\/sprites\/types\/Electric.png" alt="Electric" height="14" width="32"><\/span> <span style="float: left ; min-height: 26px"><span class="col abilitycol">Tempestuous<\/span><span class="col abilitycol"><\/span><\/span><span style="float: left ; min-height: 26px"><span class="col statcol"><em>HP<\/em><br>65<\/span> <span class="col statcol"><em>Atk<\/em><br>65<\/span> <span class="col statcol"><em>Def<\/em><br>60<\/span> <span class="col statcol"><em>SpA<\/em><br>160<\/span> <span class="col statcol"><em>SpD<\/em><br>125<\/span> <span class="col statcol"><em>Spe<\/em><br>150<\/span> <\/span><\/li><li style="clear: both"><\/li><\/ul>
|move|p2a: Jolteon|Thunderbolt|p1a: Nimbus
|-immune|p1a: Nimbus
|
|upkeep
|turn|7
|c|+inkbug1|if you see archeops and jolteon on the same team its offften mega 
|c|☆EeveeGirl1380|i ain't saying anything
|c|☆Coppersmith|oho it’s ink!
|
|t:|1618964720
|switch|p2a: Rillaboom|Rillaboom, F|100\/100
|-fieldstart|move: Grassy Terrain|[from] ability: Grassy Surge|[of] p2a: Rillaboom
|-enditem|p2a: Rillaboom|Grassy Seed
|-boost|p2a: Rillaboom|def|1|[from] item: Grassy Seed
|move|p1a: Nimbus|Earthquake|p2a: Rillaboom
|-resisted|p2a: Rillaboom
|-damage|p2a: Rillaboom|90\/100
|
|-heal|p2a: Rillaboom|96\/100|[from] Grassy Terrain
|upkeep
|turn|8
|c|☆EeveeGirl1380|(it is mega)
|
|t:|1618964730
|switch|p1a: Templar|Corviknight, M|93\/100 par
|-ability|p1a: Templar|Pressure
|move|p2a: Rillaboom|Knock Off|p1a: Templar
|-damage|p1a: Templar|68\/100 par
|-damage|p2a: Rillaboom|80\/100|[from] item: Rocky Helmet|[of] p1a: Templar
|-enditem|p1a: Templar|Rocky Helmet|[from] move: Knock Off|[of] p2a: Rillaboom
|
|-heal|p2a: Rillaboom|86\/100|[from] Grassy Terrain
|upkeep
|turn|9
|c|+inkbug1|i made that strat so im always excited to see them on the same team :D 
|
|t:|1618964734
|move|p2a: Rillaboom|Drain Punch|p1a: Templar
|-damage|p1a: Templar|51\/100 par
|-heal|p2a: Rillaboom|96\/100|[from] drain|[of] p1a: Templar
|cant|p1a: Templar|par
|
|-heal|p2a: Rillaboom|100\/100|[from] Grassy Terrain
|upkeep
|turn|10
|
|t:|1618964741
|switch|p2a: Bisharp|Bisharp, F|100\/100
|move|p1a: Templar|Roost|p1a: Templar
|-heal|p1a: Templar|100\/100 par
|-singleturn|p1a: Templar|move: Roost
|
|upkeep
|turn|11
|j| TEST_BlueRay
|l| TEST_BlueRay
|
|t:|1618964754
|switch|p1a: Angelica|Tapu Fini, shiny|100\/100
|-fieldstart|move: Misty Terrain|[from] ability: Misty Surge|[of] p1a: Angelica
|move|p2a: Bisharp|Swords Dance|p2a: Bisharp
|-boost|p2a: Bisharp|atk|2
|
|upkeep
|turn|12
|
|t:|1618964762
|move|p1a: Angelica|Taunt|p2a: Bisharp
|-start|p2a: Bisharp|move: Taunt
|move|p2a: Bisharp|Iron Head|p1a: Angelica
|-damage|p1a: Angelica|37\/100
|
|-heal|p1a: Angelica|43\/100|[from] item: Leftovers
|upkeep
|turn|13
|c| Ninjacid|Niceeeeeeeee
|
|t:|1618964771
|move|p1a: Angelica|Draining Kiss|p2a: Bisharp
|-damage|p2a: Bisharp|72\/100
|-heal|p1a: Angelica|60\/100|[from] drain|[of] p2a: Bisharp
|move|p2a: Bisharp|Iron Head|p1a: Angelica
|-damage|p1a: Angelica|0 fnt
|faint|p1a: Angelica
|
|upkeep
|
|t:|1618964774
|switch|p1a: Fungus|Parasect-Mega, F|100\/100
|-start|p1a: Fungus|typechange|Bug\/Dark|[silent]
|turn|14
|
|t:|1618964782
|move|p1a: Fungus|Knock Off|p2a: Bisharp
|-resisted|p2a: Bisharp
|-damage|p2a: Bisharp|5\/100
|-enditem|p2a: Bisharp|Black Glasses|[from] move: Knock Off|[of] p1a: Fungus
|move|p2a: Bisharp|Iron Head|p1a: Fungus
|-damage|p1a: Fungus|0 fnt
|faint|p1a: Fungus
|
|-end|p2a: Bisharp|move: Taunt
|upkeep
|c|☆EeveeGirl1380|pog
|
|t:|1618964791
|switch|p1a: Nimbus|Landorus-Therian, M|100\/100
|-ability|p1a: Nimbus|Intimidate|boost
|-unboost|p2a: Bisharp|atk|1
|-ability|p2a: Bisharp|Defiant
|-boost|p2a: Bisharp|atk|2
|turn|15
|c|☆EeveeGirl1380|got rid of that threat
|c|☆EeveeGirl1380|o.o
|
|t:|1618964802
|move|p2a: Bisharp|Sucker Punch|p1a: Nimbus
|-damage|p1a: Nimbus|0 fnt
|faint|p1a: Nimbus
|
|-fieldend|Misty Terrain
|upkeep
|c|☆EeveeGirl1380|holy
|
|t:|1618964807
|switch|p1a: Empress|Tapu Lele, shiny|100\/100
|-fieldstart|move: Psychic Terrain|[from] ability: Psychic Surge|[of] p1a: Empress
|turn|16
|c|☆Coppersmith|Misplay whoops
|
|t:|1618964824
|move|p1a: Empress|Moonblast|p2a: Bisharp
|-damage|p2a: Bisharp|0 fnt
|faint|p2a: Bisharp
|
|upkeep
|
|t:|1618964832
|switch|p2a: Jolteon|Jolteon-Mega, M|70\/100
|-start|p2a: Jolteon|typechange|Electric|[silent]
|-ability|p2a: Jolteon|Tempestuous|boost
|-boost|p2a: Jolteon|spd|1
|-activate|p2a: Jolteon|move: Charge
|turn|17
|
|t:|1618964841
|switch|p1a: Soliloquy|Slowking, F, shiny|100\/100
|move|p2a: Jolteon|Thunderbolt|p1a: Soliloquy
|-supereffective|p1a: Soliloquy
|-damage|p1a: Soliloquy|0 fnt
|faint|p1a: Soliloquy
|
|upkeep
|
|t:|1618964846
|switch|p1a: Empress|Tapu Lele, shiny|100\/100
|turn|18
|
|t:|1618964856
|move|p2a: Jolteon|Thunderbolt|p1a: Empress
|-damage|p1a: Empress|40\/100
|move|p1a: Empress|Psychic|p2a: Jolteon
|-damage|p2a: Jolteon|11\/100
|
|upkeep
|turn|19
|c|☆Coppersmith|oof ok gg
|c|☆EeveeGirl1380|gg
|
|t:|1618964868
|move|p2a: Jolteon|Thunderbolt|p1a: Empress
|-damage|p1a: Empress|0 fnt
|faint|p1a: Empress
|
|upkeep
|
|t:|1618964870
|switch|p1a: Templar|Corviknight, M|100\/100 par
|-ability|p1a: Templar|Pressure
|turn|20
|
|t:|1618964874
|move|p2a: Jolteon|Thunderbolt|p1a: Templar
|-supereffective|p1a: Templar
|-damage|p1a: Templar|2\/100 par
|move|p1a: Templar|U-turn|p2a: Jolteon
|-crit|p2a: Jolteon
|-damage|p2a: Jolteon|0 fnt
|faint|p2a: Jolteon
|
|-fieldend|move: Psychic Terrain
|upkeep
|
|t:|1618964876
|switch|p2a: Rillaboom|Rillaboom, F|100\/100
|-fieldstart|move: Grassy Terrain|[from] ability: Grassy Surge|[of] p2a: Rillaboom
|turn|21
|c|☆EeveeGirl1380|dang it
|c|☆Coppersmith|gotttteeeeemmmmm
|
|t:|1618964887
|move|p2a: Rillaboom|Grassy Glide|p1a: Templar
|-resisted|p1a: Templar
|-damage|p1a: Templar|0 fnt
|faint|p1a: Templar
|
|win|EeveeGirl1380
|c|☆EeveeGirl1380|no m jolteon sweep
|l|☆EeveeGirl1380</script>
</div>
<div class="battle-log battle-log-inline"><div class="inner"><div class="battle-options"><div style="padding-top: 3px; padding-right: 3px; text-align: right"><button class="icon button" name="openBattleOptions" title="Options">Battle Options</button></div></div><div class="inner message-log"><div class="chat"><small>☆Coppersmith and ☆EeveeGirl1380 joined</small></div><div class=""><small>Format:</small> <br><strong>[Gen 8] Megas for All</strong></div><div class=""><small><em>HP Percentage Mod:</em> HP is shown in percentages</small></div><div class=""><small><em>Endless Battle Clause:</em> Forcing endless battles is banned</small></div><div class=""><small><em>OHKO Clause:</em> OHKO moves are banned</small></div><div class=""><small><em>Evasion Moves Clause:</em> Evasion moves are banned</small></div><div class=""><small><em>Species Clause:</em> Limit one of each Pokémon</small></div><div class=""><small><em>Dynamax Clause:</em> You cannot dynamax</small></div><div class=""><small><em>Sleep Clause Mod:</em> Limit one foe put to sleep</small></div><div class=""><small><em>Freeze Clause Mod:</em> Limit one foe frozen</small></div><div class="chat"><img src="https://www.smogon.com/forums/attachments/banner_2-png.302358/" height="65" width="381"></div><div class="spacer battle-history"><br></div><div class="battle-history"><small>Welcome to Megas for All!</small><br></div><div class="battle-history"><small>This is a National Dex-based format where we aim to give a new Mega Evolution to every Pokémon.</small><br></div><div class="battle-history"><small>Just like any official format, you can still only Mega Evolve one Pokémon per team!</small><br></div><div class="battle-history"><small>You can find our thread and metagame resources here:</small><br></div><div class="battle-history"><small>https://www.smogon.com/forums/threads/3671140/</small><br></div><div class="chat battle-history"><strong>Coppersmith's team:</strong> <em style="color:#445566;display:block;">Parasect / Tapu Lele / Landorus-Therian / Slowking / Corviknight / Tapu Fini</em></div><div class="chat battle-history"><strong>EeveeGirl1380's team:</strong> <em style="color:#445566;display:block;">Archeops / Jolteon / Rillaboom / Grimmsnarl / Bisharp / Volcarona</em></div><div class="chat"><small> Ninjacid joined</small></div><div class="chat chatmessage-eeveegirl1380"><strong style="color:#7b6dd7"><small>☆</small><span class="username" data-name="EeveeGirl1380">EeveeGirl1380</span>:</strong> <em>glhf</em></div><div class="chat"><small>+inkbug1 joined</small></div><div class="chat chatmessage-ninjacid"><strong style="color:#c62447"><small> </small><span class="username" data-name="Ninjacid">Ninjacid</span>:</strong> <em>Good luck both of you!!</em></div><div class="chat chatmessage-eeveegirl1380"><strong style="color:#7b6dd7"><small>☆</small><span class="username" data-name="EeveeGirl1380">EeveeGirl1380</span>:</strong> <em>thanks</em></div><div class="spacer battle-history"><br></div><div class="battle-history">Battle started between Coppersmith and EeveeGirl1380!<br></div><div class="spacer battle-history"><br></div><div class="battle-history">Go! Fungus (<strong>Parasect</strong>)!<br></div><div class="spacer battle-history"><br></div><div class="battle-history">EeveeGirl1380 sent out <strong>Volcarona</strong>!<br></div><div class="spacer battle-history"><br></div><h2 class="battle-history">Turn 1</h2><div class="chat chatmessage-eeveegirl1380"><strong style="color:#7b6dd7"><small>☆</small><span class="username" data-name="EeveeGirl1380">EeveeGirl1380</span>:</strong> <em>hmm</em></div><div class="spacer battle-history"><br></div><div class="battle-history"><small>Fungus's Parasite is reacting to the Key Stone!</small><br>Fungus has Mega Evolved into Mega Parasect!<br></div><div class="chat"><ul class="utilichart"><li class="result"><span class="col pokemonnamecol" style="white-space: nowrap">Parasect-Mega</span> <span class="col typecol"><img src="https://play.pokemonshowdown.com/sprites/types/Bug.png" alt="Bug" height="14" width="32"><img src="https://play.pokemonshowdown.com/sprites/types/Dark.png" alt="Dark" height="14" width="32"></span> <span style="float: left ; min-height: 26px"><span class="col abilitycol">Tinted Lens</span><span class="col abilitycol"></span></span><span style="float: left ; min-height: 26px"><span class="col statcol"><em>HP</em><br>60</span> <span class="col statcol"><em>Atk</em><br>130</span> <span class="col statcol"><em>Def</em><br>80</span> <span class="col statcol"><em>SpA</em><br>40</span> <span class="col statcol"><em>SpD</em><br>80</span> <span class="col statcol"><em>Spe</em><br>115</span> </span></li><li style="clear: both"></li></ul></div><div class="spacer battle-history"><br></div><div class="battle-history">Fungus used <strong>Spore</strong>!<br></div><div class="battle-history"><small>The opposing Volcarona fell asleep!</small><br></div><div class="spacer battle-history"><br></div><div class="battle-history">The opposing Volcarona is fast asleep.<br></div><div class="spacer battle-history"><br></div><h2 class="battle-history">Turn 2</h2><div class="chat chatmessage-coppersmith"><strong style="color:#0aa445"><small>☆</small><span class="username" data-name="Coppersmith">Coppersmith</span>:</strong> <em>glhf!</em></div><div class="chat chatmessage-eeveegirl1380"><strong style="color:#7b6dd7"><small>☆</small><span class="username" data-name="EeveeGirl1380">EeveeGirl1380</span>:</strong> <em>well</em></div><div class="chat chatmessage-eeveegirl1380"><strong style="color:#7b6dd7"><small>☆</small><span class="username" data-name="EeveeGirl1380">EeveeGirl1380</span>:</strong> <em>that isnt good</em></div><div class="spacer battle-history"><br></div><div class="battle-history">EeveeGirl1380 withdrew Volcarona!<br></div><div class="battle-history">EeveeGirl1380 sent out <strong>Archeops</strong>!<br></div><div class="spacer battle-history"><br></div><div class="battle-history">Fungus used <strong>Swords Dance</strong>!<br></div><div class="battle-history"><small>Fungus's Attack rose sharply!</small><br></div><div class="spacer battle-history"><br></div><h2 class="battle-history">Turn 3</h2><div class="spacer battle-history"><br></div><div class="battle-history">Fungus used <strong>Knock Off</strong>!<br></div><div class="battle-history"><small>(The opposing Archeops lost 100% of its health!)</small><br></div><div class="spacer battle-history"><br></div><div class="battle-history">The opposing Archeops fainted!<br></div><div class="chat chatmessage-eeveegirl1380"><strong style="color:#7b6dd7"><small>☆</small><span class="username" data-name="EeveeGirl1380">EeveeGirl1380</span>:</strong> <em>why does it outspeed everything</em></div><div class="chat chatmessage-coppersmith"><strong style="color:#0aa445"><small>☆</small><span class="username" data-name="Coppersmith">Coppersmith</span>:</strong> <em>h o l y</em></div><div class="chat chatmessage-ninjacid"><strong style="color:#c62447"><small> </small><span class="username" data-name="Ninjacid">Ninjacid</span>:</strong> <em>Was that mega</em></div><div class="chat chatmessage-coppersmith"><strong style="color:#0aa445"><small>☆</small><span class="username" data-name="Coppersmith">Coppersmith</span>:</strong> <em>yeah it might’ve been </em></div><div class="spacer battle-history"><br></div><div class="battle-history">EeveeGirl1380 sent out <strong>Grimmsnarl</strong>!<br></div><div class="spacer battle-history"><br></div><h2 class="battle-history">Turn 4</h2><div class="chat chatmessage-inkbug1 mine"><strong style="color:#e46e0f"><small>+</small><span class="username" data-name="inkbug1">inkbug1</span>:</strong> <em>had to have been, it didnt get an item knocked off </em></div><div class="spacer battle-history"><br></div><div class="battle-history">Fungus, come back!<br></div><div class="battle-history">Go! Templar (<strong>Corviknight</strong>)!<br></div><div class="battle-history">[Templar's Pressure]<br><small>Templar is exerting its pressure!</small><br></div><div class="spacer battle-history"><br></div><div class="battle-history">The opposing Grimmsnarl used <strong>Thunder Wave</strong>!<br></div><div class="battle-history"><small>Templar is paralyzed! It may be unable to move!</small><br></div><div class="spacer battle-history"><br></div><h2 class="battle-history">Turn 5</h2><div class="spacer battle-history"><br></div><div class="battle-history">EeveeGirl1380 withdrew Grimmsnarl!<br></div><div class="battle-history">EeveeGirl1380 sent out <strong>Jolteon</strong>!<br></div><div class="spacer battle-history"><br></div><div class="battle-history">Templar used <strong>Brave Bird</strong>!<br></div><div class="battle-history"><small>It's not very effective...</small><br></div><div class="battle-history"><small>(The opposing Jolteon lost 30% of its health!)</small><br></div><div class="battle-history"><small>Templar was damaged by the recoil!</small><br></div><div class="spacer battle-history"><br></div><h2 class="battle-history">Turn 6</h2><div class="chat chatmessage-ninjacid"><strong style="color:#c62447"><small> </small><span class="username" data-name="Ninjacid">Ninjacid</span>:</strong> <em>It could’ve been z</em></div><div class="spacer battle-history"><br></div><div class="battle-history">Templar, come back!<br></div><div class="battle-history">Go! Nimbus (<strong>Landorus-Therian</strong>)!<br></div><div class="battle-history">[Nimbus's Intimidate]<br></div><div class="battle-history"><small>The opposing Jolteon's Attack fell!</small><br></div><div class="spacer battle-history"><br></div><div class="battle-history"><small>The opposing Jolteon's Jolteonite is reacting to the Key Stone!</small><br>The opposing Jolteon has Mega Evolved into Mega Jolteon!<br></div><div class="chat"><ul class="utilichart"><li class="result"><span class="col pokemonnamecol" style="white-space: nowrap">Jolteon-Mega</span> <span class="col typecol"><img src="https://play.pokemonshowdown.com/sprites/types/Electric.png" alt="Electric" height="14" width="32"></span> <span style="float: left ; min-height: 26px"><span class="col abilitycol">Tempestuous</span><span class="col abilitycol"></span></span><span style="float: left ; min-height: 26px"><span class="col statcol"><em>HP</em><br>65</span> <span class="col statcol"><em>Atk</em><br>65</span> <span class="col statcol"><em>Def</em><br>60</span> <span class="col statcol"><em>SpA</em><br>160</span> <span class="col statcol"><em>SpD</em><br>125</span> <span class="col statcol"><em>Spe</em><br>150</span> </span></li><li style="clear: both"></li></ul></div><div class="spacer battle-history"><br></div><div class="battle-history">The opposing Jolteon used <strong>Thunderbolt</strong>!<br></div><div class="battle-history"><small>It doesn't affect Nimbus...</small><br></div><div class="spacer battle-history"><br></div><h2 class="battle-history">Turn 7</h2><div class="chat chatmessage-inkbug1 mine"><strong style="color:#e46e0f"><small>+</small><span class="username" data-name="inkbug1">inkbug1</span>:</strong> <em>if you see archeops and jolteon on the same team its offften mega </em></div><div class="chat chatmessage-eeveegirl1380"><strong style="color:#7b6dd7"><small>☆</small><span class="username" data-name="EeveeGirl1380">EeveeGirl1380</span>:</strong> <em>i ain't saying anything</em></div><div class="chat chatmessage-coppersmith"><strong style="color:#0aa445"><small>☆</small><span class="username" data-name="Coppersmith">Coppersmith</span>:</strong> <em>oho it’s ink!</em></div><div class="spacer battle-history"><br></div><div class="battle-history">EeveeGirl1380 withdrew Jolteon!<br></div><div class="battle-history">EeveeGirl1380 sent out <strong>Rillaboom</strong>!<br></div><div class="battle-history">[The opposing Rillaboom's Grassy Surge]<br><small>Grass grew to cover the battlefield!</small><br></div><div class="battle-history"><small>(The opposing Rillaboom used its Grassy Seed!)</small><br></div><div class="battle-history"><small>The Grassy Seed raised the opposing Rillaboom's Defense!</small><br></div><div class="spacer battle-history"><br></div><div class="battle-history">Nimbus used <strong>Earthquake</strong>!<br></div><div class="battle-history"><small>It's not very effective...</small><br></div><div class="battle-history"><small>(The opposing Rillaboom lost 10% of its health!)</small><br></div><div class="spacer battle-history"><br></div><div class="battle-history"><small>The opposing Rillaboom's HP was restored.</small><br></div><div class="spacer battle-history"><br></div><h2 class="battle-history">Turn 8</h2><div class="chat chatmessage-eeveegirl1380"><strong style="color:#7b6dd7"><small>☆</small><span class="username" data-name="EeveeGirl1380">EeveeGirl1380</span>:</strong> <em>(it is mega)</em></div><div class="spacer battle-history"><br></div><div class="battle-history">Nimbus, come back!<br></div><div class="battle-history">Go! Templar (<strong>Corviknight</strong>)!<br></div><div class="battle-history">[Templar's Pressure]<br><small>Templar is exerting its pressure!</small><br></div><div class="spacer battle-history"><br></div><div class="battle-history">The opposing Rillaboom used <strong>Knock Off</strong>!<br></div><div class="battle-history"><small>(Templar lost 25% of its health!)</small><br></div><div class="battle-history"><small>The opposing Rillaboom was hurt by the Rocky Helmet!</small><br></div><div class="battle-history"><small>The opposing Rillaboom knocked off Templar's Rocky Helmet!</small><br></div><div class="spacer battle-history"><br></div><div class="battle-history"><small>The opposing Rillaboom's HP was restored.</small><br></div><div class="spacer battle-history"><br></div><h2 class="battle-history">Turn 9</h2><div class="chat chatmessage-inkbug1 mine"><strong style="color:#e46e0f"><small>+</small><span class="username" data-name="inkbug1">inkbug1</span>:</strong> <em>i made that strat so im always excited to see them on the same team :D </em></div><div class="spacer battle-history"><br></div><div class="battle-history">The opposing Rillaboom used <strong>Drain Punch</strong>!<br></div><div class="battle-history"><small>(Templar lost 17% of its health!)</small><br></div><div class="battle-history"><small>Templar had its energy drained!</small><br></div><div class="spacer battle-history"><br></div><div class="battle-history">Templar is paralyzed! It can't move!<br></div><div class="spacer battle-history"><br></div><div class="battle-history"><small>The opposing Rillaboom's HP was restored.</small><br></div><div class="spacer battle-history"><br></div><h2 class="battle-history">Turn 10</h2><div class="spacer battle-history"><br></div><div class="battle-history">EeveeGirl1380 withdrew Rillaboom!<br></div><div class="battle-history">EeveeGirl1380 sent out <strong>Bisharp</strong>!<br></div><div class="spacer battle-history"><br></div><div class="battle-history">Templar used <strong>Roost</strong>!<br></div><div class="battle-history"><small>Templar had its HP restored.</small><br></div><div class="battle-history"><small>(Templar loses Flying type this turn.)</small><br></div><div class="spacer battle-history"><br></div><h2 class="battle-history">Turn 11</h2><div class="chat"><small> TEST_BlueRay joined;  TEST_BlueRay left</small></div><div class="spacer battle-history"><br></div><div class="battle-history">Templar, come back!<br></div><div class="battle-history">Go! Angelica (<strong>Tapu Fini</strong>)!<br></div><div class="battle-history">[Angelica's Misty Surge]<br><small>Mist swirled around the battlefield!</small><br></div><div class="spacer battle-history"><br></div><div class="battle-history">The opposing Bisharp used <strong>Swords Dance</strong>!<br></div><div class="battle-history"><small>The opposing Bisharp's Attack rose sharply!</small><br></div><div class="spacer battle-history"><br></div><h2 class="battle-history">Turn 12</h2><div class="spacer battle-history"><br></div><div class="battle-history">Angelica used <strong>Taunt</strong>!<br></div><div class="battle-history"><small>The opposing Bisharp fell for the taunt!</small><br></div><div class="spacer battle-history"><br></div><div class="battle-history">The opposing Bisharp used <strong>Iron Head</strong>!<br></div><div class="battle-history"><small>(Angelica lost 63% of its health!)</small><br></div><div class="spacer battle-history"><br></div><div class="battle-history"><small>Angelica restored a little HP using its Leftovers!</small><br></div><div class="spacer battle-history"><br></div><h2 class="battle-history">Turn 13</h2><div class="chat chatmessage-ninjacid"><strong style="color:#c62447"><small> </small><span class="username" data-name="Ninjacid">Ninjacid</span>:</strong> <em>Niceeeeeeeee</em></div><div class="spacer battle-history"><br></div><div class="battle-history">Angelica used <strong>Draining Kiss</strong>!<br></div><div class="battle-history"><small>(The opposing Bisharp lost 28% of its health!)</small><br></div><div class="battle-history"><small>The opposing Bisharp had its energy drained!</small><br></div><div class="spacer battle-history"><br></div><div class="battle-history">The opposing Bisharp used <strong>Iron Head</strong>!<br></div><div class="battle-history"><small>(Angelica lost 60% of its health!)</small><br></div><div class="spacer battle-history"><br></div><div class="battle-history">Angelica fainted!<br></div><div class="spacer battle-history"><br></div><div class="battle-history">Go! Fungus (<strong>Parasect-Mega</strong>)!<br></div><div class="spacer battle-history"><br></div><h2 class="battle-history">Turn 14</h2><div class="spacer battle-history"><br></div><div class="battle-history">Fungus used <strong>Knock Off</strong>!<br></div><div class="battle-history"><small>It's not very effective...</small><br></div><div class="battle-history"><small>(The opposing Bisharp lost 67% of its health!)</small><br></div><div class="battle-history"><small>Fungus knocked off the opposing Bisharp's Black Glasses!</small><br></div><div class="spacer battle-history"><br></div><div class="battle-history">The opposing Bisharp used <strong>Iron Head</strong>!<br></div><div class="battle-history"><small>(Fungus lost 100% of its health!)</small><br></div><div class="spacer battle-history"><br></div><div class="battle-history">Fungus fainted!<br></div><div class="spacer battle-history"><br></div><div class="battle-history"><small>The opposing Bisharp shook off the taunt!</small><br></div><div class="chat chatmessage-eeveegirl1380"><strong style="color:#7b6dd7"><small>☆</small><span class="username" data-name="EeveeGirl1380">EeveeGirl1380</span>:</strong> <em>pog</em></div><div class="spacer battle-history"><br></div><div class="battle-history">Go! Nimbus (<strong>Landorus-Therian</strong>)!<br></div><div class="battle-history">[Nimbus's Intimidate]<br></div><div class="battle-history"><small>The opposing Bisharp's Attack fell!</small><br></div><div class="battle-history">[The opposing Bisharp's Defiant]<br></div><div class="battle-history"><small>The opposing Bisharp's Attack rose sharply!</small><br></div><div class="spacer battle-history"><br></div><h2 class="battle-history">Turn 15</h2><div class="chat chatmessage-eeveegirl1380"><strong style="color:#7b6dd7"><small>☆</small><span class="username" data-name="EeveeGirl1380">EeveeGirl1380</span>:</strong> <em>got rid of that threat</em></div><div class="chat chatmessage-eeveegirl1380"><strong style="color:#7b6dd7"><small>☆</small><span class="username" data-name="EeveeGirl1380">EeveeGirl1380</span>:</strong> <em>o.o</em></div><div class="spacer battle-history"><br></div><div class="battle-history">The opposing Bisharp used <strong>Sucker Punch</strong>!<br></div><div class="battle-history"><small>(Nimbus lost 100% of its health!)</small><br></div><div class="spacer battle-history"><br></div><div class="battle-history">Nimbus fainted!<br></div><div class="spacer battle-history"><br></div><div class="battle-history"><small>The mist disappeared from the battlefield.</small><br></div><div class="chat chatmessage-eeveegirl1380"><strong style="color:#7b6dd7"><small>☆</small><span class="username" data-name="EeveeGirl1380">EeveeGirl1380</span>:</strong> <em>holy</em></div><div class="spacer battle-history"><br></div><div class="battle-history">Go! Empress (<strong>Tapu Lele</strong>)!<br></div><div class="battle-history">[Empress's Psychic Surge]<br><small>The battlefield got weird!</small><br></div><div class="spacer battle-history"><br></div><h2 class="battle-history">Turn 16</h2><div class="chat chatmessage-coppersmith"><strong style="color:#0aa445"><small>☆</small><span class="username" data-name="Coppersmith">Coppersmith</span>:</strong> <em>Misplay whoops</em></div><div class="spacer battle-history"><br></div><div class="battle-history">Empress used <strong>Moonblast</strong>!<br></div><div class="battle-history"><small>(The opposing Bisharp lost 5% of its health!)</small><br></div><div class="spacer battle-history"><br></div><div class="battle-history">The opposing Bisharp fainted!<br></div><div class="spacer battle-history"><br></div><div class="battle-history">EeveeGirl1380 sent out Jolteon (<strong>Jolteon-Mega</strong>)!<br></div><div class="battle-history">[The opposing Jolteon's Tempestuous]<br></div><div class="battle-history"><small>The opposing Jolteon's Sp. Def rose!</small><br></div><div class="battle-history"><small>The opposing Jolteon began charging power!</small><br></div><div class="spacer battle-history"><br></div><h2 class="battle-history">Turn 17</h2><div class="spacer battle-history"><br></div><div class="battle-history">Empress, come back!<br></div><div class="battle-history">Go! Soliloquy (<strong>Slowking</strong>)!<br></div><div class="spacer battle-history"><br></div><div class="battle-history">The opposing Jolteon used <strong>Thunderbolt</strong>!<br></div><div class="battle-history"><small>It's super effective!</small><br></div><div class="battle-history"><small>(Soliloquy lost 100% of its health!)</small><br></div><div class="spacer battle-history"><br></div><div class="battle-history">Soliloquy fainted!<br></div><div class="spacer battle-history"><br></div><div class="battle-history">Go! Empress (<strong>Tapu Lele</strong>)!<br></div><div class="spacer battle-history"><br></div><h2 class="battle-history">Turn 18</h2><div class="spacer battle-history"><br></div><div class="battle-history">The opposing Jolteon used <strong>Thunderbolt</strong>!<br></div><div class="battle-history"><small>(Empress lost 60% of its health!)</small><br></div><div class="spacer battle-history"><br></div><div class="battle-history">Empress used <strong>Psychic</strong>!<br></div><div class="battle-history"><small>(The opposing Jolteon lost 59% of its health!)</small><br></div><div class="spacer battle-history"><br></div><h2 class="battle-history">Turn 19</h2><div class="chat chatmessage-coppersmith"><strong style="color:#0aa445"><small>☆</small><span class="username" data-name="Coppersmith">Coppersmith</span>:</strong> <em>oof ok gg</em></div><div class="chat chatmessage-eeveegirl1380"><strong style="color:#7b6dd7"><small>☆</small><span class="username" data-name="EeveeGirl1380">EeveeGirl1380</span>:</strong> <em>gg</em></div><div class="spacer battle-history"><br></div><div class="battle-history">The opposing Jolteon used <strong>Thunderbolt</strong>!<br></div><div class="battle-history"><small>(Empress lost 40% of its health!)</small><br></div><div class="spacer battle-history"><br></div><div class="battle-history">Empress fainted!<br></div><div class="spacer battle-history"><br></div><div class="battle-history">Go! Templar (<strong>Corviknight</strong>)!<br></div><div class="battle-history">[Templar's Pressure]<br><small>Templar is exerting its pressure!</small><br></div><div class="spacer battle-history"><br></div><h2 class="battle-history">Turn 20</h2><div class="spacer battle-history"><br></div><div class="battle-history">The opposing Jolteon used <strong>Thunderbolt</strong>!<br></div><div class="battle-history"><small>It's super effective!</small><br></div><div class="battle-history"><small>(Templar lost 98% of its health!)</small><br></div><div class="spacer battle-history"><br></div><div class="battle-history">Templar used <strong>U-turn</strong>!<br></div><div class="battle-history"><small>A critical hit!</small><br></div><div class="battle-history"><small>(The opposing Jolteon lost 11% of its health!)</small><br></div><div class="spacer battle-history"><br></div><div class="battle-history">The opposing Jolteon fainted!<br></div><div class="spacer battle-history"><br></div><div class="battle-history"><small>The weirdness disappeared from the battlefield!</small><br></div><div class="spacer battle-history"><br></div><div class="battle-history">EeveeGirl1380 sent out <strong>Rillaboom</strong>!<br></div><div class="battle-history">[The opposing Rillaboom's Grassy Surge]<br><small>Grass grew to cover the battlefield!</small><br></div><div class="spacer battle-history"><br></div><h2 class="battle-history">Turn 21</h2><div class="chat chatmessage-eeveegirl1380"><strong style="color:#7b6dd7"><small>☆</small><span class="username" data-name="EeveeGirl1380">EeveeGirl1380</span>:</strong> <em>dang it</em></div><div class="chat chatmessage-coppersmith"><strong style="color:#0aa445"><small>☆</small><span class="username" data-name="Coppersmith">Coppersmith</span>:</strong> <em>gotttteeeeemmmmm</em></div><div class="spacer battle-history"><br></div><div class="battle-history">The opposing Rillaboom used <strong>Grassy Glide</strong>!<br></div><div class="battle-history"><small>It's not very effective...</small><br></div><div class="battle-history"><small>(Templar lost 2% of its health!)</small><br></div><div class="spacer battle-history"><br></div><div class="battle-history">Templar fainted!<br></div><div class="spacer battle-history"><br></div><div class="battle-history"><strong>EeveeGirl1380</strong> won the battle!<br></div><div class="chat chatmessage-eeveegirl1380"><strong style="color:#7b6dd7"><small>☆</small><span class="username" data-name="EeveeGirl1380">EeveeGirl1380</span>:</strong> <em>no m jolteon sweep</em></div><div class="chat"><small>☆EeveeGirl1380 left</small></div></div><div class="inner-preempt message-log"></div></div></div>
</div>
<script>
let daily = Math.floor(Date.now()/1000/60/60/24);document.write('<script src="https://dragonheaven.herokuapp.com/js/replay-embed.js?version'+daily+'"></'+'script>');
</script>
