<!DOCTYPE html>
<meta charset="utf-8" />
<!-- version 1 -->
<title>[Gen 8] Megas for All replay: ASnomPlaysShowdown vs. pupugugu</title>
<style>
html,body {font-family:Verdana, sans-serif;font-size:10pt;margin:0;padding:0;}body{padding:12px 0;} .battle-log {font-family:Verdana, sans-serif;font-size:10pt;} .battle-log-inline {border:1px solid #AAAAAA;background:#EEF2F5;color:black;max-width:640px;margin:0 auto 80px;padding-bottom:5px;} .battle-log .inner {padding:4px 8px 0px 8px;} .battle-log .inner-preempt {padding:0 8px 4px 8px;} .battle-log .inner-after {margin-top:0.5em;} .battle-log h2 {margin:0.5em -8px;padding:4px 8px;border:1px solid #AAAAAA;background:#E0E7EA;border-left:0;border-right:0;font-family:Verdana, sans-serif;font-size:13pt;} .battle-log .chat {vertical-align:middle;padding:3px 0 3px 0;font-size:8pt;} .battle-log .chat strong {color:#40576A;} .battle-log .chat em {padding:1px 4px 1px 3px;color:#000000;font-style:normal;} .chat.mine {background:rgba(0,0,0,0.05);margin-left:-8px;margin-right:-8px;padding-left:8px;padding-right:8px;} .spoiler {color:#BBBBBB;background:#BBBBBB;padding:0px 3px;} .spoiler:hover, .spoiler:active, .spoiler-shown {color:#000000;background:#E2E2E2;padding:0px 3px;} .spoiler a {color:#BBBBBB;} .spoiler:hover a, .spoiler:active a, .spoiler-shown a {color:#2288CC;} .chat code, .chat .spoiler:hover code, .chat .spoiler:active code, .chat .spoiler-shown code {border:1px solid #C0C0C0;background:#EEEEEE;color:black;padding:0 2px;} .chat .spoiler code {border:1px solid #CCCCCC;background:#CCCCCC;color:#CCCCCC;} .battle-log .rated {padding:3px 4px;} .battle-log .rated strong {color:white;background:#89A;padding:1px 4px;border-radius:4px;} .spacer {margin-top:0.5em;} .message-announce {background:#6688AA;color:white;padding:1px 4px 2px;} .message-announce a, .broadcast-green a, .broadcast-blue a, .broadcast-red a {color:#DDEEFF;} .broadcast-green {background-color:#559955;color:white;padding:2px 4px;} .broadcast-blue {background-color:#6688AA;color:white;padding:2px 4px;} .infobox {border:1px solid #6688AA;padding:2px 4px;} .infobox-limited {max-height:200px;overflow:auto;overflow-x:hidden;} .broadcast-red {background-color:#AA5544;color:white;padding:2px 4px;} .message-learn-canlearn {font-weight:bold;color:#228822;text-decoration:underline;} .message-learn-cannotlearn {font-weight:bold;color:#CC2222;text-decoration:underline;} .message-effect-weak {font-weight:bold;color:#CC2222;} .message-effect-resist {font-weight:bold;color:#6688AA;} .message-effect-immune {font-weight:bold;color:#666666;} .message-learn-list {margin-top:0;margin-bottom:0;} .message-throttle-notice, .message-error {color:#992222;} .message-overflow, .chat small.message-overflow {font-size:0pt;} .message-overflow::before {font-size:9pt;content:'...';} .subtle {color:#3A4A66;}
</style>
<div class="wrapper replay-wrapper" style="max-width:1180px;margin:0 auto">
<input type="hidden" name="replayid" value="dragonheaven-gen8megasforall-288" />
<div class="battle"></div><div class="battle-log"></div><div class="replay-controls"></div><div class="replay-controls-2"></div>
<h1 style="font-weight:normal;text-align:center"><strong>[Gen 8] Megas for All</strong><br /><a href="http://pokemonshowdown.com/users/asnomplaysshowdown" class="subtle" target="_blank">ASnomPlaysShowdown</a> vs. <a href="http://pokemonshowdown.com/users/pupugugu" class="subtle" target="_blank">pupugugu</a></h1>
<script type="text/plain" class="battle-log-data">|j|☆ASnomPlaysShowdown
|j|☆pupugugu
|t:|1635143630
|player|p1|ASnomPlaysShowdown|acetrainer|
|player|p2|pupugugu|caitlin|
|teamsize|p1|6
|teamsize|p2|6
|gametype|singles
|gen|8
|tier|[Gen 8] Megas for All
|rated|Tournament battle
|clearpoke
|poke|p1|Gothitelle, M|
|poke|p1|Drifblim, M|
|poke|p1|Marowak, M|
|poke|p1|Pikachu, F|
|poke|p1|Sableye, F|
|poke|p1|Tangrowth, M|
|poke|p2|Lanturn, F|
|poke|p2|Buzzwole|
|poke|p2|Kangaskhan, F|
|poke|p2|Audino, M|
|poke|p2|Unfezant, M|
|poke|p2|Pincurchin, M|
|rule|HP Percentage Mod: HP is shown in percentages
|rule|Endless Battle Clause: Forcing endless battles is banned
|rule|OHKO Clause: OHKO moves are banned
|rule|Evasion Moves Clause: Evasion moves are banned
|rule|Species Clause: Limit one of each Pokémon
|rule|Dynamax Clause: You cannot dynamax
|rule|Sleep Clause Mod: Limit one foe put to sleep
|rule|Freeze Clause Mod: Limit one foe frozen
|raw|<img src="https:\/\/raw.githubusercontent.com\/scoopapa\/DH\/master\/data\/mods\/m4av6\/sprites\/m4a_banner.png" height="65" width="381">
|-message|Welcome to Megas for All!
|-message|This is a National Dex-based format where we aim to give a new Mega Evolution to every Pokémon.
|-message|Just like any official format, you can still only Mega Evolve one Pokémon per team!
|-message|You can find our thread and metagame resources here:
|-message|https:\/\/www.smogon.com\/forums\/threads\/3671140\/
|teampreview
|j|#inkbug1

|j| ausma
|c|☆pupugugu|time to see mega lanturn :D
|c| ausma|oh u guys are testing megas?
|c|☆pupugugu|nah
|c|☆pupugugu|we did 6 random mons
|c|☆pupugugu|i got lanturn so i figured it was a good opportunity xD
|c|#inkbug1|lanturn hype !!!!!! 
|c| ausma|sick!!!
|c| ausma|is this lanturn's debut?
|c| ausma|ah yeah this is the alluring fella
|c| ausma|lets see how it bodes
|
|t:|1635143693
|start
|switch|p1a: Pikachu|Pikachu, F|100\/100
|switch|p2a: Buzzwole|Buzzwole|100\/100
|turn|1
|
|t:|1635143698
|move|p2a: Buzzwole|Close Combat|p1a: Pikachu
|-damage|p1a: Pikachu|0 fnt
|-unboost|p2a: Buzzwole|def|1
|-unboost|p2a: Buzzwole|spd|1
|faint|p1a: Pikachu
|-ability|p2a: Buzzwole|Beast Boost|boost
|-boost|p2a: Buzzwole|atk|1
|
|upkeep
|c|#inkbug1|f
|c|☆pupugugu|SCARWOLE
|
|t:|1635143708
|switch|p1a: Drifblim|Drifblim, M|100\/100
|turn|2
|
|t:|1635143738
|switch|p2a: Audino|Audino, M|100\/100
|move|p1a: Drifblim|Will-O-Wisp|p2a: Audino
|-status|p2a: Audino|brn
|
|-damage|p2a: Audino|94\/100 brn|[from] brn
|upkeep
|turn|3
|
|t:|1635143746
|switch|p1a: Gothitelle|Gothitelle, M|100\/100
|move|p2a: Audino|Toxic|p1a: Gothitelle
|-status|p1a: Gothitelle|tox
|
|-heal|p2a: Audino|100\/100 brn|[from] item: Leftovers
|-damage|p2a: Audino|94\/100 brn|[from] brn
|-damage|p1a: Gothitelle|94\/100 tox|[from] psn
|upkeep
|turn|4
|c|☆pupugugu|oh yeah
|c|☆pupugugu|it's the magic guard mega
|
|t:|1635143759
|switch|p2a: Unfezant|Unfezant, M|100\/100
|detailschange|p1a: Gothitelle|Gothitelle-Mega, M
|-mega|p1a: Gothitelle|Gothitelle|Gothitite
|-start|p1a: Gothitelle|typechange|Psychic\/Steel|[silent]
|raw|<ul class="utilichart"><li class="result"><span class="col pokemonnamecol" style="white-space: nowrap">Gothitelle-Mega<\/span> <span class="col typecol"><img src="https:\/\/play.pokemonshowdown.com\/sprites\/types\/Psychic.png" alt="Psychic" height="14" width="32"><img src="https:\/\/play.pokemonshowdown.com\/sprites\/types\/Steel.png" alt="Steel" height="14" width="32"><\/span> <span style="float: left ; min-height: 26px"><span class="col abilitycol">Magic Guard<\/span><span class="col abilitycol"><\/span><\/span><span style="float: left ; min-height: 26px"><span class="col statcol"><em>HP<\/em><br>70<\/span> <span class="col statcol"><em>Atk<\/em><br>55<\/span> <span class="col statcol"><em>Def<\/em><br>120<\/span> <span class="col statcol"><em>SpA<\/em><br>130<\/span> <span class="col statcol"><em>SpD<\/em><br>150<\/span> <span class="col statcol"><em>Spe<\/em><br>65<\/span> <\/span><\/li><li style="clear: both"><\/li><\/ul>
|-hint|Gothitelle-Mega was submitted by inkbug!
|move|p1a: Gothitelle|Trick Room|p1a: Gothitelle
|-fieldstart|move: Trick Room|[of] p1a: Gothitelle
|
|upkeep
|turn|5
|
|t:|1635143804
|move|p1a: Gothitelle|Doom Desire|p2a: Unfezant
|-start|p1a: Gothitelle|Doom Desire
|move|p2a: Unfezant|Night Slash|p1a: Gothitelle
|-supereffective|p1a: Gothitelle
|-crit|p1a: Gothitelle
|-damage|p1a: Gothitelle|39\/100 tox
|
|upkeep
|turn|6
|c|☆pupugugu|DAMAGE
|
|t:|1635143824
|switch|p1a: Sableye|Sableye, F|100\/100
|move|p2a: Unfezant|Brave Bird|p1a: Sableye
|-damage|p1a: Sableye|18\/100
|-damage|p2a: Unfezant|73\/100|[from] Recoil
|
|-heal|p1a: Sableye|24\/100|[from] item: Leftovers
|upkeep
|turn|7
|
|t:|1635143842
|switch|p2a: Audino|Audino, M|100\/100 brn
|move|p1a: Sableye|Recover|p1a: Sableye
|-heal|p1a: Sableye|74\/100
|
|-end|p2a: Audino|move: Doom Desire
|-damage|p2a: Audino|62\/100 brn
|-heal|p1a: Sableye|80\/100|[from] item: Leftovers
|-heal|p2a: Audino|68\/100 brn|[from] item: Leftovers
|-damage|p2a: Audino|62\/100 brn|[from] brn
|upkeep
|turn|8
|
|t:|1635143846
|move|p1a: Sableye|Knock Off|p2a: Audino
|-damage|p2a: Audino|36\/100 brn
|-enditem|p2a: Audino|Leftovers|[from] move: Knock Off|[of] p1a: Sableye
|move|p2a: Audino|Wish|p2a: Audino
|
|-heal|p1a: Sableye|86\/100|[from] item: Leftovers
|-damage|p2a: Audino|30\/100 brn|[from] brn
|-fieldend|move: Trick Room
|upkeep
|turn|9
|
|t:|1635143867
|move|p1a: Sableye|Will-O-Wisp|p2a: Audino
|-fail|p2a: Audino|brn
|move|p2a: Audino|Knock Off|p1a: Sableye
|-damage|p1a: Sableye|75\/100
|-enditem|p1a: Sableye|Leftovers|[from] move: Knock Off|[of] p2a: Audino
|
|-heal|p2a: Audino|80\/100 brn|[from] move: Wish|[wisher] Audino
|-damage|p2a: Audino|74\/100 brn|[from] brn
|upkeep
|turn|10
|
|t:|1635143873
|switch|p1a: Gothitelle|Gothitelle-Mega, M|39\/100 tox
|-start|p1a: Gothitelle|typechange|Psychic\/Steel|[silent]
|move|p2a: Audino|Toxic|p1a: Gothitelle
|-fail|p1a: Gothitelle|tox
|
|-damage|p2a: Audino|68\/100 brn|[from] brn
|upkeep
|turn|11
|
|t:|1635143876
|switch|p2a: Unfezant|Unfezant, M|73\/100
|move|p1a: Gothitelle|Wish|p1a: Gothitelle
|
|upkeep
|turn|12
|
|t:|1635143885
|switch|p1a: Marowak|Marowak, M|100\/100
|move|p2a: Unfezant|Night Slash|p1a: Marowak
|-crit|p1a: Marowak
|-damage|p1a: Marowak|66\/100
|
|-heal|p1a: Marowak|100\/100|[from] move: Wish|[wisher] Gothitelle
|upkeep
|turn|13
|
|t:|1635143895
|switch|p2a: Buzzwole|Buzzwole|100\/100
|move|p1a: Marowak|Stealth Rock|p2a: Buzzwole
|-sidestart|p2: pupugugu|move: Stealth Rock
|
|upkeep
|turn|14
|
|t:|1635143905
|move|p2a: Buzzwole|Leech Life|p1a: Marowak
|-damage|p1a: Marowak|54\/100
|move|p1a: Marowak|Fire Punch|p2a: Buzzwole
|-supereffective|p2a: Buzzwole
|-damage|p2a: Buzzwole|39\/100
|
|upkeep
|turn|15
|c|☆pupugugu|i don't like that that did as much as it did >:(
|
|t:|1635143919
|switch|p1a: Drifblim|Drifblim, M|100\/100
|move|p2a: Buzzwole|Leech Life|p1a: Drifblim
|-resisted|p1a: Drifblim
|-damage|p1a: Drifblim|90\/100
|-heal|p2a: Buzzwole|46\/100|[from] drain|[of] p1a: Drifblim
|
|upkeep
|turn|16
|
|t:|1635143931
|switch|p2a: Audino|Audino, M|100\/100 brn
|-damage|p2a: Audino|88\/100 brn|[from] Stealth Rock
|switch|p1a: Gothitelle|Gothitelle-Mega, M|39\/100 tox
|-start|p1a: Gothitelle|typechange|Psychic\/Steel|[silent]
|
|-damage|p2a: Audino|82\/100 brn|[from] brn
|upkeep
|turn|17
|c|☆pupugugu|non defensive wole kinda bad
|
|t:|1635143938
|move|p2a: Audino|Wish|p2a: Audino
|move|p1a: Gothitelle|Trick Room|p1a: Gothitelle
|-fieldstart|move: Trick Room|[of] p1a: Gothitelle
|
|-damage|p2a: Audino|76\/100 brn|[from] brn
|upkeep
|turn|18
|
|t:|1635143943
|switch|p2a: Buzzwole|Buzzwole|46\/100
|-damage|p2a: Buzzwole|33\/100|[from] Stealth Rock
|move|p1a: Gothitelle|Doom Desire|p2a: Buzzwole
|-start|p1a: Gothitelle|Doom Desire
|
|-heal|p2a: Buzzwole|91\/100|[from] move: Wish|[wisher] Audino
|upkeep
|turn|19
|
|t:|1635143952
|move|p1a: Gothitelle|Psyshock|p2a: Buzzwole
|-supereffective|p2a: Buzzwole
|-damage|p2a: Buzzwole|45\/100
|move|p2a: Buzzwole|Leech Life|p1a: Gothitelle
|-damage|p1a: Gothitelle|0 fnt
|-heal|p2a: Buzzwole|63\/100|[from] drain|[of] p1a: Gothitelle
|faint|p1a: Gothitelle
|-ability|p2a: Buzzwole|Beast Boost|boost
|-boost|p2a: Buzzwole|atk|1
|
|upkeep
|
|t:|1635143962
|switch|p1a: Marowak|Marowak, M|54\/100
|turn|20
|c|☆pupugugu|that's
|c|☆pupugugu|rly unfortunate that it's psyshock xD
|j| JosJet
|
|t:|1635143971
|switch|p2a: Unfezant|Unfezant, M|73\/100
|-damage|p2a: Unfezant|48\/100|[from] Stealth Rock
|move|p1a: Marowak|Fire Punch|p2a: Unfezant
|-damage|p2a: Unfezant|0 fnt
|faint|p2a: Unfezant
|
|-hint|Doom Desire did not hit because the target is the user.
|upkeep
|
|t:|1635143972
|switch|p2a: Pincurchin|Pincurchin, M|100\/100
|-damage|p2a: Pincurchin|88\/100|[from] Stealth Rock
|-fieldstart|move: Electric Terrain|[from] ability: Electric Surge|[of] p2a: Pincurchin
|turn|21
|
|t:|1635143983
|move|p2a: Pincurchin|Scald|p1a: Marowak
|-supereffective|p1a: Marowak
|-damage|p1a: Marowak|0 fnt
|faint|p1a: Marowak
|
|-fieldend|move: Trick Room
|upkeep
|c|☆pupugugu|pincurchin time
|
|t:|1635143992
|switch|p1a: Tangrowth|Tangrowth, M|100\/100
|turn|22
|
|t:|1635143996
|switch|p2a: Buzzwole|Buzzwole|63\/100
|-damage|p2a: Buzzwole|51\/100|[from] Stealth Rock
|move|p1a: Tangrowth|Earthquake|p2a: Buzzwole
|-resisted|p2a: Buzzwole
|-damage|p2a: Buzzwole|43\/100
|
|upkeep
|turn|23
|
|t:|1635144003
|move|p2a: Buzzwole|Leech Life|p1a: Tangrowth
|-supereffective|p1a: Tangrowth
|-damage|p1a: Tangrowth|38\/100
|-heal|p2a: Buzzwole|79\/100|[from] drain|[of] p1a: Tangrowth
|move|p1a: Tangrowth|Sludge Bomb|p2a: Buzzwole
|-damage|p2a: Buzzwole|46\/100
|
|upkeep
|turn|24
|
|t:|1635144008
|switch|p2a: Kangaskhan|Kangaskhan, F|100\/100
|-damage|p2a: Kangaskhan|88\/100|[from] Stealth Rock
|switch|p1a: Sableye|Sableye, F|75\/100
|
|upkeep
|turn|25
|
|t:|1635144012
|switch|p2a: Audino|Audino, M|100\/100 brn
|-damage|p2a: Audino|88\/100 brn|[from] Stealth Rock
|move|p1a: Sableye|Will-O-Wisp|p2a: Audino
|-fail|p2a: Audino|brn
|
|-damage|p2a: Audino|82\/100 brn|[from] brn
|-fieldend|move: Electric Terrain
|upkeep
|turn|26
|
|t:|1635144020
|switch|p1a: Tangrowth|Tangrowth, M|71\/100
|move|p2a: Audino|Toxic|p1a: Tangrowth
|-status|p1a: Tangrowth|tox
|
|-damage|p2a: Audino|76\/100 brn|[from] brn
|-damage|p1a: Tangrowth|65\/100 tox|[from] psn
|upkeep
|turn|27
|
|t:|1635144024
|move|p2a: Audino|Knock Off|p1a: Tangrowth
|-damage|p1a: Tangrowth|60\/100 tox
|-enditem|p1a: Tangrowth|Assault Vest|[from] move: Knock Off|[of] p2a: Audino
|move|p1a: Tangrowth|Giga Drain|p2a: Audino
|-damage|p2a: Audino|58\/100 brn
|-heal|p1a: Tangrowth|69\/100 tox|[from] drain|[of] p2a: Audino
|
|-damage|p2a: Audino|51\/100 brn|[from] brn
|-damage|p1a: Tangrowth|57\/100 tox|[from] psn
|upkeep
|turn|28
|
|t:|1635144033
|move|p2a: Audino|Wish|p2a: Audino
|move|p1a: Tangrowth|Earthquake|p2a: Audino
|-damage|p2a: Audino|30\/100 brn
|
|-damage|p2a: Audino|23\/100 brn|[from] brn
|-damage|p1a: Tangrowth|38\/100 tox|[from] psn
|upkeep
|turn|29
|
|t:|1635144037
|switch|p2a: Buzzwole|Buzzwole|46\/100
|-damage|p2a: Buzzwole|33\/100|[from] Stealth Rock
|move|p1a: Tangrowth|Earthquake|p2a: Buzzwole
|-resisted|p2a: Buzzwole
|-damage|p2a: Buzzwole|25\/100
|
|-heal|p2a: Buzzwole|83\/100|[from] move: Wish|[wisher] Audino
|-damage|p1a: Tangrowth|14\/100 tox|[from] psn
|upkeep
|turn|30
|
|t:|1635144044
|switch|p1a: Sableye|Sableye, F|75\/100
|move|p2a: Buzzwole|Leech Life|p1a: Sableye
|-damage|p1a: Sableye|10\/100
|-heal|p2a: Buzzwole|100\/100|[from] drain|[of] p1a: Sableye
|
|upkeep
|turn|31
|
|t:|1635144047
|switch|p2a: Pincurchin|Pincurchin, M|88\/100
|-damage|p2a: Pincurchin|76\/100|[from] Stealth Rock
|-fieldstart|move: Electric Terrain|[from] ability: Electric Surge|[of] p2a: Pincurchin
|move|p1a: Sableye|Will-O-Wisp|p2a: Pincurchin
|-status|p2a: Pincurchin|brn
|
|-damage|p2a: Pincurchin|70\/100 brn|[from] brn
|upkeep
|turn|32
|
|t:|1635144050
|move|p1a: Sableye|Knock Off|p2a: Pincurchin
|-damage|p2a: Pincurchin|40\/100 brn
|-enditem|p2a: Pincurchin|Choice Specs|[from] move: Knock Off|[of] p1a: Sableye
|move|p2a: Pincurchin|Rising Voltage|p1a: Sableye
|-damage|p1a: Sableye|0 fnt
|faint|p1a: Sableye
|
|-damage|p2a: Pincurchin|34\/100 brn|[from] brn
|upkeep
|
|t:|1635144055
|switch|p1a: Drifblim|Drifblim, M|90\/100
|turn|33
|c|☆ASnomPlaysShowdown|bad idea
|c|☆ASnomPlaysShowdown|wrong mon
|c|☆pupugugu|i mean
|c|☆pupugugu|hex prob kills
|
|t:|1635144071
|move|p1a: Drifblim|Hex|p2a: Pincurchin
|-damage|p2a: Pincurchin|0 fnt
|faint|p2a: Pincurchin
|
|upkeep
|c|☆ASnomPlaysShowdown|yeah but i need the regen health
|
|t:|1635144074
|switch|p2a: Audino|Audino, M|57\/100 brn
|-damage|p2a: Audino|44\/100 brn|[from] Stealth Rock
|turn|34
|
|t:|1635144081
|switch|p1a: Tangrowth|Tangrowth, M|47\/100 tox
|move|p2a: Audino|Toxic|p1a: Tangrowth
|-fail|p1a: Tangrowth|tox
|
|-damage|p2a: Audino|38\/100 brn|[from] brn
|-damage|p1a: Tangrowth|41\/100 tox|[from] psn
|upkeep
|turn|35
|
|t:|1635144088
|move|p2a: Audino|Wish|p2a: Audino
|move|p1a: Tangrowth|Earthquake|p2a: Audino
|-damage|p2a: Audino|17\/100 brn
|
|-damage|p2a: Audino|10\/100 brn|[from] brn
|-damage|p1a: Tangrowth|28\/100 tox|[from] psn
|-fieldend|move: Electric Terrain
|upkeep
|turn|36
|
|t:|1635144094
|move|p2a: Audino|Protect|p2a: Audino
|-singleturn|p2a: Audino|Protect
|move|p1a: Tangrowth|Sludge Bomb|p2a: Audino
|-activate|p2a: Audino|move: Protect
|
|-heal|p2a: Audino|60\/100 brn|[from] move: Wish|[wisher] Audino
|-damage|p2a: Audino|54\/100 brn|[from] brn
|-damage|p1a: Tangrowth|10\/100 tox|[from] psn
|upkeep
|turn|37
|c|☆pupugugu|i think this wins
|c|☆pupugugu|gg
|
|t:|1635144102
|move|p2a: Audino|Wish|p2a: Audino
|move|p1a: Tangrowth|Giga Drain|p2a: Audino
|-crit|p2a: Audino
|-damage|p2a: Audino|24\/100 brn
|-heal|p1a: Tangrowth|25\/100 tox|[from] drain|[of] p2a: Audino
|
|-damage|p2a: Audino|18\/100 brn|[from] brn
|-damage|p1a: Tangrowth|0 fnt|[from] psn
|faint|p1a: Tangrowth
|upkeep
|
|t:|1635144105
|switch|p1a: Drifblim|Drifblim, M|90\/100
|turn|38
|c|☆ASnomPlaysShowdown|gg
|-message|ASnomPlaysShowdown forfeited.
|
|win|pupugugu
|l|☆ASnomPlaysShowdown</script>
</div>
<div class="battle-log battle-log-inline"><div class="inner"><div class="battle-options"><div style="padding-top: 3px; padding-right: 3px; text-align: right"><button class="icon button" name="openBattleOptions" title="Options">Battle Options</button></div></div><div class="inner message-log"><div class="chat"><small>☆ASnomPlaysShowdown and ☆pupugugu joined</small></div><div class=""><small>Format:</small> <br><strong>[Gen 8] Megas for All</strong></div><div class="rated"><strong>Tournament battle</strong></div><div class=""><small><em>HP Percentage Mod:</em> HP is shown in percentages</small></div><div class=""><small><em>Endless Battle Clause:</em> Forcing endless battles is banned</small></div><div class=""><small><em>OHKO Clause:</em> OHKO moves are banned</small></div><div class=""><small><em>Evasion Moves Clause:</em> Evasion moves are banned</small></div><div class=""><small><em>Species Clause:</em> Limit one of each Pokémon</small></div><div class=""><small><em>Dynamax Clause:</em> You cannot dynamax</small></div><div class=""><small><em>Sleep Clause Mod:</em> Limit one foe put to sleep</small></div><div class=""><small><em>Freeze Clause Mod:</em> Limit one foe frozen</small></div><div class="chat"><img src="https://raw.githubusercontent.com/scoopapa/DH/master/data/mods/m4av6/sprites/m4a_banner.png" height="65" width="381"></div><div class="spacer battle-history"><br></div><div class="battle-history"><small>Welcome to Megas for All!</small><br></div><div class="battle-history"><small>This is a National Dex-based format where we aim to give a new Mega Evolution to every Pokémon.</small><br></div><div class="battle-history"><small>Just like any official format, you can still only Mega Evolve one Pokémon per team!</small><br></div><div class="battle-history"><small>You can find our thread and metagame resources here:</small><br></div><div class="battle-history"><small>https://www.smogon.com/forums/threads/3671140/</small><br></div><div class="chat battle-history"><strong>ASnomPlaysShowdown's team:</strong> <em style="color:#445566;display:block;">Gothitelle / Drifblim / Marowak / Pikachu / Sableye / Tangrowth</em></div><div class="chat battle-history"><strong>pupugugu's team:</strong> <em style="color:#445566;display:block;">Lanturn / Buzzwole / Kangaskhan / Audino / Unfezant / Pincurchin</em></div><div class="chat"><small>#inkbug1 and  ausma joined</small></div><div class="chat chatmessage-pupugugu"><strong style="color:#2b7b91"><small>☆</small><span class="username" data-name="pupugugu">pupugugu</span>:</strong> <em>time to see mega lanturn :D</em></div><div class="chat chatmessage-ausma"><strong style="color:#774de1"><small> </small><span class="username" data-name="ausma">ausma</span>:</strong> <em>oh u guys are testing megas?</em></div><div class="chat chatmessage-pupugugu"><strong style="color:#2b7b91"><small>☆</small><span class="username" data-name="pupugugu">pupugugu</span>:</strong> <em>nah</em></div><div class="chat chatmessage-pupugugu"><strong style="color:#2b7b91"><small>☆</small><span class="username" data-name="pupugugu">pupugugu</span>:</strong> <em>we did 6 random mons</em></div><div class="chat chatmessage-pupugugu"><strong style="color:#2b7b91"><small>☆</small><span class="username" data-name="pupugugu">pupugugu</span>:</strong> <em>i got lanturn so i figured it was a good opportunity xD</em></div><div class="chat chatmessage-inkbug1 mine"><strong style="color:#e46e0f"><small>#</small><span class="username" data-name="inkbug1">inkbug1</span>:</strong> <em>lanturn hype !!!!!! </em></div><div class="chat chatmessage-ausma"><strong style="color:#774de1"><small> </small><span class="username" data-name="ausma">ausma</span>:</strong> <em>sick!!!</em></div><div class="chat chatmessage-ausma"><strong style="color:#774de1"><small> </small><span class="username" data-name="ausma">ausma</span>:</strong> <em>is this lanturn's debut?</em></div><div class="chat chatmessage-ausma"><strong style="color:#774de1"><small> </small><span class="username" data-name="ausma">ausma</span>:</strong> <em>ah yeah this is the alluring fella</em></div><div class="chat chatmessage-ausma"><strong style="color:#774de1"><small> </small><span class="username" data-name="ausma">ausma</span>:</strong> <em>lets see how it bodes</em></div><div class="spacer battle-history"><br></div><div class="battle-history">Battle started between ASnomPlaysShowdown and pupugugu!<br></div><div class="spacer battle-history"><br></div><div class="battle-history">Go! <strong>Pikachu</strong>!<br></div><div class="spacer battle-history"><br></div><div class="battle-history">pupugugu sent out <strong>Buzzwole</strong>!<br></div><div class="spacer battle-history"><br></div><h2 class="battle-history">Turn 1</h2><div class="spacer battle-history"><br></div><div class="battle-history">The opposing Buzzwole used <strong>Close Combat</strong>!<br></div><div class="battle-history"><small>(Pikachu lost 100% of its health!)</small><br></div><div class="battle-history"><small>The opposing Buzzwole's Defense fell!</small><br></div><div class="battle-history"><small>The opposing Buzzwole's Sp. Def fell!</small><br></div><div class="spacer battle-history"><br></div><div class="battle-history">Pikachu fainted!<br></div><div class="battle-history">[The opposing Buzzwole's Beast Boost]<br></div><div class="battle-history"><small>The opposing Buzzwole's Attack rose!</small><br></div><div class="chat chatmessage-inkbug1 mine"><strong style="color:#e46e0f"><small>#</small><span class="username" data-name="inkbug1">inkbug1</span>:</strong> <em>f</em></div><div class="chat chatmessage-pupugugu"><strong style="color:#2b7b91"><small>☆</small><span class="username" data-name="pupugugu">pupugugu</span>:</strong> <em>SCARWOLE</em></div><div class="spacer battle-history"><br></div><div class="battle-history">Go! <strong>Drifblim</strong>!<br></div><div class="spacer battle-history"><br></div><h2 class="battle-history">Turn 2</h2><div class="spacer battle-history"><br></div><div class="battle-history">pupugugu withdrew Buzzwole!<br></div><div class="battle-history">pupugugu sent out <strong>Audino</strong>!<br></div><div class="spacer battle-history"><br></div><div class="battle-history">Drifblim used <strong>Will-O-Wisp</strong>!<br></div><div class="battle-history"><small>The opposing Audino was burned!</small><br></div><div class="spacer battle-history"><br></div><div class="battle-history"><small>The opposing Audino was hurt by its burn!</small><br></div><div class="spacer battle-history"><br></div><h2 class="battle-history">Turn 3</h2><div class="spacer battle-history"><br></div><div class="battle-history">Drifblim, come back!<br></div><div class="battle-history">Go! <strong>Gothitelle</strong>!<br></div><div class="spacer battle-history"><br></div><div class="battle-history">The opposing Audino used <strong>Toxic</strong>!<br></div><div class="battle-history"><small>Gothitelle was badly poisoned!</small><br></div><div class="spacer battle-history"><br></div><div class="battle-history"><small>The opposing Audino restored a little HP using its Leftovers!</small><br></div><div class="battle-history"><small>The opposing Audino was hurt by its burn!</small><br></div><div class="battle-history"><small>Gothitelle was hurt by poison!</small><br></div><div class="spacer battle-history"><br></div><h2 class="battle-history">Turn 4</h2><div class="chat chatmessage-pupugugu"><strong style="color:#2b7b91"><small>☆</small><span class="username" data-name="pupugugu">pupugugu</span>:</strong> <em>oh yeah</em></div><div class="chat chatmessage-pupugugu"><strong style="color:#2b7b91"><small>☆</small><span class="username" data-name="pupugugu">pupugugu</span>:</strong> <em>it's the magic guard mega</em></div><div class="spacer battle-history"><br></div><div class="battle-history">pupugugu withdrew Audino!<br></div><div class="battle-history">pupugugu sent out <strong>Unfezant</strong>!<br></div><div class="spacer battle-history"><br></div><div class="battle-history"><small>Gothitelle's Gothitite is reacting to the Key Stone!</small><br>Gothitelle has Mega Evolved into Mega Gothitelle!<br></div><div class="chat"><ul class="utilichart"><li class="result"><span class="col pokemonnamecol" style="white-space: nowrap">Gothitelle-Mega</span> <span class="col typecol"><img src="https://play.pokemonshowdown.com/sprites/types/Psychic.png" alt="Psychic" height="14" width="32"><img src="https://play.pokemonshowdown.com/sprites/types/Steel.png" alt="Steel" height="14" width="32"></span> <span style="float: left ; min-height: 26px"><span class="col abilitycol">Magic Guard</span><span class="col abilitycol"></span></span><span style="float: left ; min-height: 26px"><span class="col statcol"><em>HP</em><br>70</span> <span class="col statcol"><em>Atk</em><br>55</span> <span class="col statcol"><em>Def</em><br>120</span> <span class="col statcol"><em>SpA</em><br>130</span> <span class="col statcol"><em>SpD</em><br>150</span> <span class="col statcol"><em>Spe</em><br>65</span> </span></li><li style="clear: both"></li></ul></div><div class="battle-history"><small>(Gothitelle-Mega was submitted by inkbug!)</small><br></div><div class="spacer battle-history"><br></div><div class="battle-history">Gothitelle used <strong>Trick Room</strong>!<br></div><div class="battle-history"><small>Gothitelle twisted the dimensions!</small><br></div><div class="spacer battle-history"><br></div><h2 class="battle-history">Turn 5</h2><div class="spacer battle-history"><br></div><div class="battle-history">Gothitelle used <strong>Doom Desire</strong>!<br></div><div class="battle-history"><small>Gothitelle chose Doom Desire as its destiny!</small><br></div><div class="spacer battle-history"><br></div><div class="battle-history">The opposing Unfezant used <strong>Night Slash</strong>!<br></div><div class="battle-history"><small>It's super effective!</small><br></div><div class="battle-history"><small>A critical hit!</small><br></div><div class="battle-history"><small>(Gothitelle lost 55% of its health!)</small><br></div><div class="spacer battle-history"><br></div><h2 class="battle-history">Turn 6</h2><div class="chat chatmessage-pupugugu"><strong style="color:#2b7b91"><small>☆</small><span class="username" data-name="pupugugu">pupugugu</span>:</strong> <em>DAMAGE</em></div><div class="spacer battle-history"><br></div><div class="battle-history">Gothitelle, come back!<br></div><div class="battle-history">Go! <strong>Sableye</strong>!<br></div><div class="spacer battle-history"><br></div><div class="battle-history">The opposing Unfezant used <strong>Brave Bird</strong>!<br></div><div class="battle-history"><small>(Sableye lost 82% of its health!)</small><br></div><div class="battle-history"><small>The opposing Unfezant was damaged by the recoil!</small><br></div><div class="spacer battle-history"><br></div><div class="battle-history"><small>Sableye restored a little HP using its Leftovers!</small><br></div><div class="spacer battle-history"><br></div><h2 class="battle-history">Turn 7</h2><div class="spacer battle-history"><br></div><div class="battle-history">pupugugu withdrew Unfezant!<br></div><div class="battle-history">pupugugu sent out <strong>Audino</strong>!<br></div><div class="spacer battle-history"><br></div><div class="battle-history">Sableye used <strong>Recover</strong>!<br></div><div class="battle-history"><small>Sableye had its HP restored.</small><br></div><div class="spacer battle-history"><br></div><div class="battle-history"><small>The opposing Audino took the Doom Desire attack!</small><br></div><div class="battle-history"><small>(The opposing Audino lost 38% of its health!)</small><br></div><div class="battle-history"><small>Sableye restored a little HP using its Leftovers!</small><br></div><div class="battle-history"><small>The opposing Audino restored a little HP using its Leftovers!</small><br></div><div class="battle-history"><small>The opposing Audino was hurt by its burn!</small><br></div><div class="spacer battle-history"><br></div><h2 class="battle-history">Turn 8</h2><div class="spacer battle-history"><br></div><div class="battle-history">Sableye used <strong>Knock Off</strong>!<br></div><div class="battle-history"><small>(The opposing Audino lost 26% of its health!)</small><br></div><div class="battle-history"><small>Sableye knocked off the opposing Audino's Leftovers!</small><br></div><div class="spacer battle-history"><br></div><div class="battle-history">The opposing Audino used <strong>Wish</strong>!<br></div><div class="spacer battle-history"><br></div><div class="battle-history"><small>Sableye restored a little HP using its Leftovers!</small><br></div><div class="battle-history"><small>The opposing Audino was hurt by its burn!</small><br></div><div class="battle-history"><small>The twisted dimensions returned to normal!</small><br></div><div class="spacer battle-history"><br></div><h2 class="battle-history">Turn 9</h2><div class="spacer battle-history"><br></div><div class="battle-history">Sableye used <strong>Will-O-Wisp</strong>!<br></div><div class="battle-history"><small>The opposing Audino is already burned!</small><br></div><div class="spacer battle-history"><br></div><div class="battle-history">The opposing Audino used <strong>Knock Off</strong>!<br></div><div class="battle-history"><small>(Sableye lost 11% of its health!)</small><br></div><div class="battle-history"><small>The opposing Audino knocked off Sableye's Leftovers!</small><br></div><div class="spacer battle-history"><br></div><div class="battle-history"><small>Audino's wish came true!</small><br></div><div class="battle-history"><small>The opposing Audino was hurt by its burn!</small><br></div><div class="spacer battle-history"><br></div><h2 class="battle-history">Turn 10</h2><div class="spacer battle-history"><br></div><div class="battle-history">Sableye, come back!<br></div><div class="battle-history">Go! Gothitelle (<strong>Gothitelle-Mega</strong>)!<br></div><div class="spacer battle-history"><br></div><div class="battle-history">The opposing Audino used <strong>Toxic</strong>!<br></div><div class="battle-history"><small>But it failed!</small><br></div><div class="spacer battle-history"><br></div><div class="battle-history"><small>The opposing Audino was hurt by its burn!</small><br></div><div class="spacer battle-history"><br></div><h2 class="battle-history">Turn 11</h2><div class="spacer battle-history"><br></div><div class="battle-history">pupugugu withdrew Audino!<br></div><div class="battle-history">pupugugu sent out <strong>Unfezant</strong>!<br></div><div class="spacer battle-history"><br></div><div class="battle-history">Gothitelle used <strong>Wish</strong>!<br></div><div class="spacer battle-history"><br></div><h2 class="battle-history">Turn 12</h2><div class="spacer battle-history"><br></div><div class="battle-history">Gothitelle, come back!<br></div><div class="battle-history">Go! <strong>Marowak</strong>!<br></div><div class="spacer battle-history"><br></div><div class="battle-history">The opposing Unfezant used <strong>Night Slash</strong>!<br></div><div class="battle-history"><small>A critical hit!</small><br></div><div class="battle-history"><small>(Marowak lost 34% of its health!)</small><br></div><div class="spacer battle-history"><br></div><div class="battle-history"><small>Gothitelle's wish came true!</small><br></div><div class="spacer battle-history"><br></div><h2 class="battle-history">Turn 13</h2><div class="spacer battle-history"><br></div><div class="battle-history">pupugugu withdrew Unfezant!<br></div><div class="battle-history">pupugugu sent out <strong>Buzzwole</strong>!<br></div><div class="spacer battle-history"><br></div><div class="battle-history">Marowak used <strong>Stealth Rock</strong>!<br></div><div class="battle-history"><small>Pointed stones float in the air around the opposing team!</small><br></div><div class="spacer battle-history"><br></div><h2 class="battle-history">Turn 14</h2><div class="spacer battle-history"><br></div><div class="battle-history">The opposing Buzzwole used <strong>Leech Life</strong>!<br></div><div class="battle-history"><small>(Marowak lost 46% of its health!)</small><br></div><div class="spacer battle-history"><br></div><div class="battle-history">Marowak used <strong>Fire Punch</strong>!<br></div><div class="battle-history"><small>It's super effective!</small><br></div><div class="battle-history"><small>(The opposing Buzzwole lost 61% of its health!)</small><br></div><div class="spacer battle-history"><br></div><h2 class="battle-history">Turn 15</h2><div class="chat chatmessage-pupugugu"><strong style="color:#2b7b91"><small>☆</small><span class="username" data-name="pupugugu">pupugugu</span>:</strong> <em>i don't like that that did as much as it did &gt;:(</em></div><div class="spacer battle-history"><br></div><div class="battle-history">Marowak, come back!<br></div><div class="battle-history">Go! <strong>Drifblim</strong>!<br></div><div class="spacer battle-history"><br></div><div class="battle-history">The opposing Buzzwole used <strong>Leech Life</strong>!<br></div><div class="battle-history"><small>It's not very effective...</small><br></div><div class="battle-history"><small>(Drifblim lost 10% of its health!)</small><br></div><div class="battle-history"><small>Drifblim had its energy drained!</small><br></div><div class="spacer battle-history"><br></div><h2 class="battle-history">Turn 16</h2><div class="spacer battle-history"><br></div><div class="battle-history">pupugugu withdrew Buzzwole!<br></div><div class="battle-history">pupugugu sent out <strong>Audino</strong>!<br></div><div class="battle-history"><small>Pointed stones dug into the opposing Audino!</small><br></div><div class="spacer battle-history"><br></div><div class="battle-history">Drifblim, come back!<br></div><div class="battle-history">Go! Gothitelle (<strong>Gothitelle-Mega</strong>)!<br></div><div class="spacer battle-history"><br></div><div class="battle-history"><small>The opposing Audino was hurt by its burn!</small><br></div><div class="spacer battle-history"><br></div><h2 class="battle-history">Turn 17</h2><div class="chat chatmessage-pupugugu"><strong style="color:#2b7b91"><small>☆</small><span class="username" data-name="pupugugu">pupugugu</span>:</strong> <em>non defensive wole kinda bad</em></div><div class="spacer battle-history"><br></div><div class="battle-history">The opposing Audino used <strong>Wish</strong>!<br></div><div class="spacer battle-history"><br></div><div class="battle-history">Gothitelle used <strong>Trick Room</strong>!<br></div><div class="battle-history"><small>Gothitelle twisted the dimensions!</small><br></div><div class="spacer battle-history"><br></div><div class="battle-history"><small>The opposing Audino was hurt by its burn!</small><br></div><div class="spacer battle-history"><br></div><h2 class="battle-history">Turn 18</h2><div class="spacer battle-history"><br></div><div class="battle-history">pupugugu withdrew Audino!<br></div><div class="battle-history">pupugugu sent out <strong>Buzzwole</strong>!<br></div><div class="battle-history"><small>Pointed stones dug into the opposing Buzzwole!</small><br></div><div class="spacer battle-history"><br></div><div class="battle-history">Gothitelle used <strong>Doom Desire</strong>!<br></div><div class="battle-history"><small>Gothitelle chose Doom Desire as its destiny!</small><br></div><div class="spacer battle-history"><br></div><div class="battle-history"><small>Audino's wish came true!</small><br></div><div class="spacer battle-history"><br></div><h2 class="battle-history">Turn 19</h2><div class="spacer battle-history"><br></div><div class="battle-history">Gothitelle used <strong>Psyshock</strong>!<br></div><div class="battle-history"><small>It's super effective!</small><br></div><div class="battle-history"><small>(The opposing Buzzwole lost 46% of its health!)</small><br></div><div class="spacer battle-history"><br></div><div class="battle-history">The opposing Buzzwole used <strong>Leech Life</strong>!<br></div><div class="battle-history"><small>(Gothitelle lost 39% of its health!)</small><br></div><div class="battle-history"><small>Gothitelle had its energy drained!</small><br></div><div class="spacer battle-history"><br></div><div class="battle-history">Gothitelle fainted!<br></div><div class="battle-history">[The opposing Buzzwole's Beast Boost]<br></div><div class="battle-history"><small>The opposing Buzzwole's Attack rose!</small><br></div><div class="spacer battle-history"><br></div><div class="battle-history">Go! <strong>Marowak</strong>!<br></div><div class="spacer battle-history"><br></div><h2 class="battle-history">Turn 20</h2><div class="chat chatmessage-pupugugu"><strong style="color:#2b7b91"><small>☆</small><span class="username" data-name="pupugugu">pupugugu</span>:</strong> <em>that's</em></div><div class="chat chatmessage-pupugugu"><strong style="color:#2b7b91"><small>☆</small><span class="username" data-name="pupugugu">pupugugu</span>:</strong> <em>rly unfortunate that it's psyshock xD</em></div><div class="chat"><small> JosJet joined</small></div><div class="spacer battle-history"><br></div><div class="battle-history">pupugugu withdrew Buzzwole!<br></div><div class="battle-history">pupugugu sent out <strong>Unfezant</strong>!<br></div><div class="battle-history"><small>Pointed stones dug into the opposing Unfezant!</small><br></div><div class="spacer battle-history"><br></div><div class="battle-history">Marowak used <strong>Fire Punch</strong>!<br></div><div class="battle-history"><small>(The opposing Unfezant lost 48% of its health!)</small><br></div><div class="spacer battle-history"><br></div><div class="battle-history">The opposing Unfezant fainted!<br></div><div class="spacer battle-history"><br></div><div class="battle-history"><small>(Doom Desire did not hit because the target is the user.)</small><br></div><div class="spacer battle-history"><br></div><div class="battle-history">pupugugu sent out <strong>Pincurchin</strong>!<br></div><div class="battle-history"><small>Pointed stones dug into the opposing Pincurchin!</small><br></div><div class="battle-history">[The opposing Pincurchin's Electric Surge]<br><small>An electric current ran across the battlefield!</small><br></div><div class="spacer battle-history"><br></div><h2 class="battle-history">Turn 21</h2><div class="spacer battle-history"><br></div><div class="battle-history">The opposing Pincurchin used <strong>Scald</strong>!<br></div><div class="battle-history"><small>It's super effective!</small><br></div><div class="battle-history"><small>(Marowak lost 54% of its health!)</small><br></div><div class="spacer battle-history"><br></div><div class="battle-history">Marowak fainted!<br></div><div class="spacer battle-history"><br></div><div class="battle-history"><small>The twisted dimensions returned to normal!</small><br></div><div class="chat chatmessage-pupugugu"><strong style="color:#2b7b91"><small>☆</small><span class="username" data-name="pupugugu">pupugugu</span>:</strong> <em>pincurchin time</em></div><div class="spacer battle-history"><br></div><div class="battle-history">Go! <strong>Tangrowth</strong>!<br></div><div class="spacer battle-history"><br></div><h2 class="battle-history">Turn 22</h2><div class="spacer battle-history"><br></div><div class="battle-history">pupugugu withdrew Pincurchin!<br></div><div class="battle-history">pupugugu sent out <strong>Buzzwole</strong>!<br></div><div class="battle-history"><small>Pointed stones dug into the opposing Buzzwole!</small><br></div><div class="spacer battle-history"><br></div><div class="battle-history">Tangrowth used <strong>Earthquake</strong>!<br></div><div class="battle-history"><small>It's not very effective...</small><br></div><div class="battle-history"><small>(The opposing Buzzwole lost 8% of its health!)</small><br></div><div class="spacer battle-history"><br></div><h2 class="battle-history">Turn 23</h2><div class="spacer battle-history"><br></div><div class="battle-history">The opposing Buzzwole used <strong>Leech Life</strong>!<br></div><div class="battle-history"><small>It's super effective!</small><br></div><div class="battle-history"><small>(Tangrowth lost 62% of its health!)</small><br></div><div class="battle-history"><small>Tangrowth had its energy drained!</small><br></div><div class="spacer battle-history"><br></div><div class="battle-history">Tangrowth used <strong>Sludge Bomb</strong>!<br></div><div class="battle-history"><small>(The opposing Buzzwole lost 33% of its health!)</small><br></div><div class="spacer battle-history"><br></div><h2 class="battle-history">Turn 24</h2><div class="spacer battle-history"><br></div><div class="battle-history">pupugugu withdrew Buzzwole!<br></div><div class="battle-history">pupugugu sent out <strong>Kangaskhan</strong>!<br></div><div class="battle-history"><small>Pointed stones dug into the opposing Kangaskhan!</small><br></div><div class="spacer battle-history"><br></div><div class="battle-history">Tangrowth, come back!<br></div><div class="battle-history">Go! <strong>Sableye</strong>!<br></div><div class="spacer battle-history"><br></div><h2 class="battle-history">Turn 25</h2><div class="spacer battle-history"><br></div><div class="battle-history">pupugugu withdrew Kangaskhan!<br></div><div class="battle-history">pupugugu sent out <strong>Audino</strong>!<br></div><div class="battle-history"><small>Pointed stones dug into the opposing Audino!</small><br></div><div class="spacer battle-history"><br></div><div class="battle-history">Sableye used <strong>Will-O-Wisp</strong>!<br></div><div class="battle-history"><small>The opposing Audino is already burned!</small><br></div><div class="spacer battle-history"><br></div><div class="battle-history"><small>The opposing Audino was hurt by its burn!</small><br></div><div class="battle-history"><small>The electricity disappeared from the battlefield.</small><br></div><div class="spacer battle-history"><br></div><h2 class="battle-history">Turn 26</h2><div class="spacer battle-history"><br></div><div class="battle-history">Sableye, come back!<br></div><div class="battle-history">Go! <strong>Tangrowth</strong>!<br></div><div class="spacer battle-history"><br></div><div class="battle-history">The opposing Audino used <strong>Toxic</strong>!<br></div><div class="battle-history"><small>Tangrowth was badly poisoned!</small><br></div><div class="spacer battle-history"><br></div><div class="battle-history"><small>The opposing Audino was hurt by its burn!</small><br></div><div class="battle-history"><small>Tangrowth was hurt by poison!</small><br></div><div class="spacer battle-history"><br></div><h2 class="battle-history">Turn 27</h2><div class="spacer battle-history"><br></div><div class="battle-history">The opposing Audino used <strong>Knock Off</strong>!<br></div><div class="battle-history"><small>(Tangrowth lost 5% of its health!)</small><br></div><div class="battle-history"><small>The opposing Audino knocked off Tangrowth's Assault Vest!</small><br></div><div class="spacer battle-history"><br></div><div class="battle-history">Tangrowth used <strong>Giga Drain</strong>!<br></div><div class="battle-history"><small>(The opposing Audino lost 18% of its health!)</small><br></div><div class="battle-history"><small>The opposing Audino had its energy drained!</small><br></div><div class="spacer battle-history"><br></div><div class="battle-history"><small>The opposing Audino was hurt by its burn!</small><br></div><div class="battle-history"><small>Tangrowth was hurt by poison!</small><br></div><div class="spacer battle-history"><br></div><h2 class="battle-history">Turn 28</h2><div class="spacer battle-history"><br></div><div class="battle-history">The opposing Audino used <strong>Wish</strong>!<br></div><div class="spacer battle-history"><br></div><div class="battle-history">Tangrowth used <strong>Earthquake</strong>!<br></div><div class="battle-history"><small>(The opposing Audino lost 21% of its health!)</small><br></div><div class="spacer battle-history"><br></div><div class="battle-history"><small>The opposing Audino was hurt by its burn!</small><br></div><div class="battle-history"><small>Tangrowth was hurt by poison!</small><br></div><div class="spacer battle-history"><br></div><h2 class="battle-history">Turn 29</h2><div class="spacer battle-history"><br></div><div class="battle-history">pupugugu withdrew Audino!<br></div><div class="battle-history">pupugugu sent out <strong>Buzzwole</strong>!<br></div><div class="battle-history"><small>Pointed stones dug into the opposing Buzzwole!</small><br></div><div class="spacer battle-history"><br></div><div class="battle-history">Tangrowth used <strong>Earthquake</strong>!<br></div><div class="battle-history"><small>It's not very effective...</small><br></div><div class="battle-history"><small>(The opposing Buzzwole lost 8% of its health!)</small><br></div><div class="spacer battle-history"><br></div><div class="battle-history"><small>Audino's wish came true!</small><br></div><div class="battle-history"><small>Tangrowth was hurt by poison!</small><br></div><div class="spacer battle-history"><br></div><h2 class="battle-history">Turn 30</h2><div class="spacer battle-history"><br></div><div class="battle-history">Tangrowth, come back!<br></div><div class="battle-history">Go! <strong>Sableye</strong>!<br></div><div class="spacer battle-history"><br></div><div class="battle-history">The opposing Buzzwole used <strong>Leech Life</strong>!<br></div><div class="battle-history"><small>(Sableye lost 65% of its health!)</small><br></div><div class="battle-history"><small>Sableye had its energy drained!</small><br></div><div class="spacer battle-history"><br></div><h2 class="battle-history">Turn 31</h2><div class="spacer battle-history"><br></div><div class="battle-history">pupugugu withdrew Buzzwole!<br></div><div class="battle-history">pupugugu sent out <strong>Pincurchin</strong>!<br></div><div class="battle-history"><small>Pointed stones dug into the opposing Pincurchin!</small><br></div><div class="battle-history">[The opposing Pincurchin's Electric Surge]<br><small>An electric current ran across the battlefield!</small><br></div><div class="spacer battle-history"><br></div><div class="battle-history">Sableye used <strong>Will-O-Wisp</strong>!<br></div><div class="battle-history"><small>The opposing Pincurchin was burned!</small><br></div><div class="spacer battle-history"><br></div><div class="battle-history"><small>The opposing Pincurchin was hurt by its burn!</small><br></div><div class="spacer battle-history"><br></div><h2 class="battle-history">Turn 32</h2><div class="spacer battle-history"><br></div><div class="battle-history">Sableye used <strong>Knock Off</strong>!<br></div><div class="battle-history"><small>(The opposing Pincurchin lost 30% of its health!)</small><br></div><div class="battle-history"><small>Sableye knocked off the opposing Pincurchin's Choice Specs!</small><br></div><div class="spacer battle-history"><br></div><div class="battle-history">The opposing Pincurchin used <strong>Rising Voltage</strong>!<br></div><div class="battle-history"><small>(Sableye lost 10% of its health!)</small><br></div><div class="spacer battle-history"><br></div><div class="battle-history">Sableye fainted!<br></div><div class="spacer battle-history"><br></div><div class="battle-history"><small>The opposing Pincurchin was hurt by its burn!</small><br></div><div class="spacer battle-history"><br></div><div class="battle-history">Go! <strong>Drifblim</strong>!<br></div><div class="spacer battle-history"><br></div><h2 class="battle-history">Turn 33</h2><div class="chat chatmessage-asnomplaysshowdown"><strong style="color:#1bb1b6"><small>☆</small><span class="username" data-name="ASnomPlaysShowdown">ASnomPlaysShowdown</span>:</strong> <em>bad idea</em></div><div class="chat chatmessage-asnomplaysshowdown"><strong style="color:#1bb1b6"><small>☆</small><span class="username" data-name="ASnomPlaysShowdown">ASnomPlaysShowdown</span>:</strong> <em>wrong mon</em></div><div class="chat chatmessage-pupugugu"><strong style="color:#2b7b91"><small>☆</small><span class="username" data-name="pupugugu">pupugugu</span>:</strong> <em>i mean</em></div><div class="chat chatmessage-pupugugu"><strong style="color:#2b7b91"><small>☆</small><span class="username" data-name="pupugugu">pupugugu</span>:</strong> <em>hex prob kills</em></div><div class="spacer battle-history"><br></div><div class="battle-history">Drifblim used <strong>Hex</strong>!<br></div><div class="battle-history"><small>(The opposing Pincurchin lost 34% of its health!)</small><br></div><div class="spacer battle-history"><br></div><div class="battle-history">The opposing Pincurchin fainted!<br></div><div class="chat chatmessage-asnomplaysshowdown"><strong style="color:#1bb1b6"><small>☆</small><span class="username" data-name="ASnomPlaysShowdown">ASnomPlaysShowdown</span>:</strong> <em>yeah but i need the regen health</em></div><div class="spacer battle-history"><br></div><div class="battle-history">pupugugu sent out <strong>Audino</strong>!<br></div><div class="battle-history"><small>Pointed stones dug into the opposing Audino!</small><br></div><div class="spacer battle-history"><br></div><h2 class="battle-history">Turn 34</h2><div class="spacer battle-history"><br></div><div class="battle-history">Drifblim, come back!<br></div><div class="battle-history">Go! <strong>Tangrowth</strong>!<br></div><div class="spacer battle-history"><br></div><div class="battle-history">The opposing Audino used <strong>Toxic</strong>!<br></div><div class="battle-history"><small>But it failed!</small><br></div><div class="spacer battle-history"><br></div><div class="battle-history"><small>The opposing Audino was hurt by its burn!</small><br></div><div class="battle-history"><small>Tangrowth was hurt by poison!</small><br></div><div class="spacer battle-history"><br></div><h2 class="battle-history">Turn 35</h2><div class="spacer battle-history"><br></div><div class="battle-history">The opposing Audino used <strong>Wish</strong>!<br></div><div class="spacer battle-history"><br></div><div class="battle-history">Tangrowth used <strong>Earthquake</strong>!<br></div><div class="battle-history"><small>(The opposing Audino lost 21% of its health!)</small><br></div><div class="spacer battle-history"><br></div><div class="battle-history"><small>The opposing Audino was hurt by its burn!</small><br></div><div class="battle-history"><small>Tangrowth was hurt by poison!</small><br></div><div class="battle-history"><small>The electricity disappeared from the battlefield.</small><br></div><div class="spacer battle-history"><br></div><h2 class="battle-history">Turn 36</h2><div class="spacer battle-history"><br></div><div class="battle-history">The opposing Audino used <strong>Protect</strong>!<br></div><div class="battle-history"><small>The opposing Audino protected itself!</small><br></div><div class="spacer battle-history"><br></div><div class="battle-history">Tangrowth used <strong>Sludge Bomb</strong>!<br></div><div class="battle-history"><small>The opposing Audino protected itself!</small><br></div><div class="spacer battle-history"><br></div><div class="battle-history"><small>Audino's wish came true!</small><br></div><div class="battle-history"><small>The opposing Audino was hurt by its burn!</small><br></div><div class="battle-history"><small>Tangrowth was hurt by poison!</small><br></div><div class="spacer battle-history"><br></div><h2 class="battle-history">Turn 37</h2><div class="chat chatmessage-pupugugu"><strong style="color:#2b7b91"><small>☆</small><span class="username" data-name="pupugugu">pupugugu</span>:</strong> <em>i think this wins</em></div><div class="chat chatmessage-pupugugu"><strong style="color:#2b7b91"><small>☆</small><span class="username" data-name="pupugugu">pupugugu</span>:</strong> <em>gg</em></div><div class="spacer battle-history"><br></div><div class="battle-history">The opposing Audino used <strong>Wish</strong>!<br></div><div class="spacer battle-history"><br></div><div class="battle-history">Tangrowth used <strong>Giga Drain</strong>!<br></div><div class="battle-history"><small>A critical hit!</small><br></div><div class="battle-history"><small>(The opposing Audino lost 30% of its health!)</small><br></div><div class="battle-history"><small>The opposing Audino had its energy drained!</small><br></div><div class="spacer battle-history"><br></div><div class="battle-history"><small>The opposing Audino was hurt by its burn!</small><br></div><div class="battle-history"><small>Tangrowth was hurt by poison!</small><br></div><div class="spacer battle-history"><br></div><div class="battle-history">Tangrowth fainted!<br></div><div class="spacer battle-history"><br></div><div class="battle-history">Go! <strong>Drifblim</strong>!<br></div><div class="spacer battle-history"><br></div><h2 class="battle-history">Turn 38</h2><div class="chat chatmessage-asnomplaysshowdown"><strong style="color:#1bb1b6"><small>☆</small><span class="username" data-name="ASnomPlaysShowdown">ASnomPlaysShowdown</span>:</strong> <em>gg</em></div><div class="spacer battle-history"><br></div><div class="battle-history"><small>ASnomPlaysShowdown forfeited.</small><br></div><div class="spacer battle-history"><br></div><div class="battle-history"><strong>pupugugu</strong> won the battle!<br></div><div class="chat"><small>☆ASnomPlaysShowdown left</small></div></div><div class="inner-preempt message-log"></div></div></div>
</div>
<script>
let daily = Math.floor(Date.now()/1000/60/60/24);document.write('<script src="https://dragonheaven.herokuapp.com/js/replay-embed.js?version'+daily+'"></'+'script>');
</script>
