<!DOCTYPE html>
<meta charset="utf-8" />
<!-- version 1 -->
<title>[Gen 8] Megas for All replay: Magmajudis vs. isocon</title>
<style>
html,body {font-family:Verdana, sans-serif;font-size:10pt;margin:0;padding:0;}body{padding:12px 0;} .battle-log {font-family:Verdana, sans-serif;font-size:10pt;} .battle-log-inline {border:1px solid #AAAAAA;background:#EEF2F5;color:black;max-width:640px;margin:0 auto 80px;padding-bottom:5px;} .battle-log .inner {padding:4px 8px 0px 8px;} .battle-log .inner-preempt {padding:0 8px 4px 8px;} .battle-log .inner-after {margin-top:0.5em;} .battle-log h2 {margin:0.5em -8px;padding:4px 8px;border:1px solid #AAAAAA;background:#E0E7EA;border-left:0;border-right:0;font-family:Verdana, sans-serif;font-size:13pt;} .battle-log .chat {vertical-align:middle;padding:3px 0 3px 0;font-size:8pt;} .battle-log .chat strong {color:#40576A;} .battle-log .chat em {padding:1px 4px 1px 3px;color:#000000;font-style:normal;} .chat.mine {background:rgba(0,0,0,0.05);margin-left:-8px;margin-right:-8px;padding-left:8px;padding-right:8px;} .spoiler {color:#BBBBBB;background:#BBBBBB;padding:0px 3px;} .spoiler:hover, .spoiler:active, .spoiler-shown {color:#000000;background:#E2E2E2;padding:0px 3px;} .spoiler a {color:#BBBBBB;} .spoiler:hover a, .spoiler:active a, .spoiler-shown a {color:#2288CC;} .chat code, .chat .spoiler:hover code, .chat .spoiler:active code, .chat .spoiler-shown code {border:1px solid #C0C0C0;background:#EEEEEE;color:black;padding:0 2px;} .chat .spoiler code {border:1px solid #CCCCCC;background:#CCCCCC;color:#CCCCCC;} .battle-log .rated {padding:3px 4px;} .battle-log .rated strong {color:white;background:#89A;padding:1px 4px;border-radius:4px;} .spacer {margin-top:0.5em;} .message-announce {background:#6688AA;color:white;padding:1px 4px 2px;} .message-announce a, .broadcast-green a, .broadcast-blue a, .broadcast-red a {color:#DDEEFF;} .broadcast-green {background-color:#559955;color:white;padding:2px 4px;} .broadcast-blue {background-color:#6688AA;color:white;padding:2px 4px;} .infobox {border:1px solid #6688AA;padding:2px 4px;} .infobox-limited {max-height:200px;overflow:auto;overflow-x:hidden;} .broadcast-red {background-color:#AA5544;color:white;padding:2px 4px;} .message-learn-canlearn {font-weight:bold;color:#228822;text-decoration:underline;} .message-learn-cannotlearn {font-weight:bold;color:#CC2222;text-decoration:underline;} .message-effect-weak {font-weight:bold;color:#CC2222;} .message-effect-resist {font-weight:bold;color:#6688AA;} .message-effect-immune {font-weight:bold;color:#666666;} .message-learn-list {margin-top:0;margin-bottom:0;} .message-throttle-notice, .message-error {color:#992222;} .message-overflow, .chat small.message-overflow {font-size:0pt;} .message-overflow::before {font-size:9pt;content:'...';} .subtle {color:#3A4A66;}
</style>
<div class="wrapper replay-wrapper" style="max-width:1180px;margin:0 auto">
<input type="hidden" name="replayid" value="dragonheaven-gen8megasforall-332" />
<div class="battle"></div><div class="battle-log"></div><div class="replay-controls"></div><div class="replay-controls-2"></div>
<h1 style="font-weight:normal;text-align:center"><strong>[Gen 8] Megas for All</strong><br /><a href="http://pokemonshowdown.com/users/magmajudis" class="subtle" target="_blank">Magmajudis</a> vs. <a href="http://pokemonshowdown.com/users/isocon" class="subtle" target="_blank">isocon</a></h1>
<script type="text/plain" class="battle-log-data">|j|☆Magmajudis
|j|☆isocon
|t:|1640369625
|player|p1|Magmajudis|steven|
|player|p2|isocon|acetrainersnowf|
|teamsize|p1|6
|teamsize|p2|6
|gametype|singles
|gen|8
|tier|[Gen 8] Megas for All
|rated|Tournament battle
|clearpoke
|poke|p1|Raichu, M|
|poke|p1|Kyurem|
|poke|p1|Blissey, F|
|poke|p1|Celebi|
|poke|p1|Gliscor, F|
|poke|p1|Slowbro, M|
|poke|p2|Lunala|
|poke|p2|Corviknight, M|
|poke|p2|Toxapex, F|
|poke|p2|Blissey, F|
|poke|p2|Clefable, M|
|poke|p2|Weavile, F|
|rule|HP Percentage Mod: HP is shown in percentages
|rule|Endless Battle Clause: Forcing endless battles is banned
|rule|OHKO Clause: OHKO moves are banned
|rule|Evasion Moves Clause: Evasion moves are banned
|rule|Species Clause: Limit one of each Pokémon
|rule|Dynamax Clause: You cannot dynamax
|rule|Sleep Clause Mod: Limit one foe put to sleep
|rule|Freeze Clause Mod: Limit one foe frozen
|raw|<img src="https:\/\/raw.githubusercontent.com\/scoopapa\/DH\/master\/data\/mods\/m4av6\/sprites\/m4a_banner.png" height="65" width="381">
|-message|Welcome to Megas for All!
|-message|This is a National Dex-based format where we aim to give a new Mega Evolution to every Pokémon.
|-message|Just like any official format, you can still only Mega Evolve one Pokémon per team!
|-message|You can find our thread and metagame resources here:
|-message|https:\/\/www.smogon.com\/forums\/threads\/3671140\/
|teampreview
|c|☆isocon|glhf
|j|#inkbug1

|c|☆Magmajudis|U2
|
|t:|1640369640
|start
|switch|p1a: Raichu|Raichu, M|100\/100
|switch|p2a: Lunala|Lunala|100\/100
|turn|1
|
|t:|1640369652
|detailschange|p1a: Raichu|Raichu-Mega, M
|-mega|p1a: Raichu|Raichu|Raichunite
|-start|p1a: Raichu|typechange|Electric\/Fighting|[silent]
|raw|<ul class="utilichart"><li class="result"><span class="col pokemonnamecol" style="white-space: nowrap">Raichu-Mega<\/span> <span class="col typecol"><img src="https:\/\/play.pokemonshowdown.com\/sprites\/types\/Electric.png" alt="Electric" height="14" width="32"><img src="https:\/\/play.pokemonshowdown.com\/sprites\/types\/Fighting.png" alt="Fighting" height="14" width="32"><\/span> <span style="float: left ; min-height: 26px"><span class="col abilitycol">Reckless<\/span><span class="col abilitycol"><\/span><\/span><span style="float: left ; min-height: 26px"><span class="col statcol"><em>HP<\/em><br>60<\/span> <span class="col statcol"><em>Atk<\/em><br>125<\/span> <span class="col statcol"><em>Def<\/em><br>65<\/span> <span class="col statcol"><em>SpA<\/em><br>110<\/span> <span class="col statcol"><em>SpD<\/em><br>100<\/span> <span class="col statcol"><em>Spe<\/em><br>125<\/span> <\/span><\/li><li style="clear: both"><\/li><\/ul>
|-hint|Raichu-Mega was submitted by DrPumpkinz!
|move|p1a: Raichu|Volt Switch|p2a: Lunala
|-crit|p2a: Lunala
|-damage|p2a: Lunala|86\/100
|
|t:|1640369656
|switch|p1a: Blissey|Blissey, F|100\/100|[from]move: Volt Switch
|move|p2a: Lunala|Roost|p2a: Lunala
|-heal|p2a: Lunala|100\/100
|-singleturn|p2a: Lunala|move: Roost
|
|upkeep
|turn|2
|
|t:|1640369665
|move|p2a: Lunala|Substitute|p2a: Lunala
|-start|p2a: Lunala|Substitute
|-damage|p2a: Lunala|76\/100
|move|p1a: Blissey|Stealth Rock|p2a: Lunala
|-sidestart|p2: isocon|move: Stealth Rock
|
|-heal|p2a: Lunala|82\/100|[from] item: Leftovers
|upkeep
|turn|3
|
|t:|1640369671
|switch|p1a: Kyurem|Kyurem|100\/100
|-ability|p1a: Kyurem|Pressure
|move|p2a: Lunala|Calm Mind|p2a: Lunala
|-boost|p2a: Lunala|spa|1
|-boost|p2a: Lunala|spd|1
|
|-heal|p2a: Lunala|88\/100|[from] item: Leftovers
|upkeep
|turn|4
|
|t:|1640369677
|move|p2a: Lunala|Calm Mind|p2a: Lunala
|-boost|p2a: Lunala|spa|1
|-boost|p2a: Lunala|spd|1
|move|p1a: Kyurem|Ice Beam|p2a: Lunala
|-activate|p2a: Lunala|move: Substitute|[damage]
|
|-heal|p2a: Lunala|94\/100|[from] item: Leftovers
|upkeep
|turn|5
|
|t:|1640369685
|move|p2a: Lunala|Shadow Ball|p1a: Kyurem
|-damage|p1a: Kyurem|28\/100
|move|p1a: Kyurem|Ice Beam|p2a: Lunala
|-end|p2a: Lunala|Substitute
|
|-heal|p2a: Lunala|99\/100|[from] item: Leftovers
|upkeep
|turn|6
|
|t:|1640369690
|move|p2a: Lunala|Substitute|p2a: Lunala
|-start|p2a: Lunala|Substitute
|-damage|p2a: Lunala|75\/100
|move|p1a: Kyurem|Ice Beam|p2a: Lunala
|-activate|p2a: Lunala|move: Substitute|[damage]
|
|-heal|p2a: Lunala|81\/100|[from] item: Leftovers
|upkeep
|turn|7
|
|t:|1640369697
|move|p2a: Lunala|Shadow Ball|p1a: Kyurem
|-damage|p1a: Kyurem|0 fnt
|faint|p1a: Kyurem
|
|-heal|p2a: Lunala|87\/100|[from] item: Leftovers
|upkeep
|
|t:|1640369703
|switch|p1a: Raichu|Raichu-Mega, M|100\/100
|-start|p1a: Raichu|typechange|Electric\/Fighting|[silent]
|turn|8
|
|t:|1640369707
|move|p1a: Raichu|Volt Tackle|p2a: Lunala
|-end|p2a: Lunala|Substitute
|-damage|p1a: Raichu|97\/100|[from] Recoil|[of] p2a: Lunala
|move|p2a: Lunala|Roost|p2a: Lunala
|-heal|p2a: Lunala|100\/100
|-singleturn|p2a: Lunala|move: Roost
|
|upkeep
|turn|9
|
|t:|1640369712
|move|p1a: Raichu|Volt Tackle|p2a: Lunala
|-damage|p2a: Lunala|71\/100
|-damage|p1a: Raichu|79\/100|[from] Recoil
|move|p2a: Lunala|Shadow Ball|p1a: Raichu
|-damage|p1a: Raichu|0 fnt
|faint|p1a: Raichu
|
|-heal|p2a: Lunala|77\/100|[from] item: Leftovers
|upkeep
|
|t:|1640369719
|switch|p1a: Celebi|Celebi|100\/100
|turn|10
|
|t:|1640369723
|move|p2a: Lunala|Shadow Ball|p1a: Celebi
|-supereffective|p1a: Celebi
|-crit|p1a: Celebi
|-damage|p1a: Celebi|0 fnt
|faint|p1a: Celebi
|
|-heal|p2a: Lunala|83\/100|[from] item: Leftovers
|upkeep
|
|t:|1640369725
|switch|p1a: Gliscor|Gliscor, F|100\/100
|turn|11
|c|☆isocon|you could try and pp stall with blissey
|c|☆isocon|idk if youd win though
|
|t:|1640369743
|switch|p1a: Blissey|Blissey, F|100\/100
|move|p2a: Lunala|Substitute|p2a: Lunala
|-start|p2a: Lunala|Substitute
|-damage|p2a: Lunala|58\/100
|
|-heal|p2a: Lunala|64\/100|[from] item: Leftovers
|upkeep
|turn|12
|
|t:|1640369753
|move|p2a: Lunala|Calm Mind|p2a: Lunala
|-boost|p2a: Lunala|spa|1
|-boost|p2a: Lunala|spd|1
|move|p1a: Blissey|Stealth Rock||[still]
|-fail|p1a: Blissey
|
|-heal|p2a: Lunala|70\/100|[from] item: Leftovers
|upkeep
|turn|13
|
|t:|1640369759
|move|p2a: Lunala|Calm Mind|p2a: Lunala
|-boost|p2a: Lunala|spa|1
|-boost|p2a: Lunala|spd|1
|move|p1a: Blissey|Seismic Toss|p2a: Lunala
|-immune|p2a: Lunala
|
|-heal|p2a: Lunala|76\/100|[from] item: Leftovers
|upkeep
|turn|14
|
|t:|1640369777
|move|p2a: Lunala|Roost|p2a: Lunala
|-heal|p2a: Lunala|100\/100
|-singleturn|p2a: Lunala|move: Roost
|move|p1a: Blissey|Seismic Toss|p2a: Lunala
|-immune|p2a: Lunala
|
|upkeep
|turn|15
|
|t:|1640369787
|switch|p2a: Clefable|Clefable, M|100\/100
|-damage|p2a: Clefable|88\/100|[from] Stealth Rock
|move|p1a: Blissey|Seismic Toss|p2a: Clefable
|-damage|p2a: Clefable|63\/100
|
|-heal|p2a: Clefable|69\/100|[from] item: Leftovers
|upkeep
|turn|16
|
|t:|1640369793
|move|p2a: Clefable|Stealth Rock|p1a: Blissey
|-sidestart|p1: Magmajudis|move: Stealth Rock
|move|p1a: Blissey|Seismic Toss|p2a: Clefable
|-damage|p2a: Clefable|43\/100
|
|-heal|p2a: Clefable|49\/100|[from] item: Leftovers
|upkeep
|turn|17
|
|t:|1640369803
|switch|p1a: Slowbro|Slowbro, M|100\/100
|move|p2a: Clefable|Knock Off|p1a: Slowbro
|-supereffective|p1a: Slowbro
|-damage|p1a: Slowbro|83\/100
|-enditem|p1a: Slowbro|Heavy-Duty Boots|[from] move: Knock Off|[of] p2a: Clefable
|
|-heal|p2a: Clefable|55\/100|[from] item: Leftovers
|upkeep
|turn|18
|
|t:|1640369807
|move|p2a: Clefable|Soft-Boiled|p2a: Clefable
|-heal|p2a: Clefable|100\/100
|move|p1a: Slowbro|Future Sight|p2a: Clefable
|-start|p1a: Slowbro|move: Future Sight
|
|upkeep
|turn|19
|
|t:|1640369821
|move|p2a: Clefable|Moonblast|p1a: Slowbro
|-damage|p1a: Slowbro|53\/100
|move|p1a: Slowbro|Scald|p2a: Clefable
|-damage|p2a: Clefable|80\/100
|
|-heal|p2a: Clefable|86\/100|[from] item: Leftovers
|upkeep
|turn|20
|
|t:|1640369833
|switch|p1a: Blissey|Blissey, F|100\/100
|move|p2a: Clefable|Soft-Boiled|p2a: Clefable
|-heal|p2a: Clefable|100\/100
|
|-end|p2a: Clefable|move: Future Sight
|-damage|p2a: Clefable|70\/100
|-heal|p2a: Clefable|76\/100|[from] item: Leftovers
|upkeep
|turn|21
|
|t:|1640369842
|move|p2a: Clefable|Knock Off|p1a: Blissey
|-damage|p1a: Blissey|87\/100
|-enditem|p1a: Blissey|Heavy-Duty Boots|[from] move: Knock Off|[of] p2a: Clefable
|move|p1a: Blissey|Seismic Toss|p2a: Clefable
|-damage|p2a: Clefable|51\/100
|
|-heal|p2a: Clefable|57\/100|[from] item: Leftovers
|upkeep
|turn|22
|
|t:|1640369848
|move|p2a: Clefable|Soft-Boiled|p2a: Clefable
|-heal|p2a: Clefable|100\/100
|move|p1a: Blissey|Seismic Toss|p2a: Clefable
|-damage|p2a: Clefable|75\/100
|
|-heal|p2a: Clefable|81\/100|[from] item: Leftovers
|upkeep
|turn|23
|
|t:|1640369853
|switch|p2a: Corviknight|Corviknight, M|100\/100
|-damage|p2a: Corviknight|88\/100|[from] Stealth Rock
|-ability|p2a: Corviknight|Pressure
|move|p1a: Blissey|Seismic Toss|p2a: Corviknight
|-damage|p2a: Corviknight|63\/100
|
|upkeep
|turn|24
|
|t:|1640369868
|move|p2a: Corviknight|Defog|p1a: Blissey
|-unboost|p1a: Blissey|evasion|1
|-sideend|p1: Magmajudis|Stealth Rock|[from] move: Defog|[of] p2a: Corviknight
|-sideend|p2: isocon|Stealth Rock|[from] move: Defog|[of] p2a: Corviknight
|move|p1a: Blissey|Seismic Toss|p2a: Corviknight
|-damage|p2a: Corviknight|38\/100
|
|upkeep
|turn|25
|
|t:|1640369873
|move|p2a: Corviknight|Roost|p2a: Corviknight
|-heal|p2a: Corviknight|88\/100
|-singleturn|p2a: Corviknight|move: Roost
|move|p1a: Blissey|Seismic Toss|p2a: Corviknight
|-damage|p2a: Corviknight|63\/100
|
|upkeep
|turn|26
|
|t:|1640369876
|move|p2a: Corviknight|Roost|p2a: Corviknight
|-heal|p2a: Corviknight|100\/100
|-singleturn|p2a: Corviknight|move: Roost
|move|p1a: Blissey|Stealth Rock|p2a: Corviknight
|-sidestart|p2: isocon|move: Stealth Rock
|
|upkeep
|turn|27
|
|t:|1640369881
|move|p2a: Corviknight|Defog|p1a: Blissey
|-unboost|p1a: Blissey|evasion|1
|-sideend|p2: isocon|Stealth Rock|[from] move: Defog|[of] p2a: Corviknight
|move|p1a: Blissey|Seismic Toss|p2a: Corviknight
|-damage|p2a: Corviknight|75\/100
|
|upkeep
|turn|28
|
|t:|1640369889
|switch|p1a: Slowbro|Slowbro, M|86\/100
|move|p2a: Corviknight|Body Press|p1a: Slowbro
|-resisted|p1a: Slowbro
|-damage|p1a: Slowbro|79\/100
|
|upkeep
|turn|29
|
|t:|1640369894
|switch|p2a: Weavile|Weavile, F|100\/100
|-ability|p2a: Weavile|Pressure
|move|p1a: Slowbro|Scald|p2a: Weavile
|-damage|p2a: Weavile|60\/100
|
|upkeep
|turn|30
|
|t:|1640369906
|move|p2a: Weavile|Toxic|p1a: Slowbro
|-status|p1a: Slowbro|tox
|move|p1a: Slowbro|Scald|p2a: Weavile
|-damage|p2a: Weavile|22\/100
|
|-damage|p1a: Slowbro|73\/100 tox|[from] psn
|upkeep
|turn|31
|
|t:|1640369915
|switch|p2a: Clefable|Clefable, M|81\/100
|move|p1a: Slowbro|Scald|p2a: Clefable
|-damage|p2a: Clefable|61\/100
|
|-heal|p2a: Clefable|67\/100|[from] item: Leftovers
|-damage|p1a: Slowbro|61\/100 tox|[from] psn
|upkeep
|turn|32
|
|t:|1640369919
|switch|p1a: Gliscor|Gliscor, F|100\/100
|move|p2a: Clefable|Stealth Rock|p1a: Gliscor
|-sidestart|p1: Magmajudis|move: Stealth Rock
|
|-heal|p2a: Clefable|73\/100|[from] item: Leftovers
|-status|p1a: Gliscor|tox|[from] item: Toxic Orb
|upkeep
|turn|33
|
|t:|1640369925
|switch|p2a: Corviknight|Corviknight, M|75\/100
|-ability|p2a: Corviknight|Pressure
|move|p1a: Gliscor|Earthquake|p2a: Corviknight
|-immune|p2a: Corviknight
|
|upkeep
|turn|34
|
|t:|1640369932
|move|p1a: Gliscor|Defog|p2a: Corviknight
|-unboost|p2a: Corviknight|evasion|1
|-sideend|p1: Magmajudis|Stealth Rock|[from] move: Defog|[of] p1a: Gliscor
|move|p2a: Corviknight|Iron Defense|p2a: Corviknight
|-boost|p2a: Corviknight|def|2
|
|upkeep
|turn|35
|
|t:|1640369940
|move|p1a: Gliscor|U-turn|p2a: Corviknight
|-resisted|p2a: Corviknight
|-damage|p2a: Corviknight|74\/100
|
|t:|1640369944
|switch|p1a: Slowbro|Slowbro, M|94\/100 tox|[from]move: U-turn
|move|p2a: Corviknight|Roost|p2a: Corviknight
|-heal|p2a: Corviknight|100\/100
|-singleturn|p2a: Corviknight|move: Roost
|
|-damage|p1a: Slowbro|88\/100 tox|[from] psn
|upkeep
|turn|36
|
|t:|1640369956
|switch|p2a: Clefable|Clefable, M|73\/100
|move|p1a: Slowbro|Scald|p2a: Clefable
|-damage|p2a: Clefable|54\/100
|-status|p2a: Clefable|brn
|
|-heal|p2a: Clefable|61\/100 brn|[from] item: Leftovers
|-damage|p2a: Clefable|54\/100 brn|[from] brn
|-damage|p1a: Slowbro|76\/100 tox|[from] psn
|upkeep
|turn|37
|
|t:|1640369963
|move|p2a: Clefable|Stealth Rock|p1a: Slowbro
|-sidestart|p1: Magmajudis|move: Stealth Rock
|move|p1a: Slowbro|Future Sight|p2a: Clefable
|-start|p1a: Slowbro|move: Future Sight
|
|-heal|p2a: Clefable|61\/100 brn|[from] item: Leftovers
|-damage|p2a: Clefable|54\/100 brn|[from] brn
|-damage|p1a: Slowbro|57\/100 tox|[from] psn
|upkeep
|turn|38
|
|t:|1640369967
|move|p2a: Clefable|Soft-Boiled|p2a: Clefable
|-heal|p2a: Clefable|100\/100 brn
|move|p1a: Slowbro|Teleport|p1a: Slowbro
|
|t:|1640369970
|switch|p1a: Gliscor|Gliscor, F|100\/100 tox|[from]move: Teleport
|-damage|p1a: Gliscor|88\/100 tox|[from] Stealth Rock
|
|-heal|p1a: Gliscor|100\/100 tox|[from] ability: Poison Heal
|-damage|p2a: Clefable|94\/100 brn|[from] brn
|upkeep
|turn|39
|
|t:|1640369985
|switch|p2a: Corviknight|Corviknight, M|100\/100
|-ability|p2a: Corviknight|Pressure
|move|p1a: Gliscor|U-turn|p2a: Corviknight
|-resisted|p2a: Corviknight
|-damage|p2a: Corviknight|98\/100
|
|t:|1640369987
|switch|p1a: Slowbro|Slowbro, M|91\/100 tox|[from]move: U-turn
|-damage|p1a: Slowbro|78\/100 tox|[from] Stealth Rock
|
|-end|p2a: Corviknight|move: Future Sight
|-resisted|p2a: Corviknight
|-damage|p2a: Corviknight|77\/100
|-damage|p1a: Slowbro|72\/100 tox|[from] psn
|upkeep
|turn|40
|
|t:|1640369996
|switch|p2a: Blissey|Blissey, F|100\/100
|move|p1a: Slowbro|Scald|p2a: Blissey
|-damage|p2a: Blissey|90\/100
|
|-damage|p1a: Slowbro|60\/100 tox|[from] psn
|upkeep
|turn|41
|-message|Magmajudis forfeited.
|
|win|isocon
|c|☆isocon|gg
|c|☆Magmajudis|gg</script>
</div>
<div class="battle-log battle-log-inline"><div class="inner"><div class="battle-options"><div style="padding-top: 3px; padding-right: 3px; text-align: right"><button class="icon button" name="openBattleOptions" title="Options">Battle Options</button></div></div><div class="inner message-log"><div class="chat"><small>☆Magmajudis and ☆isocon joined</small></div><div class=""><small>Format:</small> <br><strong>[Gen 8] Megas for All</strong></div><div class="rated"><strong>Tournament battle</strong></div><div class=""><small><em>HP Percentage Mod:</em> HP is shown in percentages</small></div><div class=""><small><em>Endless Battle Clause:</em> Forcing endless battles is banned</small></div><div class=""><small><em>OHKO Clause:</em> OHKO moves are banned</small></div><div class=""><small><em>Evasion Moves Clause:</em> Evasion moves are banned</small></div><div class=""><small><em>Species Clause:</em> Limit one of each Pokémon</small></div><div class=""><small><em>Dynamax Clause:</em> You cannot dynamax</small></div><div class=""><small><em>Sleep Clause Mod:</em> Limit one foe put to sleep</small></div><div class=""><small><em>Freeze Clause Mod:</em> Limit one foe frozen</small></div><div class="chat"><img src="https://raw.githubusercontent.com/scoopapa/DH/master/data/mods/m4av6/sprites/m4a_banner.png" height="65" width="381"></div><div class="spacer battle-history"><br></div><div class="battle-history"><small>Welcome to Megas for All!</small><br></div><div class="battle-history"><small>This is a National Dex-based format where we aim to give a new Mega Evolution to every Pokémon.</small><br></div><div class="battle-history"><small>Just like any official format, you can still only Mega Evolve one Pokémon per team!</small><br></div><div class="battle-history"><small>You can find our thread and metagame resources here:</small><br></div><div class="battle-history"><small>https://www.smogon.com/forums/threads/3671140/</small><br></div><div class="chat battle-history"><strong>Magmajudis's team:</strong> <em style="color:#445566;display:block;">Raichu / Kyurem / Blissey / Celebi / Gliscor / Slowbro</em></div><div class="chat battle-history"><strong>isocon's team:</strong> <em style="color:#445566;display:block;">Lunala / Corviknight / Toxapex / Blissey / Clefable / Weavile</em></div><div class="chat chatmessage-isocon"><strong style="color:#616adf"><small>☆</small><span class="username" data-name="isocon">isocon</span>:</strong> <em>glhf</em></div><div class="chat"><small>#inkbug1 joined</small></div><div class="chat chatmessage-magmajudis"><strong style="color:#979b3e"><small>☆</small><span class="username" data-name="Magmajudis">Magmajudis</span>:</strong> <em>U2</em></div><div class="spacer battle-history"><br></div><div class="battle-history">Battle started between Magmajudis and isocon!<br></div><div class="spacer battle-history"><br></div><div class="battle-history">Go! <strong>Raichu</strong>!<br></div><div class="spacer battle-history"><br></div><div class="battle-history">isocon sent out <strong>Lunala</strong>!<br></div><div class="spacer battle-history"><br></div><h2 class="battle-history">Turn 1</h2><div class="spacer battle-history"><br></div><div class="battle-history"><small>Raichu's Raichunite is reacting to the Key Stone!</small><br>Raichu has Mega Evolved into Mega Raichu!<br></div><div class="chat"><ul class="utilichart"><li class="result"><span class="col pokemonnamecol" style="white-space: nowrap">Raichu-Mega</span> <span class="col typecol"><img src="https://play.pokemonshowdown.com/sprites/types/Electric.png" alt="Electric" height="14" width="32"><img src="https://play.pokemonshowdown.com/sprites/types/Fighting.png" alt="Fighting" height="14" width="32"></span> <span style="float: left ; min-height: 26px"><span class="col abilitycol">Reckless</span><span class="col abilitycol"></span></span><span style="float: left ; min-height: 26px"><span class="col statcol"><em>HP</em><br>60</span> <span class="col statcol"><em>Atk</em><br>125</span> <span class="col statcol"><em>Def</em><br>65</span> <span class="col statcol"><em>SpA</em><br>110</span> <span class="col statcol"><em>SpD</em><br>100</span> <span class="col statcol"><em>Spe</em><br>125</span> </span></li><li style="clear: both"></li></ul></div><div class="battle-history"><small>(Raichu-Mega was submitted by DrPumpkinz!)</small><br></div><div class="spacer battle-history"><br></div><div class="battle-history">Raichu used <strong>Volt Switch</strong>!<br></div><div class="battle-history"><small>A critical hit!</small><br></div><div class="battle-history"><small>(The opposing Lunala lost 14% of its health!)</small><br></div><div class="spacer battle-history"><br></div><div class="battle-history">Raichu went back to Magmajudis!<br></div><div class="battle-history">Go! <strong>Blissey</strong>!<br></div><div class="spacer battle-history"><br></div><div class="battle-history">The opposing Lunala used <strong>Roost</strong>!<br></div><div class="battle-history"><small>The opposing Lunala had its HP restored.</small><br></div><div class="spacer battle-history"><br></div><h2 class="battle-history">Turn 2</h2><div class="spacer battle-history"><br></div><div class="battle-history">The opposing Lunala used <strong>Substitute</strong>!<br></div><div class="battle-history"><small>The opposing Lunala put in a substitute!</small><br></div><div class="battle-history"><small>(The opposing Lunala lost 24% of its health!)</small><br></div><div class="spacer battle-history"><br></div><div class="battle-history">Blissey used <strong>Stealth Rock</strong>!<br></div><div class="battle-history"><small>Pointed stones float in the air around the opposing team!</small><br></div><div class="spacer battle-history"><br></div><div class="battle-history"><small>The opposing Lunala restored a little HP using its Leftovers!</small><br></div><div class="spacer battle-history"><br></div><h2 class="battle-history">Turn 3</h2><div class="spacer battle-history"><br></div><div class="battle-history">Blissey, come back!<br></div><div class="battle-history">Go! <strong>Kyurem</strong>!<br></div><div class="battle-history">[Kyurem's Pressure]<br><small>Kyurem is exerting its pressure!</small><br></div><div class="spacer battle-history"><br></div><div class="battle-history">The opposing Lunala used <strong>Calm Mind</strong>!<br></div><div class="battle-history"><small>The opposing Lunala's Sp. Atk rose!</small><br></div><div class="battle-history"><small>The opposing Lunala's Sp. Def rose!</small><br></div><div class="spacer battle-history"><br></div><div class="battle-history"><small>The opposing Lunala restored a little HP using its Leftovers!</small><br></div><div class="spacer battle-history"><br></div><h2 class="battle-history">Turn 4</h2><div class="spacer battle-history"><br></div><div class="battle-history">The opposing Lunala used <strong>Calm Mind</strong>!<br></div><div class="battle-history"><small>The opposing Lunala's Sp. Atk rose!</small><br></div><div class="battle-history"><small>The opposing Lunala's Sp. Def rose!</small><br></div><div class="spacer battle-history"><br></div><div class="battle-history">Kyurem used <strong>Ice Beam</strong>!<br></div><div class="battle-history"><small>The substitute took damage for the opposing Lunala!</small><br></div><div class="spacer battle-history"><br></div><div class="battle-history"><small>The opposing Lunala restored a little HP using its Leftovers!</small><br></div><div class="spacer battle-history"><br></div><h2 class="battle-history">Turn 5</h2><div class="spacer battle-history"><br></div><div class="battle-history">The opposing Lunala used <strong>Shadow Ball</strong>!<br></div><div class="battle-history"><small>(Kyurem lost 72% of its health!)</small><br></div><div class="spacer battle-history"><br></div><div class="battle-history">Kyurem used <strong>Ice Beam</strong>!<br></div><div class="battle-history"><small>The opposing Lunala's substitute faded!</small><br></div><div class="spacer battle-history"><br></div><div class="battle-history"><small>The opposing Lunala restored a little HP using its Leftovers!</small><br></div><div class="spacer battle-history"><br></div><h2 class="battle-history">Turn 6</h2><div class="spacer battle-history"><br></div><div class="battle-history">The opposing Lunala used <strong>Substitute</strong>!<br></div><div class="battle-history"><small>The opposing Lunala put in a substitute!</small><br></div><div class="battle-history"><small>(The opposing Lunala lost 24% of its health!)</small><br></div><div class="spacer battle-history"><br></div><div class="battle-history">Kyurem used <strong>Ice Beam</strong>!<br></div><div class="battle-history"><small>The substitute took damage for the opposing Lunala!</small><br></div><div class="spacer battle-history"><br></div><div class="battle-history"><small>The opposing Lunala restored a little HP using its Leftovers!</small><br></div><div class="spacer battle-history"><br></div><h2 class="battle-history">Turn 7</h2><div class="spacer battle-history"><br></div><div class="battle-history">The opposing Lunala used <strong>Shadow Ball</strong>!<br></div><div class="battle-history"><small>(Kyurem lost 28% of its health!)</small><br></div><div class="spacer battle-history"><br></div><div class="battle-history">Kyurem fainted!<br></div><div class="spacer battle-history"><br></div><div class="battle-history"><small>The opposing Lunala restored a little HP using its Leftovers!</small><br></div><div class="spacer battle-history"><br></div><div class="battle-history">Go! Raichu (<strong>Raichu-Mega</strong>)!<br></div><div class="spacer battle-history"><br></div><h2 class="battle-history">Turn 8</h2><div class="spacer battle-history"><br></div><div class="battle-history">Raichu used <strong>Volt Tackle</strong>!<br></div><div class="battle-history"><small>The opposing Lunala's substitute faded!</small><br></div><div class="battle-history"><small>Raichu was damaged by the recoil!</small><br></div><div class="spacer battle-history"><br></div><div class="battle-history">The opposing Lunala used <strong>Roost</strong>!<br></div><div class="battle-history"><small>The opposing Lunala had its HP restored.</small><br></div><div class="spacer battle-history"><br></div><h2 class="battle-history">Turn 9</h2><div class="spacer battle-history"><br></div><div class="battle-history">Raichu used <strong>Volt Tackle</strong>!<br></div><div class="battle-history"><small>(The opposing Lunala lost 29% of its health!)</small><br></div><div class="battle-history"><small>Raichu was damaged by the recoil!</small><br></div><div class="spacer battle-history"><br></div><div class="battle-history">The opposing Lunala used <strong>Shadow Ball</strong>!<br></div><div class="battle-history"><small>(Raichu lost 79% of its health!)</small><br></div><div class="spacer battle-history"><br></div><div class="battle-history">Raichu fainted!<br></div><div class="spacer battle-history"><br></div><div class="battle-history"><small>The opposing Lunala restored a little HP using its Leftovers!</small><br></div><div class="spacer battle-history"><br></div><div class="battle-history">Go! <strong>Celebi</strong>!<br></div><div class="spacer battle-history"><br></div><h2 class="battle-history">Turn 10</h2><div class="spacer battle-history"><br></div><div class="battle-history">The opposing Lunala used <strong>Shadow Ball</strong>!<br></div><div class="battle-history"><small>It's super effective!</small><br></div><div class="battle-history"><small>A critical hit!</small><br></div><div class="battle-history"><small>(Celebi lost 100% of its health!)</small><br></div><div class="spacer battle-history"><br></div><div class="battle-history">Celebi fainted!<br></div><div class="spacer battle-history"><br></div><div class="battle-history"><small>The opposing Lunala restored a little HP using its Leftovers!</small><br></div><div class="spacer battle-history"><br></div><div class="battle-history">Go! <strong>Gliscor</strong>!<br></div><div class="spacer battle-history"><br></div><h2 class="battle-history">Turn 11</h2><div class="chat chatmessage-isocon"><strong style="color:#616adf"><small>☆</small><span class="username" data-name="isocon">isocon</span>:</strong> <em>you could try and pp stall with blissey</em></div><div class="chat chatmessage-isocon"><strong style="color:#616adf"><small>☆</small><span class="username" data-name="isocon">isocon</span>:</strong> <em>idk if youd win though</em></div><div class="spacer battle-history"><br></div><div class="battle-history">Gliscor, come back!<br></div><div class="battle-history">Go! <strong>Blissey</strong>!<br></div><div class="spacer battle-history"><br></div><div class="battle-history">The opposing Lunala used <strong>Substitute</strong>!<br></div><div class="battle-history"><small>The opposing Lunala put in a substitute!</small><br></div><div class="battle-history"><small>(The opposing Lunala lost 25% of its health!)</small><br></div><div class="spacer battle-history"><br></div><div class="battle-history"><small>The opposing Lunala restored a little HP using its Leftovers!</small><br></div><div class="spacer battle-history"><br></div><h2 class="battle-history">Turn 12</h2><div class="spacer battle-history"><br></div><div class="battle-history">The opposing Lunala used <strong>Calm Mind</strong>!<br></div><div class="battle-history"><small>The opposing Lunala's Sp. Atk rose!</small><br></div><div class="battle-history"><small>The opposing Lunala's Sp. Def rose!</small><br></div><div class="spacer battle-history"><br></div><div class="battle-history">Blissey used <strong>Stealth Rock</strong>!<br></div><div class="battle-history"><small>But it failed!</small><br></div><div class="spacer battle-history"><br></div><div class="battle-history"><small>The opposing Lunala restored a little HP using its Leftovers!</small><br></div><div class="spacer battle-history"><br></div><h2 class="battle-history">Turn 13</h2><div class="spacer battle-history"><br></div><div class="battle-history">The opposing Lunala used <strong>Calm Mind</strong>!<br></div><div class="battle-history"><small>The opposing Lunala's Sp. Atk rose!</small><br></div><div class="battle-history"><small>The opposing Lunala's Sp. Def rose!</small><br></div><div class="spacer battle-history"><br></div><div class="battle-history">Blissey used <strong>Seismic Toss</strong>!<br></div><div class="battle-history"><small>It doesn't affect the opposing Lunala...</small><br></div><div class="spacer battle-history"><br></div><div class="battle-history"><small>The opposing Lunala restored a little HP using its Leftovers!</small><br></div><div class="spacer battle-history"><br></div><h2 class="battle-history">Turn 14</h2><div class="spacer battle-history"><br></div><div class="battle-history">The opposing Lunala used <strong>Roost</strong>!<br></div><div class="battle-history"><small>The opposing Lunala had its HP restored.</small><br></div><div class="spacer battle-history"><br></div><div class="battle-history">Blissey used <strong>Seismic Toss</strong>!<br></div><div class="battle-history"><small>It doesn't affect the opposing Lunala...</small><br></div><div class="spacer battle-history"><br></div><h2 class="battle-history">Turn 15</h2><div class="spacer battle-history"><br></div><div class="battle-history">isocon withdrew Lunala!<br></div><div class="battle-history">isocon sent out <strong>Clefable</strong>!<br></div><div class="battle-history"><small>Pointed stones dug into the opposing Clefable!</small><br></div><div class="spacer battle-history"><br></div><div class="battle-history">Blissey used <strong>Seismic Toss</strong>!<br></div><div class="battle-history"><small>(The opposing Clefable lost 25% of its health!)</small><br></div><div class="spacer battle-history"><br></div><div class="battle-history"><small>The opposing Clefable restored a little HP using its Leftovers!</small><br></div><div class="spacer battle-history"><br></div><h2 class="battle-history">Turn 16</h2><div class="spacer battle-history"><br></div><div class="battle-history">The opposing Clefable used <strong>Stealth Rock</strong>!<br></div><div class="battle-history"><small>Pointed stones float in the air around your team!</small><br></div><div class="spacer battle-history"><br></div><div class="battle-history">Blissey used <strong>Seismic Toss</strong>!<br></div><div class="battle-history"><small>(The opposing Clefable lost 26% of its health!)</small><br></div><div class="spacer battle-history"><br></div><div class="battle-history"><small>The opposing Clefable restored a little HP using its Leftovers!</small><br></div><div class="spacer battle-history"><br></div><h2 class="battle-history">Turn 17</h2><div class="spacer battle-history"><br></div><div class="battle-history">Blissey, come back!<br></div><div class="battle-history">Go! <strong>Slowbro</strong>!<br></div><div class="spacer battle-history"><br></div><div class="battle-history">The opposing Clefable used <strong>Knock Off</strong>!<br></div><div class="battle-history"><small>It's super effective!</small><br></div><div class="battle-history"><small>(Slowbro lost 17% of its health!)</small><br></div><div class="battle-history"><small>The opposing Clefable knocked off Slowbro's Heavy-Duty Boots!</small><br></div><div class="spacer battle-history"><br></div><div class="battle-history"><small>The opposing Clefable restored a little HP using its Leftovers!</small><br></div><div class="spacer battle-history"><br></div><h2 class="battle-history">Turn 18</h2><div class="spacer battle-history"><br></div><div class="battle-history">The opposing Clefable used <strong>Soft-Boiled</strong>!<br></div><div class="battle-history"><small>The opposing Clefable had its HP restored.</small><br></div><div class="spacer battle-history"><br></div><div class="battle-history">Slowbro used <strong>Future Sight</strong>!<br></div><div class="battle-history"><small>Slowbro foresaw an attack!</small><br></div><div class="spacer battle-history"><br></div><h2 class="battle-history">Turn 19</h2><div class="spacer battle-history"><br></div><div class="battle-history">The opposing Clefable used <strong>Moonblast</strong>!<br></div><div class="battle-history"><small>(Slowbro lost 30% of its health!)</small><br></div><div class="spacer battle-history"><br></div><div class="battle-history">Slowbro used <strong>Scald</strong>!<br></div><div class="battle-history"><small>(The opposing Clefable lost 20% of its health!)</small><br></div><div class="spacer battle-history"><br></div><div class="battle-history"><small>The opposing Clefable restored a little HP using its Leftovers!</small><br></div><div class="spacer battle-history"><br></div><h2 class="battle-history">Turn 20</h2><div class="spacer battle-history"><br></div><div class="battle-history">Slowbro, come back!<br></div><div class="battle-history">Go! <strong>Blissey</strong>!<br></div><div class="spacer battle-history"><br></div><div class="battle-history">The opposing Clefable used <strong>Soft-Boiled</strong>!<br></div><div class="battle-history"><small>The opposing Clefable had its HP restored.</small><br></div><div class="spacer battle-history"><br></div><div class="battle-history"><small>The opposing Clefable took the Future Sight attack!</small><br></div><div class="battle-history"><small>(The opposing Clefable lost 30% of its health!)</small><br></div><div class="battle-history"><small>The opposing Clefable restored a little HP using its Leftovers!</small><br></div><div class="spacer battle-history"><br></div><h2 class="battle-history">Turn 21</h2><div class="spacer battle-history"><br></div><div class="battle-history">The opposing Clefable used <strong>Knock Off</strong>!<br></div><div class="battle-history"><small>(Blissey lost 13% of its health!)</small><br></div><div class="battle-history"><small>The opposing Clefable knocked off Blissey's Heavy-Duty Boots!</small><br></div><div class="spacer battle-history"><br></div><div class="battle-history">Blissey used <strong>Seismic Toss</strong>!<br></div><div class="battle-history"><small>(The opposing Clefable lost 25% of its health!)</small><br></div><div class="spacer battle-history"><br></div><div class="battle-history"><small>The opposing Clefable restored a little HP using its Leftovers!</small><br></div><div class="spacer battle-history"><br></div><h2 class="battle-history">Turn 22</h2><div class="spacer battle-history"><br></div><div class="battle-history">The opposing Clefable used <strong>Soft-Boiled</strong>!<br></div><div class="battle-history"><small>The opposing Clefable had its HP restored.</small><br></div><div class="spacer battle-history"><br></div><div class="battle-history">Blissey used <strong>Seismic Toss</strong>!<br></div><div class="battle-history"><small>(The opposing Clefable lost 25% of its health!)</small><br></div><div class="spacer battle-history"><br></div><div class="battle-history"><small>The opposing Clefable restored a little HP using its Leftovers!</small><br></div><div class="spacer battle-history"><br></div><h2 class="battle-history">Turn 23</h2><div class="spacer battle-history"><br></div><div class="battle-history">isocon withdrew Clefable!<br></div><div class="battle-history">isocon sent out <strong>Corviknight</strong>!<br></div><div class="battle-history"><small>Pointed stones dug into the opposing Corviknight!</small><br></div><div class="battle-history">[The opposing Corviknight's Pressure]<br><small>The opposing Corviknight is exerting its pressure!</small><br></div><div class="spacer battle-history"><br></div><div class="battle-history">Blissey used <strong>Seismic Toss</strong>!<br></div><div class="battle-history"><small>(The opposing Corviknight lost 25% of its health!)</small><br></div><div class="spacer battle-history"><br></div><h2 class="battle-history">Turn 24</h2><div class="spacer battle-history"><br></div><div class="battle-history">The opposing Corviknight used <strong>Defog</strong>!<br></div><div class="battle-history"><small>Blissey's evasiveness fell!</small><br></div><div class="battle-history"><small>The pointed stones disappeared from around your team!</small><br></div><div class="battle-history"><small>The pointed stones disappeared from around the opposing team!</small><br></div><div class="spacer battle-history"><br></div><div class="battle-history">Blissey used <strong>Seismic Toss</strong>!<br></div><div class="battle-history"><small>(The opposing Corviknight lost 25% of its health!)</small><br></div><div class="spacer battle-history"><br></div><h2 class="battle-history">Turn 25</h2><div class="spacer battle-history"><br></div><div class="battle-history">The opposing Corviknight used <strong>Roost</strong>!<br></div><div class="battle-history"><small>The opposing Corviknight had its HP restored.</small><br></div><div class="battle-history"><small>(The opposing Corviknight loses Flying type this turn.)</small><br></div><div class="spacer battle-history"><br></div><div class="battle-history">Blissey used <strong>Seismic Toss</strong>!<br></div><div class="battle-history"><small>(The opposing Corviknight lost 25% of its health!)</small><br></div><div class="spacer battle-history"><br></div><h2 class="battle-history">Turn 26</h2><div class="spacer battle-history"><br></div><div class="battle-history">The opposing Corviknight used <strong>Roost</strong>!<br></div><div class="battle-history"><small>The opposing Corviknight had its HP restored.</small><br></div><div class="battle-history"><small>(The opposing Corviknight loses Flying type this turn.)</small><br></div><div class="spacer battle-history"><br></div><div class="battle-history">Blissey used <strong>Stealth Rock</strong>!<br></div><div class="battle-history"><small>Pointed stones float in the air around the opposing team!</small><br></div><div class="spacer battle-history"><br></div><h2 class="battle-history">Turn 27</h2><div class="spacer battle-history"><br></div><div class="battle-history">The opposing Corviknight used <strong>Defog</strong>!<br></div><div class="battle-history"><small>Blissey's evasiveness fell!</small><br></div><div class="battle-history"><small>The pointed stones disappeared from around the opposing team!</small><br></div><div class="spacer battle-history"><br></div><div class="battle-history">Blissey used <strong>Seismic Toss</strong>!<br></div><div class="battle-history"><small>(The opposing Corviknight lost 25% of its health!)</small><br></div><div class="spacer battle-history"><br></div><h2 class="battle-history">Turn 28</h2><div class="spacer battle-history"><br></div><div class="battle-history">Blissey, come back!<br></div><div class="battle-history">Go! <strong>Slowbro</strong>!<br></div><div class="spacer battle-history"><br></div><div class="battle-history">The opposing Corviknight used <strong>Body Press</strong>!<br></div><div class="battle-history"><small>It's not very effective...</small><br></div><div class="battle-history"><small>(Slowbro lost 7% of its health!)</small><br></div><div class="spacer battle-history"><br></div><h2 class="battle-history">Turn 29</h2><div class="spacer battle-history"><br></div><div class="battle-history">isocon withdrew Corviknight!<br></div><div class="battle-history">isocon sent out <strong>Weavile</strong>!<br></div><div class="battle-history">[The opposing Weavile's Pressure]<br><small>The opposing Weavile is exerting its pressure!</small><br></div><div class="spacer battle-history"><br></div><div class="battle-history">Slowbro used <strong>Scald</strong>!<br></div><div class="battle-history"><small>(The opposing Weavile lost 40% of its health!)</small><br></div><div class="spacer battle-history"><br></div><h2 class="battle-history">Turn 30</h2><div class="spacer battle-history"><br></div><div class="battle-history">The opposing Weavile used <strong>Toxic</strong>!<br></div><div class="battle-history"><small>Slowbro was badly poisoned!</small><br></div><div class="spacer battle-history"><br></div><div class="battle-history">Slowbro used <strong>Scald</strong>!<br></div><div class="battle-history"><small>(The opposing Weavile lost 38% of its health!)</small><br></div><div class="spacer battle-history"><br></div><div class="battle-history"><small>Slowbro was hurt by poison!</small><br></div><div class="spacer battle-history"><br></div><h2 class="battle-history">Turn 31</h2><div class="spacer battle-history"><br></div><div class="battle-history">isocon withdrew Weavile!<br></div><div class="battle-history">isocon sent out <strong>Clefable</strong>!<br></div><div class="spacer battle-history"><br></div><div class="battle-history">Slowbro used <strong>Scald</strong>!<br></div><div class="battle-history"><small>(The opposing Clefable lost 20% of its health!)</small><br></div><div class="spacer battle-history"><br></div><div class="battle-history"><small>The opposing Clefable restored a little HP using its Leftovers!</small><br></div><div class="battle-history"><small>Slowbro was hurt by poison!</small><br></div><div class="spacer battle-history"><br></div><h2 class="battle-history">Turn 32</h2><div class="spacer battle-history"><br></div><div class="battle-history">Slowbro, come back!<br></div><div class="battle-history">Go! <strong>Gliscor</strong>!<br></div><div class="spacer battle-history"><br></div><div class="battle-history">The opposing Clefable used <strong>Stealth Rock</strong>!<br></div><div class="battle-history"><small>Pointed stones float in the air around your team!</small><br></div><div class="spacer battle-history"><br></div><div class="battle-history"><small>The opposing Clefable restored a little HP using its Leftovers!</small><br></div><div class="battle-history"><small>Gliscor was badly poisoned!</small><br></div><div class="spacer battle-history"><br></div><h2 class="battle-history">Turn 33</h2><div class="spacer battle-history"><br></div><div class="battle-history">isocon withdrew Clefable!<br></div><div class="battle-history">isocon sent out <strong>Corviknight</strong>!<br></div><div class="battle-history">[The opposing Corviknight's Pressure]<br><small>The opposing Corviknight is exerting its pressure!</small><br></div><div class="spacer battle-history"><br></div><div class="battle-history">Gliscor used <strong>Earthquake</strong>!<br></div><div class="battle-history"><small>It doesn't affect the opposing Corviknight...</small><br></div><div class="spacer battle-history"><br></div><h2 class="battle-history">Turn 34</h2><div class="spacer battle-history"><br></div><div class="battle-history">Gliscor used <strong>Defog</strong>!<br></div><div class="battle-history"><small>The opposing Corviknight's evasiveness fell!</small><br></div><div class="battle-history"><small>The pointed stones disappeared from around your team!</small><br></div><div class="spacer battle-history"><br></div><div class="battle-history">The opposing Corviknight used <strong>Iron Defense</strong>!<br></div><div class="battle-history"><small>The opposing Corviknight's Defense rose sharply!</small><br></div><div class="spacer battle-history"><br></div><h2 class="battle-history">Turn 35</h2><div class="spacer battle-history"><br></div><div class="battle-history">Gliscor used <strong>U-turn</strong>!<br></div><div class="battle-history"><small>It's not very effective...</small><br></div><div class="battle-history"><small>(The opposing Corviknight lost 1% of its health!)</small><br></div><div class="spacer battle-history"><br></div><div class="battle-history">Gliscor went back to Magmajudis!<br></div><div class="battle-history">Go! <strong>Slowbro</strong>!<br></div><div class="spacer battle-history"><br></div><div class="battle-history">The opposing Corviknight used <strong>Roost</strong>!<br></div><div class="battle-history"><small>The opposing Corviknight had its HP restored.</small><br></div><div class="battle-history"><small>(The opposing Corviknight loses Flying type this turn.)</small><br></div><div class="spacer battle-history"><br></div><div class="battle-history"><small>Slowbro was hurt by poison!</small><br></div><div class="spacer battle-history"><br></div><h2 class="battle-history">Turn 36</h2><div class="spacer battle-history"><br></div><div class="battle-history">isocon withdrew Corviknight!<br></div><div class="battle-history">isocon sent out <strong>Clefable</strong>!<br></div><div class="spacer battle-history"><br></div><div class="battle-history">Slowbro used <strong>Scald</strong>!<br></div><div class="battle-history"><small>(The opposing Clefable lost 19% of its health!)</small><br></div><div class="battle-history"><small>The opposing Clefable was burned!</small><br></div><div class="spacer battle-history"><br></div><div class="battle-history"><small>The opposing Clefable restored a little HP using its Leftovers!</small><br></div><div class="battle-history"><small>The opposing Clefable was hurt by its burn!</small><br></div><div class="battle-history"><small>Slowbro was hurt by poison!</small><br></div><div class="spacer battle-history"><br></div><h2 class="battle-history">Turn 37</h2><div class="spacer battle-history"><br></div><div class="battle-history">The opposing Clefable used <strong>Stealth Rock</strong>!<br></div><div class="battle-history"><small>Pointed stones float in the air around your team!</small><br></div><div class="spacer battle-history"><br></div><div class="battle-history">Slowbro used <strong>Future Sight</strong>!<br></div><div class="battle-history"><small>Slowbro foresaw an attack!</small><br></div><div class="spacer battle-history"><br></div><div class="battle-history"><small>The opposing Clefable restored a little HP using its Leftovers!</small><br></div><div class="battle-history"><small>The opposing Clefable was hurt by its burn!</small><br></div><div class="battle-history"><small>Slowbro was hurt by poison!</small><br></div><div class="spacer battle-history"><br></div><h2 class="battle-history">Turn 38</h2><div class="spacer battle-history"><br></div><div class="battle-history">The opposing Clefable used <strong>Soft-Boiled</strong>!<br></div><div class="battle-history"><small>The opposing Clefable had its HP restored.</small><br></div><div class="spacer battle-history"><br></div><div class="battle-history">Slowbro used <strong>Teleport</strong>!<br></div><div class="spacer battle-history"><br></div><div class="battle-history">Slowbro, come back!<br></div><div class="battle-history">Go! <strong>Gliscor</strong>!<br></div><div class="battle-history"><small>Pointed stones dug into Gliscor!</small><br></div><div class="spacer battle-history"><br></div><div class="battle-history">[Gliscor's Poison Heal]<br><small>Gliscor had its HP restored.</small><br></div><div class="battle-history"><small>The opposing Clefable was hurt by its burn!</small><br></div><div class="spacer battle-history"><br></div><h2 class="battle-history">Turn 39</h2><div class="spacer battle-history"><br></div><div class="battle-history">isocon withdrew Clefable!<br></div><div class="battle-history">isocon sent out <strong>Corviknight</strong>!<br></div><div class="battle-history">[The opposing Corviknight's Pressure]<br><small>The opposing Corviknight is exerting its pressure!</small><br></div><div class="spacer battle-history"><br></div><div class="battle-history">Gliscor used <strong>U-turn</strong>!<br></div><div class="battle-history"><small>It's not very effective...</small><br></div><div class="battle-history"><small>(The opposing Corviknight lost 2% of its health!)</small><br></div><div class="spacer battle-history"><br></div><div class="battle-history">Gliscor went back to Magmajudis!<br></div><div class="battle-history">Go! <strong>Slowbro</strong>!<br></div><div class="battle-history"><small>Pointed stones dug into Slowbro!</small><br></div><div class="spacer battle-history"><br></div><div class="battle-history"><small>The opposing Corviknight took the Future Sight attack!</small><br></div><div class="battle-history"><small>It's not very effective...</small><br></div><div class="battle-history"><small>(The opposing Corviknight lost 21% of its health!)</small><br></div><div class="battle-history"><small>Slowbro was hurt by poison!</small><br></div><div class="spacer battle-history"><br></div><h2 class="battle-history">Turn 40</h2><div class="spacer battle-history"><br></div><div class="battle-history">isocon withdrew Corviknight!<br></div><div class="battle-history">isocon sent out <strong>Blissey</strong>!<br></div><div class="spacer battle-history"><br></div><div class="battle-history">Slowbro used <strong>Scald</strong>!<br></div><div class="battle-history"><small>(The opposing Blissey lost 10% of its health!)</small><br></div><div class="spacer battle-history"><br></div><div class="battle-history"><small>Slowbro was hurt by poison!</small><br></div><div class="spacer battle-history"><br></div><h2 class="battle-history">Turn 41</h2><div class="spacer battle-history"><br></div><div class="battle-history"><small>Magmajudis forfeited.</small><br></div><div class="spacer battle-history"><br></div><div class="battle-history"><strong>isocon</strong> won the battle!<br></div><div class="chat chatmessage-isocon"><strong style="color:#616adf"><small>☆</small><span class="username" data-name="isocon">isocon</span>:</strong> <em>gg</em></div><div class="chat chatmessage-magmajudis"><strong style="color:#979b3e"><small>☆</small><span class="username" data-name="Magmajudis">Magmajudis</span>:</strong> <em>gg</em></div></div><div class="inner-preempt message-log"></div></div></div>
</div>
<script>
let daily = Math.floor(Date.now()/1000/60/60/24);document.write('<script src="https://dragonheaven.herokuapp.com/js/replay-embed.js?version'+daily+'"></'+'script>');
</script>
