<!DOCTYPE html>
<meta charset="utf-8" />
<!-- version 1 -->
<title>[Gen 8] M4A Random Battle replay: H2OPulse vs. inkbug1</title>
<style>
html,body {font-family:Verdana, sans-serif;font-size:10pt;margin:0;padding:0;}body{padding:12px 0;} .battle-log {font-family:Verdana, sans-serif;font-size:10pt;} .battle-log-inline {border:1px solid #AAAAAA;background:#EEF2F5;color:black;max-width:640px;margin:0 auto 80px;padding-bottom:5px;} .battle-log .inner {padding:4px 8px 0px 8px;} .battle-log .inner-preempt {padding:0 8px 4px 8px;} .battle-log .inner-after {margin-top:0.5em;} .battle-log h2 {margin:0.5em -8px;padding:4px 8px;border:1px solid #AAAAAA;background:#E0E7EA;border-left:0;border-right:0;font-family:Verdana, sans-serif;font-size:13pt;} .battle-log .chat {vertical-align:middle;padding:3px 0 3px 0;font-size:8pt;} .battle-log .chat strong {color:#40576A;} .battle-log .chat em {padding:1px 4px 1px 3px;color:#000000;font-style:normal;} .chat.mine {background:rgba(0,0,0,0.05);margin-left:-8px;margin-right:-8px;padding-left:8px;padding-right:8px;} .spoiler {color:#BBBBBB;background:#BBBBBB;padding:0px 3px;} .spoiler:hover, .spoiler:active, .spoiler-shown {color:#000000;background:#E2E2E2;padding:0px 3px;} .spoiler a {color:#BBBBBB;} .spoiler:hover a, .spoiler:active a, .spoiler-shown a {color:#2288CC;} .chat code, .chat .spoiler:hover code, .chat .spoiler:active code, .chat .spoiler-shown code {border:1px solid #C0C0C0;background:#EEEEEE;color:black;padding:0 2px;} .chat .spoiler code {border:1px solid #CCCCCC;background:#CCCCCC;color:#CCCCCC;} .battle-log .rated {padding:3px 4px;} .battle-log .rated strong {color:white;background:#89A;padding:1px 4px;border-radius:4px;} .spacer {margin-top:0.5em;} .message-announce {background:#6688AA;color:white;padding:1px 4px 2px;} .message-announce a, .broadcast-green a, .broadcast-blue a, .broadcast-red a {color:#DDEEFF;} .broadcast-green {background-color:#559955;color:white;padding:2px 4px;} .broadcast-blue {background-color:#6688AA;color:white;padding:2px 4px;} .infobox {border:1px solid #6688AA;padding:2px 4px;} .infobox-limited {max-height:200px;overflow:auto;overflow-x:hidden;} .broadcast-red {background-color:#AA5544;color:white;padding:2px 4px;} .message-learn-canlearn {font-weight:bold;color:#228822;text-decoration:underline;} .message-learn-cannotlearn {font-weight:bold;color:#CC2222;text-decoration:underline;} .message-effect-weak {font-weight:bold;color:#CC2222;} .message-effect-resist {font-weight:bold;color:#6688AA;} .message-effect-immune {font-weight:bold;color:#666666;} .message-learn-list {margin-top:0;margin-bottom:0;} .message-throttle-notice, .message-error {color:#992222;} .message-overflow, .chat small.message-overflow {font-size:0pt;} .message-overflow::before {font-size:9pt;content:'...';} .subtle {color:#3A4A66;}
</style>
<div class="wrapper replay-wrapper" style="max-width:1180px;margin:0 auto">
<input type="hidden" name="replayid" value="dragonheaven-gen8m4arandombattle-733" />
<div class="battle"></div><div class="battle-log"></div><div class="replay-controls"></div><div class="replay-controls-2"></div>
<h1 style="font-weight:normal;text-align:center"><strong>[Gen 8] M4A Random Battle</strong><br /><a href="http://pokemonshowdown.com/users/h2opulse" class="subtle" target="_blank">H2OPulse</a> vs. <a href="http://pokemonshowdown.com/users/inkbug1" class="subtle" target="_blank">inkbug1</a></h1>
<script type="text/plain" class="battle-log-data">|j|☆H2OPulse
|j|☆inkbug1

|t:|1609044787
|player|p1|H2OPulse|aetherfoundation|
|player|p2|inkbug1|burgh|
|teamsize|p1|6
|teamsize|p2|6
|gametype|singles
|gen|8
|tier|[Gen 8] M4A Random Battle
|rule|Dynamax Clause: You cannot dynamax
|rule|Species Clause: Limit one of each Pokémon
|rule|HP Percentage Mod: HP is shown in percentages
|rule|Sleep Clause Mod: Limit one foe put to sleep
|rule|Freeze Clause Mod: Limit one foe frozen
|-message|Your Mega Evolution this match is:
|-hint|Regice-Mega (Ice); Ability: Snow Warning (On switch-in, this Pokemon summons Hail.); Stats: 80 HP \/ 60 Atk \/ 110 Def \/ 150 SpA \/ 220 SpD \/ 60 Spe
|-message|Use the command \/dt for more information!
|
|t:|1609044789
|start
|switch|p1a: Swanna|Swanna, L88, M|100\/100
|switch|p2a: Florges|Florges-Blue, L84, F|268\/268
|turn|1
|c|☆inkbug1|ogh hintmod
|c|☆H2OPulse|Aaaaaaa cool it works so well!!!
|c|☆inkbug1|also wow what an aesthetically pleasing set of pokemon and background
|c|☆H2OPulse|OOO:
|c|☆inkbug1|at least on my end
|c|☆H2OPulse|~~I'm on the regular server so I have no background except a Charizard's wing~~
|
|t:|1609044841
|switch|p1a: Vileplume|Vileplume, L86, F|100\/100
|move|p2a: Florges|Calm Mind|p2a: Florges
|-boost|p2a: Florges|spa|1
|-boost|p2a: Florges|spd|1
|
|upkeep
|turn|2
|c|☆inkbug1|oh haha
|c|☆inkbug1|fair
|
|t:|1609044864
|move|p2a: Florges|Moonblast|p1a: Vileplume
|-resisted|p1a: Vileplume
|-damage|p1a: Vileplume|73\/100
|-unboost|p1a: Vileplume|spa|1
|move|p1a: Vileplume|Sludge Bomb|p2a: Florges
|-supereffective|p2a: Florges
|-damage|p2a: Florges|182\/268
|-status|p2a: Florges|psn
|-damage|p1a: Vileplume|63\/100|[from] item: Life Orb
|
|-heal|p2a: Florges|198\/268 psn|[from] item: Leftovers
|-damage|p2a: Florges|165\/268 psn|[from] psn
|upkeep
|turn|3
|
|t:|1609044879
|switch|p1a: Magnezone|Magnezone, L80|100\/100
|-item|p1a: Magnezone|Air Balloon
|move|p2a: Florges|Calm Mind|p2a: Florges
|-boost|p2a: Florges|spa|1
|-boost|p2a: Florges|spd|1
|
|-heal|p2a: Florges|181\/268 psn|[from] item: Leftovers
|-damage|p2a: Florges|148\/268 psn|[from] psn
|upkeep
|turn|4
|
|t:|1609044888
|move|p2a: Florges|Moonblast|p1a: Magnezone
|-resisted|p1a: Magnezone
|-damage|p1a: Magnezone|57\/100
|-enditem|p1a: Magnezone|Air Balloon
|move|p1a: Magnezone|Substitute|p1a: Magnezone
|-start|p1a: Magnezone|Substitute
|-damage|p1a: Magnezone|33\/100
|
|-heal|p2a: Florges|164\/268 psn|[from] item: Leftovers
|-damage|p2a: Florges|131\/268 psn|[from] psn
|upkeep
|turn|5
|
|t:|1609044899
|move|p2a: Florges|Moonblast|p1a: Magnezone
|-resisted|p1a: Magnezone
|-end|p1a: Magnezone|Substitute
|move|p1a: Magnezone|Thunderbolt|p2a: Florges
|-damage|p2a: Florges|95\/268 psn
|
|-heal|p2a: Florges|111\/268 psn|[from] item: Leftovers
|-damage|p2a: Florges|78\/268 psn|[from] psn
|upkeep
|turn|6
|c|☆H2OPulse|why do you not have a Steel STAB and why did I not check that before I switched in
|c|☆inkbug1|asdaf oop
|
|t:|1609044909
|move|p2a: Florges|Wish|p2a: Florges
|move|p1a: Magnezone|Volt Switch|p2a: Florges
|-damage|p2a: Florges|48\/268 psn
|
|t:|1609044914
|switch|p1a: Vileplume|Vileplume, L86, F|63\/100|[from]move: Volt Switch
|
|-heal|p2a: Florges|64\/268 psn|[from] item: Leftovers
|-damage|p2a: Florges|31\/268 psn|[from] psn
|upkeep
|turn|7
|
|t:|1609044921
|move|p2a: Florges|Protect|p2a: Florges
|-singleturn|p2a: Florges|Protect
|move|p1a: Vileplume|Sludge Bomb|p2a: Florges
|-activate|p2a: Florges|move: Protect
|
|-heal|p2a: Florges|165\/268 psn|[from] move: Wish|[wisher] Florges
|-heal|p2a: Florges|181\/268 psn|[from] item: Leftovers
|-damage|p2a: Florges|148\/268 psn|[from] psn
|upkeep
|turn|8
|c|☆H2OPulse|Man I'm in so much danger
|
|t:|1609044932
|move|p2a: Florges|Moonblast|p1a: Vileplume
|-resisted|p1a: Vileplume
|-damage|p1a: Vileplume|21\/100
|-unboost|p1a: Vileplume|spa|1
|move|p1a: Vileplume|Sludge Bomb|p2a: Florges
|-supereffective|p2a: Florges
|-damage|p2a: Florges|91\/268 psn
|-damage|p1a: Vileplume|11\/100|[from] item: Life Orb
|
|-heal|p2a: Florges|107\/268 psn|[from] item: Leftovers
|-damage|p2a: Florges|74\/268 psn|[from] psn
|upkeep
|turn|9
|
|t:|1609044944
|move|p2a: Florges|Moonblast|p1a: Vileplume
|-resisted|p1a: Vileplume
|-damage|p1a: Vileplume|0 fnt
|faint|p1a: Vileplume
|
|-heal|p2a: Florges|90\/268 psn|[from] item: Leftovers
|-damage|p2a: Florges|57\/268 psn|[from] psn
|upkeep
|
|t:|1609044946
|switch|p1a: Dodrio|Dodrio, L88, M|100\/100
|turn|10
|c|☆inkbug1|does poison usually outdamage leftovers or am i imagining that
|
|t:|1609044976
|switch|p2a: Thundurus|Thundurus-Therian, L82, M|264\/264
|move|p1a: Dodrio|Return|p2a: Thundurus
|-damage|p2a: Thundurus|6\/264
|
|upkeep
|turn|11
|c|☆inkbug1|ow
|c|☆inkbug1|oh haha i have nothing that outspeeds this
|c|☆H2OPulse|I don't
|c|☆H2OPulse|know why it was so hard to deal with that Florges fjkgh
|c|☆H2OPulse|And yeah poison is 1\/8 but Leftovers are 1\/16
|c|☆inkbug1|mk
|c|☆inkbug1|is burn 1\/16?
|c|☆H2OPulse|Toxic starts at 1\/16 though
|c|☆H2OPulse|Yep! As of Gen VII
|c|☆inkbug1|ok 
|c|☆inkbug1|thats what i was remembering
|c|☆H2OPulse|Was nerfed after Gen VI from also being 1\/8
|
|t:|1609045045
|switch|p2a: Slaking|Slaking, L88, F|407\/407
|move|p1a: Dodrio|Return|p2a: Slaking
|-damage|p2a: Slaking|235\/407
|
|upkeep
|turn|12
|
|t:|1609045053
|move|p1a: Dodrio|Return|p2a: Slaking
|-damage|p2a: Slaking|75\/407
|move|p2a: Slaking|Pursuit|p1a: Dodrio
|-damage|p1a: Dodrio|70\/100
|
|upkeep
|turn|13
|c|☆inkbug1|wrong call haha uh
|
|t:|1609045063
|move|p1a: Dodrio|Return|p2a: Slaking
|-damage|p2a: Slaking|0 fnt
|faint|p2a: Slaking
|
|upkeep
|j| how does win
|
|t:|1609045070
|switch|p2a: Blaziken|Blaziken, L78, F|253\/253
|turn|14
|l| how does win
|
|t:|1609045109
|move|p2a: Blaziken|Protect|p2a: Blaziken
|-singleturn|p2a: Blaziken|Protect
|move|p1a: Dodrio|Return|p2a: Blaziken
|-activate|p2a: Blaziken|move: Protect
|
|-ability|p2a: Blaziken|Speed Boost|boost
|-boost|p2a: Blaziken|spe|1
|upkeep
|turn|15
|
|t:|1609045120
|move|p2a: Blaziken|Knock Off|p1a: Dodrio
|-damage|p1a: Dodrio|28\/100
|-enditem|p1a: Dodrio|Choice Band|[from] move: Knock Off|[of] p2a: Blaziken
|-damage|p2a: Blaziken|228\/253|[from] item: Life Orb
|move|p1a: Dodrio|Return|p2a: Blaziken
|-damage|p2a: Blaziken|69\/253
|
|-ability|p2a: Blaziken|Speed Boost|boost
|-boost|p2a: Blaziken|spe|1
|upkeep
|turn|16
|
|t:|1609045134
|move|p2a: Blaziken|Fire Blast|p1a: Dodrio
|-damage|p1a: Dodrio|0 fnt
|-damage|p2a: Blaziken|44\/253|[from] item: Life Orb
|faint|p1a: Dodrio
|
|-ability|p2a: Blaziken|Speed Boost|boost
|-boost|p2a: Blaziken|spe|1
|upkeep
|
|t:|1609045141
|switch|p1a: Gigalith|Gigalith, L84, F|100\/100
|-weather|Sandstorm|[from] ability: Sand Stream|[of] p1a: Gigalith
|turn|17
|c|☆H2OPulse|Wait that was really dumb of me I
|
|t:|1609045165
|switch|p1a: Magnezone|Magnezone, L80|33\/100
|move|p2a: Blaziken|High Jump Kick|p1a: Magnezone
|-supereffective|p1a: Magnezone
|-damage|p1a: Magnezone|0 fnt
|-damage|p2a: Blaziken|19\/253|[from] item: Life Orb
|faint|p1a: Magnezone
|
|-weather|Sandstorm|[upkeep]
|-damage|p2a: Blaziken|4\/253|[from] Sandstorm
|-ability|p2a: Blaziken|Speed Boost|boost
|-boost|p2a: Blaziken|spe|1
|upkeep
|c|☆inkbug1|asdasd
|c|☆H2OPulse|yeah worth preserving Gigalith
|
|t:|1609045177
|switch|p1a: Persian|Persian, L88, F|100\/100
|turn|18
|
|t:|1609045182
|move|p1a: Persian|Fake Out|p2a: Blaziken
|-damage|p2a: Blaziken|0 fnt
|-damage|p1a: Persian|91\/100|[from] item: Life Orb
|faint|p2a: Blaziken
|
|-weather|Sandstorm|[upkeep]
|-damage|p1a: Persian|85\/100|[from] Sandstorm
|upkeep
|c|☆H2OPulse|there we go,,
|c|☆H2OPulse|crisis sort of averted
|
|t:|1609045199
|switch|p2a: Gallade|Gallade, L88, M|263\/263
|turn|19
|c|☆H2OPulse|mmmmmmfear
|
|t:|1609045240
|move|p1a: Persian|Return|p2a: Gallade
|-damage|p2a: Gallade|111\/263
|-damage|p1a: Persian|75\/100|[from] item: Life Orb
|move|p2a: Gallade|Bulk Up|p2a: Gallade
|-boost|p2a: Gallade|atk|1
|-boost|p2a: Gallade|def|1
|
|-weather|Sandstorm|[upkeep]
|-damage|p1a: Persian|69\/100|[from] Sandstorm
|-damage|p2a: Gallade|95\/263|[from] Sandstorm
|upkeep
|turn|20
|c|☆H2OPulse|oh this is not even Mega huh
|
|t:|1609045251
|move|p1a: Persian|Return|p2a: Gallade
|-damage|p2a: Gallade|0 fnt
|-damage|p1a: Persian|59\/100|[from] item: Life Orb
|faint|p2a: Gallade
|
|-weather|Sandstorm|[upkeep]
|-damage|p1a: Persian|53\/100|[from] Sandstorm
|upkeep
|c|☆inkbug1|noooo
|c|☆inkbug1|ok
|
|t:|1609045265
|switch|p2a: Florges|Florges-Blue, L84, F|57\/268 psn
|turn|21
|
|t:|1609045271
|move|p1a: Persian|Knock Off|p2a: Florges
|-resisted|p2a: Florges
|-damage|p2a: Florges|6\/268 psn
|-enditem|p2a: Florges|Leftovers|[from] move: Knock Off|[of] p1a: Persian
|-damage|p1a: Persian|43\/100|[from] item: Life Orb
|move|p2a: Florges|Moonblast|p1a: Persian
|-damage|p1a: Persian|0 fnt
|faint|p1a: Persian
|
|-weather|none
|-damage|p2a: Florges|0 fnt|[from] psn
|faint|p2a: Florges
|upkeep
|
|t:|1609045286
|switch|p1a: Gigalith|Gigalith, L84, F|100\/100
|switch|p2a: Regice|Regice, L80|259\/259
|-weather|Sandstorm|[from] ability: Sand Stream|[of] p1a: Gigalith
|turn|22
|c|☆inkbug1|misclick
|c|☆inkbug1|ok no its fine actually i hope
|c|☆H2OPulse|HM
|
|t:|1609045298
|detailschange|p2a: Regice|Regice-Mega, L80
|-mega|p2a: Regice|Regice|Reginite
|-weather|Hail|[from] ability: Snow Warning|[of] p2a: Regice
|-start|p2a: Regice|typechange|Ice|[silent]
|raw|<ul class="utilichart"><li class="result"><span class="col pokemonnamecol" style="white-space: nowrap">Regice-Mega<\/span> <span class="col typecol"><img src="https:\/\/play.pokemonshowdown.com\/sprites\/types\/Ice.png" alt="Ice" height="14" width="32"><\/span> <span style="float: left ; min-height: 26px"><span class="col abilitycol">Snow Warning<\/span><span class="col abilitycol"><\/span><\/span><span style="float: left ; min-height: 26px"><span class="col statcol"><em>HP<\/em><br>80<\/span> <span class="col statcol"><em>Atk<\/em><br>60<\/span> <span class="col statcol"><em>Def<\/em><br>110<\/span> <span class="col statcol"><em>SpA<\/em><br>150<\/span> <span class="col statcol"><em>SpD<\/em><br>220<\/span> <span class="col statcol"><em>Spe<\/em><br>60<\/span> <\/span><\/li><li style="clear: both"><\/li><\/ul>
|detailschange|p1a: Gigalith|Gigalith-Mega, L84, F
|-mega|p1a: Gigalith|Gigalith|Gigalite
|-start|p1a: Gigalith|typechange|Rock|[silent]
|raw|<ul class="utilichart"><li class="result"><span class="col pokemonnamecol" style="white-space: nowrap">Gigalith-Mega<\/span> <span class="col typecol"><img src="https:\/\/play.pokemonshowdown.com\/sprites\/types\/Rock.png" alt="Rock" height="14" width="32"><\/span> <span style="float: left ; min-height: 26px"><span class="col abilitycol">Solar Core<\/span><span class="col abilitycol"><\/span><\/span><span style="float: left ; min-height: 26px"><span class="col statcol"><em>HP<\/em><br>85<\/span> <span class="col statcol"><em>Atk<\/em><br>135<\/span> <span class="col statcol"><em>Def<\/em><br>160<\/span> <span class="col statcol"><em>SpA<\/em><br>100<\/span> <span class="col statcol"><em>SpD<\/em><br>110<\/span> <span class="col statcol"><em>Spe<\/em><br>25<\/span> <\/span><\/li><li style="clear: both"><\/li><\/ul>
|move|p2a: Regice|Aurora Veil|p2a: Regice
|-sidestart|p2: inkbug1|move: Aurora Veil
|move|p1a: Gigalith|Sunny Day|p1a: Gigalith
|-weather|SunnyDay
|
|-weather|SunnyDay|[upkeep]
|upkeep
|turn|23
|j| how does win
|c|☆inkbug1|JUST IN TIME
|c|☆inkbug1|HAHA
|l| how does win
|c|☆H2OPulse|F e a r
|
|t:|1609045313
|switch|p2a: Thundurus|Thundurus-Therian, L82, M|6\/264
|move|p1a: Gigalith|Meteor Beam||[still]
|-prepare|p1a: Gigalith|Meteor Beam
|-boost|p1a: Gigalith|spa|1
|-anim|p1a: Gigalith|Meteor Beam|p2a: Thundurus
|-supereffective|p2a: Thundurus
|-damage|p2a: Thundurus|0 fnt
|faint|p2a: Thundurus
|
|-weather|SunnyDay|[upkeep]
|upkeep
|
|t:|1609045322
|switch|p2a: Regice|Regice-Mega, L80|259\/259
|-start|p2a: Regice|typechange|Ice|[silent]
|-weather|Hail|[from] ability: Snow Warning|[of] p2a: Regice
|turn|24
|
|t:|1609045327
|move|p2a: Regice|Blizzard|p1a: Gigalith
|-damage|p1a: Gigalith|56\/100
|move|p1a: Gigalith|Sunny Day|p1a: Gigalith
|-weather|SunnyDay
|
|-weather|SunnyDay|[upkeep]
|upkeep
|turn|25
|
|t:|1609045341
|move|p2a: Regice|Thunderbolt|p1a: Gigalith
|-damage|p1a: Gigalith|31\/100
|move|p1a: Gigalith|Meteor Beam||[still]
|-prepare|p1a: Gigalith|Meteor Beam
|-boost|p1a: Gigalith|spa|1
|-anim|p1a: Gigalith|Meteor Beam|p2a: Regice
|-supereffective|p2a: Regice
|-crit|p2a: Regice
|-damage|p2a: Regice|0 fnt
|faint|p2a: Regice
|
|win|H2OPulse
|c|☆inkbug1|yyyyyyyyyyyyyeah ok
|c|☆H2OPulse|W h e w
|c|☆inkbug1|i kind of wanted to see if itd live that but
|c|☆H2OPulse|Yeah fai r;;</script>
</div>
<div class="battle-log battle-log-inline"><div class="inner"><div class="battle-options"><div style="padding-top: 3px; padding-right: 3px; text-align: right"><button class="icon button" name="openBattleOptions" title="Options">Battle Options</button></div></div><div class="inner message-log"><div class="chat"><small>☆H2OPulse and ☆inkbug1 joined</small></div><div class=""><small>Format:</small> <br><strong>[Gen 8] M4A Random Battle</strong></div><div class=""><small><em>Dynamax Clause:</em> You cannot dynamax</small></div><div class=""><small><em>Species Clause:</em> Limit one of each Pokémon</small></div><div class=""><small><em>HP Percentage Mod:</em> HP is shown in percentages</small></div><div class=""><small><em>Sleep Clause Mod:</em> Limit one foe put to sleep</small></div><div class=""><small><em>Freeze Clause Mod:</em> Limit one foe frozen</small></div><div class="spacer battle-history"><br></div><div class="battle-history"><small>Your Mega Evolution this match is:</small><br></div><div class="battle-history"><small>(Regice-Mega (Ice); Ability: Snow Warning (On switch-in, this Pokemon summons Hail.); Stats: 80 HP / 60 Atk / 110 Def / 150 SpA / 220 SpD / 60 Spe)</small><br></div><div class="battle-history"><small>Use the command /dt for more information!</small><br></div><div class="spacer battle-history"><br></div><div class="battle-history">Battle started between H2OPulse and inkbug1!<br></div><div class="spacer battle-history"><br></div><div class="battle-history">H2OPulse sent out <strong>Swanna</strong>!<br></div><div class="spacer battle-history"><br></div><div class="battle-history">Go! Florges (<strong>Florges-Blue</strong>)!<br></div><div class="spacer battle-history"><br></div><h2 class="battle-history">Turn 1</h2><div class="chat chatmessage-inkbug1 mine"><strong style="color:#e46e0f"><small>☆</small><span class="username" data-name="inkbug1">inkbug1</span>:</strong> <em>ogh hintmod</em></div><div class="chat chatmessage-h2opulse"><strong style="color:#6e8c2b"><small>☆</small><span class="username" data-name="H2OPulse">H2OPulse</span>:</strong> <em>Aaaaaaa cool it works so well!!!</em></div><div class="chat chatmessage-inkbug1 mine"><strong style="color:#e46e0f"><small>☆</small><span class="username" data-name="inkbug1">inkbug1</span>:</strong> <em>also wow what an aesthetically pleasing set of pokemon and background</em></div><div class="chat chatmessage-h2opulse"><strong style="color:#6e8c2b"><small>☆</small><span class="username" data-name="H2OPulse">H2OPulse</span>:</strong> <em>OOO:</em></div><div class="chat chatmessage-inkbug1 mine"><strong style="color:#e46e0f"><small>☆</small><span class="username" data-name="inkbug1">inkbug1</span>:</strong> <em>at least on my end</em></div><div class="chat chatmessage-h2opulse"><strong style="color:#6e8c2b"><small>☆</small><span class="username" data-name="H2OPulse">H2OPulse</span>:</strong> <em><s>I'm on the regular server so I have no background except a Charizard's wing</s></em></div><div class="spacer battle-history"><br></div><div class="battle-history">H2OPulse withdrew Swanna!<br></div><div class="battle-history">H2OPulse sent out <strong>Vileplume</strong>!<br></div><div class="spacer battle-history"><br></div><div class="battle-history">Florges used <strong>Calm Mind</strong>!<br></div><div class="battle-history"><small>Florges's Sp. Atk rose!</small><br></div><div class="battle-history"><small>Florges's Sp. Def rose!</small><br></div><div class="spacer battle-history"><br></div><h2 class="battle-history">Turn 2</h2><div class="chat chatmessage-inkbug1 mine"><strong style="color:#e46e0f"><small>☆</small><span class="username" data-name="inkbug1">inkbug1</span>:</strong> <em>oh haha</em></div><div class="chat chatmessage-inkbug1 mine"><strong style="color:#e46e0f"><small>☆</small><span class="username" data-name="inkbug1">inkbug1</span>:</strong> <em>fair</em></div><div class="spacer battle-history"><br></div><div class="battle-history">Florges used <strong>Moonblast</strong>!<br></div><div class="battle-history"><small>It's not very effective...</small><br></div><div class="battle-history"><small>(The opposing Vileplume lost 27% of its health!)</small><br></div><div class="battle-history"><small>The opposing Vileplume's Sp. Atk fell!</small><br></div><div class="spacer battle-history"><br></div><div class="battle-history">The opposing Vileplume used <strong>Sludge Bomb</strong>!<br></div><div class="battle-history"><small>It's super effective!</small><br></div><div class="battle-history"><small>(Florges lost <abbr title="−86/268">32.1%</abbr> of its health!)</small><br></div><div class="battle-history"><small>Florges was poisoned!</small><br></div><div class="battle-history"><small>The opposing Vileplume lost some of its HP!</small><br></div><div class="spacer battle-history"><br></div><div class="battle-history"><small>Florges restored a little HP using its Leftovers!</small><br></div><div class="battle-history"><small>Florges was hurt by poison!</small><br></div><div class="spacer battle-history"><br></div><h2 class="battle-history">Turn 3</h2><div class="spacer battle-history"><br></div><div class="battle-history">H2OPulse withdrew Vileplume!<br></div><div class="battle-history">H2OPulse sent out <strong>Magnezone</strong>!<br></div><div class="battle-history"><small>The opposing Magnezone floats in the air with its Air Balloon!</small><br></div><div class="spacer battle-history"><br></div><div class="battle-history">Florges used <strong>Calm Mind</strong>!<br></div><div class="battle-history"><small>Florges's Sp. Atk rose!</small><br></div><div class="battle-history"><small>Florges's Sp. Def rose!</small><br></div><div class="spacer battle-history"><br></div><div class="battle-history"><small>Florges restored a little HP using its Leftovers!</small><br></div><div class="battle-history"><small>Florges was hurt by poison!</small><br></div><div class="spacer battle-history"><br></div><h2 class="battle-history">Turn 4</h2><div class="spacer battle-history"><br></div><div class="battle-history">Florges used <strong>Moonblast</strong>!<br></div><div class="battle-history"><small>It's not very effective...</small><br></div><div class="battle-history"><small>(The opposing Magnezone lost 43% of its health!)</small><br></div><div class="battle-history"><small>The opposing Magnezone's Air Balloon popped!</small><br></div><div class="spacer battle-history"><br></div><div class="battle-history">The opposing Magnezone used <strong>Substitute</strong>!<br></div><div class="battle-history"><small>The opposing Magnezone put in a substitute!</small><br></div><div class="battle-history"><small>(The opposing Magnezone lost 24% of its health!)</small><br></div><div class="spacer battle-history"><br></div><div class="battle-history"><small>Florges restored a little HP using its Leftovers!</small><br></div><div class="battle-history"><small>Florges was hurt by poison!</small><br></div><div class="spacer battle-history"><br></div><h2 class="battle-history">Turn 5</h2><div class="spacer battle-history"><br></div><div class="battle-history">Florges used <strong>Moonblast</strong>!<br></div><div class="battle-history"><small>It's not very effective...</small><br></div><div class="battle-history"><small>The opposing Magnezone's substitute faded!</small><br></div><div class="spacer battle-history"><br></div><div class="battle-history">The opposing Magnezone used <strong>Thunderbolt</strong>!<br></div><div class="battle-history"><small>(Florges lost <abbr title="−36/268">13.4%</abbr> of its health!)</small><br></div><div class="spacer battle-history"><br></div><div class="battle-history"><small>Florges restored a little HP using its Leftovers!</small><br></div><div class="battle-history"><small>Florges was hurt by poison!</small><br></div><div class="spacer battle-history"><br></div><h2 class="battle-history">Turn 6</h2><div class="chat chatmessage-h2opulse"><strong style="color:#6e8c2b"><small>☆</small><span class="username" data-name="H2OPulse">H2OPulse</span>:</strong> <em>why do you not have a Steel STAB and why did I not check that before I switched in</em></div><div class="chat chatmessage-inkbug1 mine"><strong style="color:#e46e0f"><small>☆</small><span class="username" data-name="inkbug1">inkbug1</span>:</strong> <em>asdaf oop</em></div><div class="spacer battle-history"><br></div><div class="battle-history">Florges used <strong>Wish</strong>!<br></div><div class="spacer battle-history"><br></div><div class="battle-history">The opposing Magnezone used <strong>Volt Switch</strong>!<br></div><div class="battle-history"><small>(Florges lost <abbr title="−30/268">11.2%</abbr> of its health!)</small><br></div><div class="spacer battle-history"><br></div><div class="battle-history">The opposing Magnezone went back to H2OPulse!<br></div><div class="battle-history">H2OPulse sent out <strong>Vileplume</strong>!<br></div><div class="spacer battle-history"><br></div><div class="battle-history"><small>Florges restored a little HP using its Leftovers!</small><br></div><div class="battle-history"><small>Florges was hurt by poison!</small><br></div><div class="spacer battle-history"><br></div><h2 class="battle-history">Turn 7</h2><div class="spacer battle-history"><br></div><div class="battle-history">Florges used <strong>Protect</strong>!<br></div><div class="battle-history"><small>Florges protected itself!</small><br></div><div class="spacer battle-history"><br></div><div class="battle-history">The opposing Vileplume used <strong>Sludge Bomb</strong>!<br></div><div class="battle-history"><small>Florges protected itself!</small><br></div><div class="spacer battle-history"><br></div><div class="battle-history"><small>Florges's wish came true!</small><br></div><div class="battle-history"><small>Florges restored a little HP using its Leftovers!</small><br></div><div class="battle-history"><small>Florges was hurt by poison!</small><br></div><div class="spacer battle-history"><br></div><h2 class="battle-history">Turn 8</h2><div class="chat chatmessage-h2opulse"><strong style="color:#6e8c2b"><small>☆</small><span class="username" data-name="H2OPulse">H2OPulse</span>:</strong> <em>Man I'm in so much danger</em></div><div class="spacer battle-history"><br></div><div class="battle-history">Florges used <strong>Moonblast</strong>!<br></div><div class="battle-history"><small>It's not very effective...</small><br></div><div class="battle-history"><small>(The opposing Vileplume lost 42% of its health!)</small><br></div><div class="battle-history"><small>The opposing Vileplume's Sp. Atk fell!</small><br></div><div class="spacer battle-history"><br></div><div class="battle-history">The opposing Vileplume used <strong>Sludge Bomb</strong>!<br></div><div class="battle-history"><small>It's super effective!</small><br></div><div class="battle-history"><small>(Florges lost <abbr title="−57/268">21.3%</abbr> of its health!)</small><br></div><div class="battle-history"><small>The opposing Vileplume lost some of its HP!</small><br></div><div class="spacer battle-history"><br></div><div class="battle-history"><small>Florges restored a little HP using its Leftovers!</small><br></div><div class="battle-history"><small>Florges was hurt by poison!</small><br></div><div class="spacer battle-history"><br></div><h2 class="battle-history">Turn 9</h2><div class="spacer battle-history"><br></div><div class="battle-history">Florges used <strong>Moonblast</strong>!<br></div><div class="battle-history"><small>It's not very effective...</small><br></div><div class="battle-history"><small>(The opposing Vileplume lost 11% of its health!)</small><br></div><div class="spacer battle-history"><br></div><div class="battle-history">The opposing Vileplume fainted!<br></div><div class="spacer battle-history"><br></div><div class="battle-history"><small>Florges restored a little HP using its Leftovers!</small><br></div><div class="battle-history"><small>Florges was hurt by poison!</small><br></div><div class="spacer battle-history"><br></div><div class="battle-history">H2OPulse sent out <strong>Dodrio</strong>!<br></div><div class="spacer battle-history"><br></div><h2 class="battle-history">Turn 10</h2><div class="chat chatmessage-inkbug1 mine"><strong style="color:#e46e0f"><small>☆</small><span class="username" data-name="inkbug1">inkbug1</span>:</strong> <em>does poison usually outdamage leftovers or am i imagining that</em></div><div class="spacer battle-history"><br></div><div class="battle-history">Florges, come back!<br></div><div class="battle-history">Go! Thundurus (<strong>Thundurus-Therian</strong>)!<br></div><div class="spacer battle-history"><br></div><div class="battle-history">The opposing Dodrio used <strong>Return</strong>!<br></div><div class="battle-history"><small>(Thundurus lost <abbr title="−258/264">97.7%</abbr> of its health!)</small><br></div><div class="spacer battle-history"><br></div><h2 class="battle-history">Turn 11</h2><div class="chat chatmessage-inkbug1 mine"><strong style="color:#e46e0f"><small>☆</small><span class="username" data-name="inkbug1">inkbug1</span>:</strong> <em>ow</em></div><div class="chat chatmessage-inkbug1 mine"><strong style="color:#e46e0f"><small>☆</small><span class="username" data-name="inkbug1">inkbug1</span>:</strong> <em>oh haha i have nothing that outspeeds this</em></div><div class="chat chatmessage-h2opulse"><strong style="color:#6e8c2b"><small>☆</small><span class="username" data-name="H2OPulse">H2OPulse</span>:</strong> <em>I don't</em></div><div class="chat chatmessage-h2opulse"><strong style="color:#6e8c2b"><small>☆</small><span class="username" data-name="H2OPulse">H2OPulse</span>:</strong> <em>know why it was so hard to deal with that Florges fjkgh</em></div><div class="chat chatmessage-h2opulse"><strong style="color:#6e8c2b"><small>☆</small><span class="username" data-name="H2OPulse">H2OPulse</span>:</strong> <em>And yeah poison is 1/8 but Leftovers are 1/16</em></div><div class="chat chatmessage-inkbug1 mine"><strong style="color:#e46e0f"><small>☆</small><span class="username" data-name="inkbug1">inkbug1</span>:</strong> <em>mk</em></div><div class="chat chatmessage-inkbug1 mine"><strong style="color:#e46e0f"><small>☆</small><span class="username" data-name="inkbug1">inkbug1</span>:</strong> <em>is burn 1/16?</em></div><div class="chat chatmessage-h2opulse"><strong style="color:#6e8c2b"><small>☆</small><span class="username" data-name="H2OPulse">H2OPulse</span>:</strong> <em>Toxic starts at 1/16 though</em></div><div class="chat chatmessage-h2opulse"><strong style="color:#6e8c2b"><small>☆</small><span class="username" data-name="H2OPulse">H2OPulse</span>:</strong> <em>Yep! As of Gen VII</em></div><div class="chat chatmessage-inkbug1 mine"><strong style="color:#e46e0f"><small>☆</small><span class="username" data-name="inkbug1">inkbug1</span>:</strong> <em>ok </em></div><div class="chat chatmessage-inkbug1 mine"><strong style="color:#e46e0f"><small>☆</small><span class="username" data-name="inkbug1">inkbug1</span>:</strong> <em>thats what i was remembering</em></div><div class="chat chatmessage-h2opulse"><strong style="color:#6e8c2b"><small>☆</small><span class="username" data-name="H2OPulse">H2OPulse</span>:</strong> <em>Was nerfed after Gen VI from also being 1/8</em></div><div class="spacer battle-history"><br></div><div class="battle-history">Thundurus, come back!<br></div><div class="battle-history">Go! <strong>Slaking</strong>!<br></div><div class="spacer battle-history"><br></div><div class="battle-history">The opposing Dodrio used <strong>Return</strong>!<br></div><div class="battle-history"><small>(Slaking lost <abbr title="−172/407">42.3%</abbr> of its health!)</small><br></div><div class="spacer battle-history"><br></div><h2 class="battle-history">Turn 12</h2><div class="spacer battle-history"><br></div><div class="battle-history">The opposing Dodrio used <strong>Return</strong>!<br></div><div class="battle-history"><small>(Slaking lost <abbr title="−160/407">39.3%</abbr> of its health!)</small><br></div><div class="spacer battle-history"><br></div><div class="battle-history">Slaking used <strong>Pursuit</strong>!<br></div><div class="battle-history"><small>(The opposing Dodrio lost 30% of its health!)</small><br></div><div class="spacer battle-history"><br></div><h2 class="battle-history">Turn 13</h2><div class="chat chatmessage-inkbug1 mine"><strong style="color:#e46e0f"><small>☆</small><span class="username" data-name="inkbug1">inkbug1</span>:</strong> <em>wrong call haha uh</em></div><div class="spacer battle-history"><br></div><div class="battle-history">The opposing Dodrio used <strong>Return</strong>!<br></div><div class="battle-history"><small>(Slaking lost <abbr title="−75/407">18.4%</abbr> of its health!)</small><br></div><div class="spacer battle-history"><br></div><div class="battle-history">Slaking fainted!<br></div><div class="chat"><small> how does win joined</small></div><div class="spacer battle-history"><br></div><div class="battle-history">Go! <strong>Blaziken</strong>!<br></div><div class="spacer battle-history"><br></div><h2 class="battle-history">Turn 14</h2><div class="chat"><small> how does win left</small></div><div class="spacer battle-history"><br></div><div class="battle-history">Blaziken used <strong>Protect</strong>!<br></div><div class="battle-history"><small>Blaziken protected itself!</small><br></div><div class="spacer battle-history"><br></div><div class="battle-history">The opposing Dodrio used <strong>Return</strong>!<br></div><div class="battle-history"><small>Blaziken protected itself!</small><br></div><div class="spacer battle-history"><br></div><div class="battle-history">[Blaziken's Speed Boost]<br></div><div class="battle-history"><small>Blaziken's Speed rose!</small><br></div><div class="spacer battle-history"><br></div><h2 class="battle-history">Turn 15</h2><div class="spacer battle-history"><br></div><div class="battle-history">Blaziken used <strong>Knock Off</strong>!<br></div><div class="battle-history"><small>(The opposing Dodrio lost 42% of its health!)</small><br></div><div class="battle-history"><small>Blaziken knocked off the opposing Dodrio's Choice Band!</small><br></div><div class="battle-history"><small>Blaziken lost some of its HP!</small><br></div><div class="spacer battle-history"><br></div><div class="battle-history">The opposing Dodrio used <strong>Return</strong>!<br></div><div class="battle-history"><small>(Blaziken lost <abbr title="−159/253">62.8%</abbr> of its health!)</small><br></div><div class="spacer battle-history"><br></div><div class="battle-history">[Blaziken's Speed Boost]<br></div><div class="battle-history"><small>Blaziken's Speed rose!</small><br></div><div class="spacer battle-history"><br></div><h2 class="battle-history">Turn 16</h2><div class="spacer battle-history"><br></div><div class="battle-history">Blaziken used <strong>Fire Blast</strong>!<br></div><div class="battle-history"><small>(The opposing Dodrio lost 28% of its health!)</small><br></div><div class="battle-history"><small>Blaziken lost some of its HP!</small><br></div><div class="spacer battle-history"><br></div><div class="battle-history">The opposing Dodrio fainted!<br></div><div class="spacer battle-history"><br></div><div class="battle-history">[Blaziken's Speed Boost]<br></div><div class="battle-history"><small>Blaziken's Speed rose!</small><br></div><div class="spacer battle-history"><br></div><div class="battle-history">H2OPulse sent out <strong>Gigalith</strong>!<br></div><div class="battle-history">[The opposing Gigalith's Sand Stream]<br><small>A sandstorm kicked up!</small><br></div><div class="spacer battle-history"><br></div><h2 class="battle-history">Turn 17</h2><div class="chat chatmessage-h2opulse"><strong style="color:#6e8c2b"><small>☆</small><span class="username" data-name="H2OPulse">H2OPulse</span>:</strong> <em>Wait that was really dumb of me I</em></div><div class="spacer battle-history"><br></div><div class="battle-history">H2OPulse withdrew Gigalith!<br></div><div class="battle-history">H2OPulse sent out <strong>Magnezone</strong>!<br></div><div class="spacer battle-history"><br></div><div class="battle-history">Blaziken used <strong>High Jump Kick</strong>!<br></div><div class="battle-history"><small>It's super effective!</small><br></div><div class="battle-history"><small>(The opposing Magnezone lost 33% of its health!)</small><br></div><div class="battle-history"><small>Blaziken lost some of its HP!</small><br></div><div class="spacer battle-history"><br></div><div class="battle-history">The opposing Magnezone fainted!<br></div><div class="spacer battle-history"><br></div><div class="battle-history"><small>(The sandstorm is raging.)</small><br></div><div class="battle-history"><small>Blaziken is buffeted by the sandstorm!</small><br></div><div class="battle-history">[Blaziken's Speed Boost]<br></div><div class="battle-history"><small>Blaziken's Speed rose!</small><br></div><div class="chat chatmessage-inkbug1 mine"><strong style="color:#e46e0f"><small>☆</small><span class="username" data-name="inkbug1">inkbug1</span>:</strong> <em>asdasd</em></div><div class="chat chatmessage-h2opulse"><strong style="color:#6e8c2b"><small>☆</small><span class="username" data-name="H2OPulse">H2OPulse</span>:</strong> <em>yeah worth preserving Gigalith</em></div><div class="spacer battle-history"><br></div><div class="battle-history">H2OPulse sent out <strong>Persian</strong>!<br></div><div class="spacer battle-history"><br></div><h2 class="battle-history">Turn 18</h2><div class="spacer battle-history"><br></div><div class="battle-history">The opposing Persian used <strong>Fake Out</strong>!<br></div><div class="battle-history"><small>(Blaziken lost <abbr title="−4/253">1.6%</abbr> of its health!)</small><br></div><div class="battle-history"><small>The opposing Persian lost some of its HP!</small><br></div><div class="spacer battle-history"><br></div><div class="battle-history">Blaziken fainted!<br></div><div class="spacer battle-history"><br></div><div class="battle-history"><small>(The sandstorm is raging.)</small><br></div><div class="battle-history"><small>The opposing Persian is buffeted by the sandstorm!</small><br></div><div class="chat chatmessage-h2opulse"><strong style="color:#6e8c2b"><small>☆</small><span class="username" data-name="H2OPulse">H2OPulse</span>:</strong> <em>there we go,,</em></div><div class="chat chatmessage-h2opulse"><strong style="color:#6e8c2b"><small>☆</small><span class="username" data-name="H2OPulse">H2OPulse</span>:</strong> <em>crisis sort of averted</em></div><div class="spacer battle-history"><br></div><div class="battle-history">Go! <strong>Gallade</strong>!<br></div><div class="spacer battle-history"><br></div><h2 class="battle-history">Turn 19</h2><div class="chat chatmessage-h2opulse"><strong style="color:#6e8c2b"><small>☆</small><span class="username" data-name="H2OPulse">H2OPulse</span>:</strong> <em>mmmmmmfear</em></div><div class="spacer battle-history"><br></div><div class="battle-history">The opposing Persian used <strong>Return</strong>!<br></div><div class="battle-history"><small>(Gallade lost <abbr title="−152/263">57.8%</abbr> of its health!)</small><br></div><div class="battle-history"><small>The opposing Persian lost some of its HP!</small><br></div><div class="spacer battle-history"><br></div><div class="battle-history">Gallade used <strong>Bulk Up</strong>!<br></div><div class="battle-history"><small>Gallade's Attack rose!</small><br></div><div class="battle-history"><small>Gallade's Defense rose!</small><br></div><div class="spacer battle-history"><br></div><div class="battle-history"><small>(The sandstorm is raging.)</small><br></div><div class="battle-history"><small>The opposing Persian is buffeted by the sandstorm!</small><br></div><div class="battle-history"><small>Gallade is buffeted by the sandstorm!</small><br></div><div class="spacer battle-history"><br></div><h2 class="battle-history">Turn 20</h2><div class="chat chatmessage-h2opulse"><strong style="color:#6e8c2b"><small>☆</small><span class="username" data-name="H2OPulse">H2OPulse</span>:</strong> <em>oh this is not even Mega huh</em></div><div class="spacer battle-history"><br></div><div class="battle-history">The opposing Persian used <strong>Return</strong>!<br></div><div class="battle-history"><small>(Gallade lost <abbr title="−95/263">36.1%</abbr> of its health!)</small><br></div><div class="battle-history"><small>The opposing Persian lost some of its HP!</small><br></div><div class="spacer battle-history"><br></div><div class="battle-history">Gallade fainted!<br></div><div class="spacer battle-history"><br></div><div class="battle-history"><small>(The sandstorm is raging.)</small><br></div><div class="battle-history"><small>The opposing Persian is buffeted by the sandstorm!</small><br></div><div class="chat chatmessage-inkbug1 mine"><strong style="color:#e46e0f"><small>☆</small><span class="username" data-name="inkbug1">inkbug1</span>:</strong> <em>noooo</em></div><div class="chat chatmessage-inkbug1 mine"><strong style="color:#e46e0f"><small>☆</small><span class="username" data-name="inkbug1">inkbug1</span>:</strong> <em>ok</em></div><div class="spacer battle-history"><br></div><div class="battle-history">Go! Florges (<strong>Florges-Blue</strong>)!<br></div><div class="spacer battle-history"><br></div><h2 class="battle-history">Turn 21</h2><div class="spacer battle-history"><br></div><div class="battle-history">The opposing Persian used <strong>Knock Off</strong>!<br></div><div class="battle-history"><small>It's not very effective...</small><br></div><div class="battle-history"><small>(Florges lost <abbr title="−51/268">19.0%</abbr> of its health!)</small><br></div><div class="battle-history"><small>The opposing Persian knocked off Florges's Leftovers!</small><br></div><div class="battle-history"><small>The opposing Persian lost some of its HP!</small><br></div><div class="spacer battle-history"><br></div><div class="battle-history">Florges used <strong>Moonblast</strong>!<br></div><div class="battle-history"><small>(The opposing Persian lost 43% of its health!)</small><br></div><div class="spacer battle-history"><br></div><div class="battle-history">The opposing Persian fainted!<br></div><div class="spacer battle-history"><br></div><div class="battle-history"><small>The sandstorm subsided.</small><br></div><div class="battle-history"><small>Florges was hurt by poison!</small><br></div><div class="spacer battle-history"><br></div><div class="battle-history">Florges fainted!<br></div><div class="spacer battle-history"><br></div><div class="battle-history">H2OPulse sent out <strong>Gigalith</strong>!<br></div><div class="spacer battle-history"><br></div><div class="battle-history">Go! <strong>Regice</strong>!<br></div><div class="battle-history">[The opposing Gigalith's Sand Stream]<br><small>A sandstorm kicked up!</small><br></div><div class="spacer battle-history"><br></div><h2 class="battle-history">Turn 22</h2><div class="chat chatmessage-inkbug1 mine"><strong style="color:#e46e0f"><small>☆</small><span class="username" data-name="inkbug1">inkbug1</span>:</strong> <em>misclick</em></div><div class="chat chatmessage-inkbug1 mine"><strong style="color:#e46e0f"><small>☆</small><span class="username" data-name="inkbug1">inkbug1</span>:</strong> <em>ok no its fine actually i hope</em></div><div class="chat chatmessage-h2opulse"><strong style="color:#6e8c2b"><small>☆</small><span class="username" data-name="H2OPulse">H2OPulse</span>:</strong> <em>HM</em></div><div class="spacer battle-history"><br></div><div class="battle-history"><small>Regice's Reginite is reacting to the Key Stone!</small><br>Regice has Mega Evolved into Mega Regice!<br></div><div class="battle-history">[Regice's Snow Warning]<br><small>It started to hail!</small><br></div><div class="chat"><ul class="utilichart"><li class="result"><span class="col pokemonnamecol" style="white-space: nowrap">Regice-Mega</span> <span class="col typecol"><img src="https://play.pokemonshowdown.com/sprites/types/Ice.png" alt="Ice" height="14" width="32"></span> <span style="float: left ; min-height: 26px"><span class="col abilitycol">Snow Warning</span><span class="col abilitycol"></span></span><span style="float: left ; min-height: 26px"><span class="col statcol"><em>HP</em><br>80</span> <span class="col statcol"><em>Atk</em><br>60</span> <span class="col statcol"><em>Def</em><br>110</span> <span class="col statcol"><em>SpA</em><br>150</span> <span class="col statcol"><em>SpD</em><br>220</span> <span class="col statcol"><em>Spe</em><br>60</span> </span></li><li style="clear: both"></li></ul></div><div class="spacer battle-history"><br></div><div class="battle-history"><small>The opposing Gigalith's Gigalite is reacting to the Key Stone!</small><br>The opposing Gigalith has Mega Evolved into Mega Gigalith!<br></div><div class="chat"><ul class="utilichart"><li class="result"><span class="col pokemonnamecol" style="white-space: nowrap">Gigalith-Mega</span> <span class="col typecol"><img src="https://play.pokemonshowdown.com/sprites/types/Rock.png" alt="Rock" height="14" width="32"></span> <span style="float: left ; min-height: 26px"><span class="col abilitycol">Solar Core</span><span class="col abilitycol"></span></span><span style="float: left ; min-height: 26px"><span class="col statcol"><em>HP</em><br>85</span> <span class="col statcol"><em>Atk</em><br>135</span> <span class="col statcol"><em>Def</em><br>160</span> <span class="col statcol"><em>SpA</em><br>100</span> <span class="col statcol"><em>SpD</em><br>110</span> <span class="col statcol"><em>Spe</em><br>25</span> </span></li><li style="clear: both"></li></ul></div><div class="spacer battle-history"><br></div><div class="battle-history">Regice used <strong>Aurora Veil</strong>!<br></div><div class="battle-history"><small>Aurora Veil made your team stronger against physical and special moves!</small><br></div><div class="spacer battle-history"><br></div><div class="battle-history">The opposing Gigalith used <strong>Sunny Day</strong>!<br></div><div class="battle-history"><small>The sunlight turned harsh!</small><br></div><div class="spacer battle-history"><br></div><div class="battle-history"><small>(The sunlight is strong.)</small><br></div><div class="spacer battle-history"><br></div><h2 class="battle-history">Turn 23</h2><div class="chat"><small> how does win joined</small></div><div class="chat chatmessage-inkbug1 mine"><strong style="color:#e46e0f"><small>☆</small><span class="username" data-name="inkbug1">inkbug1</span>:</strong> <em>JUST IN TIME</em></div><div class="chat chatmessage-inkbug1 mine"><strong style="color:#e46e0f"><small>☆</small><span class="username" data-name="inkbug1">inkbug1</span>:</strong> <em>HAHA</em></div><div class="chat"><small> how does win left</small></div><div class="chat chatmessage-h2opulse"><strong style="color:#6e8c2b"><small>☆</small><span class="username" data-name="H2OPulse">H2OPulse</span>:</strong> <em>F e a r</em></div><div class="spacer battle-history"><br></div><div class="battle-history">Regice, come back!<br></div><div class="battle-history">Go! Thundurus (<strong>Thundurus-Therian</strong>)!<br></div><div class="spacer battle-history"><br></div><div class="battle-history">The opposing Gigalith used <strong>Meteor Beam</strong>!<br></div><div class="battle-history">The opposing Gigalith is overflowing with space power!<br></div><div class="battle-history"><small>The opposing Gigalith's Sp. Atk rose!</small><br></div><div class="battle-history"><small>It's super effective!</small><br></div><div class="battle-history"><small>(Thundurus lost <abbr title="−6/264">2.3%</abbr> of its health!)</small><br></div><div class="spacer battle-history"><br></div><div class="battle-history">Thundurus fainted!<br></div><div class="spacer battle-history"><br></div><div class="battle-history"><small>(The sunlight is strong.)</small><br></div><div class="spacer battle-history"><br></div><div class="battle-history">Go! Regice (<strong>Regice-Mega</strong>)!<br></div><div class="battle-history">[Regice's Snow Warning]<br><small>It started to hail!</small><br></div><div class="spacer battle-history"><br></div><h2 class="battle-history">Turn 24</h2><div class="spacer battle-history"><br></div><div class="battle-history">Regice used <strong>Blizzard</strong>!<br></div><div class="battle-history"><small>(The opposing Gigalith lost 44% of its health!)</small><br></div><div class="spacer battle-history"><br></div><div class="battle-history">The opposing Gigalith used <strong>Sunny Day</strong>!<br></div><div class="battle-history"><small>The sunlight turned harsh!</small><br></div><div class="spacer battle-history"><br></div><div class="battle-history"><small>(The sunlight is strong.)</small><br></div><div class="spacer battle-history"><br></div><h2 class="battle-history">Turn 25</h2><div class="spacer battle-history"><br></div><div class="battle-history">Regice used <strong>Thunderbolt</strong>!<br></div><div class="battle-history"><small>(The opposing Gigalith lost 25% of its health!)</small><br></div><div class="spacer battle-history"><br></div><div class="battle-history">The opposing Gigalith used <strong>Meteor Beam</strong>!<br></div><div class="battle-history">The opposing Gigalith is overflowing with space power!<br></div><div class="battle-history"><small>The opposing Gigalith's Sp. Atk rose!</small><br></div><div class="battle-history"><small>It's super effective!</small><br></div><div class="battle-history"><small>A critical hit!</small><br></div><div class="battle-history"><small>(Regice lost <abbr title="−259/259">100%</abbr> of its health!)</small><br></div><div class="spacer battle-history"><br></div><div class="battle-history">Regice fainted!<br></div><div class="spacer battle-history"><br></div><div class="battle-history"><strong>H2OPulse</strong> won the battle!<br></div><div class="chat chatmessage-inkbug1 mine"><strong style="color:#e46e0f"><small>☆</small><span class="username" data-name="inkbug1">inkbug1</span>:</strong> <em>yyyyyyyyyyyyyeah ok</em></div><div class="chat chatmessage-h2opulse"><strong style="color:#6e8c2b"><small>☆</small><span class="username" data-name="H2OPulse">H2OPulse</span>:</strong> <em>W h e w</em></div><div class="chat chatmessage-inkbug1 mine"><strong style="color:#e46e0f"><small>☆</small><span class="username" data-name="inkbug1">inkbug1</span>:</strong> <em>i kind of wanted to see if itd live that but</em></div><div class="chat chatmessage-h2opulse"><strong style="color:#6e8c2b"><small>☆</small><span class="username" data-name="H2OPulse">H2OPulse</span>:</strong> <em>Yeah fai r;;</em></div></div><div class="inner-preempt message-log"></div></div></div>
</div>
<script>
let daily = Math.floor(Date.now()/1000/60/60/24);document.write('<script src="https://dragonheaven.herokuapp.com/js/replay-embed.js?version'+daily+'"></'+'script>');
</script>
