<!DOCTYPE html>
<meta charset="utf-8" />
<!-- version 1 -->
<title>[Gen 8] Megas for All replay: abismal vs. FierceHawk192</title>
<style>
html,body {font-family:Verdana, sans-serif;font-size:10pt;margin:0;padding:0;}body{padding:12px 0;} .battle-log {font-family:Verdana, sans-serif;font-size:10pt;} .battle-log-inline {border:1px solid #AAAAAA;background:#EEF2F5;color:black;max-width:640px;margin:0 auto 80px;padding-bottom:5px;} .battle-log .inner {padding:4px 8px 0px 8px;} .battle-log .inner-preempt {padding:0 8px 4px 8px;} .battle-log .inner-after {margin-top:0.5em;} .battle-log h2 {margin:0.5em -8px;padding:4px 8px;border:1px solid #AAAAAA;background:#E0E7EA;border-left:0;border-right:0;font-family:Verdana, sans-serif;font-size:13pt;} .battle-log .chat {vertical-align:middle;padding:3px 0 3px 0;font-size:8pt;} .battle-log .chat strong {color:#40576A;} .battle-log .chat em {padding:1px 4px 1px 3px;color:#000000;font-style:normal;} .chat.mine {background:rgba(0,0,0,0.05);margin-left:-8px;margin-right:-8px;padding-left:8px;padding-right:8px;} .spoiler {color:#BBBBBB;background:#BBBBBB;padding:0px 3px;} .spoiler:hover, .spoiler:active, .spoiler-shown {color:#000000;background:#E2E2E2;padding:0px 3px;} .spoiler a {color:#BBBBBB;} .spoiler:hover a, .spoiler:active a, .spoiler-shown a {color:#2288CC;} .chat code, .chat .spoiler:hover code, .chat .spoiler:active code, .chat .spoiler-shown code {border:1px solid #C0C0C0;background:#EEEEEE;color:black;padding:0 2px;} .chat .spoiler code {border:1px solid #CCCCCC;background:#CCCCCC;color:#CCCCCC;} .battle-log .rated {padding:3px 4px;} .battle-log .rated strong {color:white;background:#89A;padding:1px 4px;border-radius:4px;} .spacer {margin-top:0.5em;} .message-announce {background:#6688AA;color:white;padding:1px 4px 2px;} .message-announce a, .broadcast-green a, .broadcast-blue a, .broadcast-red a {color:#DDEEFF;} .broadcast-green {background-color:#559955;color:white;padding:2px 4px;} .broadcast-blue {background-color:#6688AA;color:white;padding:2px 4px;} .infobox {border:1px solid #6688AA;padding:2px 4px;} .infobox-limited {max-height:200px;overflow:auto;overflow-x:hidden;} .broadcast-red {background-color:#AA5544;color:white;padding:2px 4px;} .message-learn-canlearn {font-weight:bold;color:#228822;text-decoration:underline;} .message-learn-cannotlearn {font-weight:bold;color:#CC2222;text-decoration:underline;} .message-effect-weak {font-weight:bold;color:#CC2222;} .message-effect-resist {font-weight:bold;color:#6688AA;} .message-effect-immune {font-weight:bold;color:#666666;} .message-learn-list {margin-top:0;margin-bottom:0;} .message-throttle-notice, .message-error {color:#992222;} .message-overflow, .chat small.message-overflow {font-size:0pt;} .message-overflow::before {font-size:9pt;content:'...';} .subtle {color:#3A4A66;}
</style>
<div class="wrapper replay-wrapper" style="max-width:1180px;margin:0 auto">
<input type="hidden" name="replayid" value="dragonheaven-gen8megasforall-330" />
<div class="battle"></div><div class="battle-log"></div><div class="replay-controls"></div><div class="replay-controls-2"></div>
<h1 style="font-weight:normal;text-align:center"><strong>[Gen 8] Megas for All</strong><br /><a href="http://pokemonshowdown.com/users/abismal" class="subtle" target="_blank">abismal</a> vs. <a href="http://pokemonshowdown.com/users/fiercehawk192" class="subtle" target="_blank">FierceHawk192</a></h1>
<script type="text/plain" class="battle-log-data">|j|☆abismal
|j|☆FierceHawk192
|t:|1642203916
|player|p1|abismal|clemont|
|player|p2|FierceHawk192|pokemonranger|
|teamsize|p1|6
|teamsize|p2|6
|gametype|singles
|gen|8
|tier|[Gen 8] Megas for All
|clearpoke
|poke|p1|Walrein, M|
|poke|p1|Pelipper, F|
|poke|p1|Barraskewda, M|
|poke|p1|Seismitoad, F|
|poke|p1|Ferrothorn, M|
|poke|p1|Cinderace, M|
|poke|p2|Slowking, M|
|poke|p2|Cinderace, M|
|poke|p2|Tangrowth, M|
|poke|p2|Magnezone|
|poke|p2|Kommo-o, F|
|poke|p2|Togekiss, F|
|rule|HP Percentage Mod: HP is shown in percentages
|rule|Endless Battle Clause: Forcing endless battles is banned
|rule|OHKO Clause: OHKO moves are banned
|rule|Evasion Moves Clause: Evasion moves are banned
|rule|Species Clause: Limit one of each Pokémon
|rule|Dynamax Clause: You cannot dynamax
|rule|Sleep Clause Mod: Limit one foe put to sleep
|rule|Freeze Clause Mod: Limit one foe frozen
|raw|<img src="https:\/\/raw.githubusercontent.com\/scoopapa\/DH\/master\/data\/mods\/m4av6\/sprites\/m4a_banner.png" height="65" width="381">
|-message|Welcome to Megas for All!
|-message|This is a National Dex-based format where we aim to give a new Mega Evolution to every Pokémon.
|-message|Just like any official format, you can still only Mega Evolve one Pokémon per team!
|-message|You can find our thread and metagame resources here:
|-message|https:\/\/www.smogon.com\/forums\/threads\/3671140\/
|teampreview
|j|~inkbug1

|c|☆FierceHawk192|glhf
|c|☆abismal|u2
|
|t:|1642203956
|start
|switch|p1a: Walrein|Walrein, M|100\/100
|switch|p2a: Magnezone|Magnezone|100\/100
|turn|1
|j| Sticky Fingaa
|
|t:|1642203966
|detailschange|p1a: Walrein|Walrein-Mega, M
|-mega|p1a: Walrein|Walrein|Walreinite
|-weather|RainDance|[from] ability: Drizzle|[of] p1a: Walrein
|-start|p1a: Walrein|typechange|Ice\/Water|[silent]
|raw|<ul class="utilichart"><li class="result"><span class="col pokemonnamecol" style="white-space: nowrap">Walrein-Mega<\/span> <span class="col typecol"><img src="https:\/\/play.pokemonshowdown.com\/sprites\/types\/Ice.png" alt="Ice" height="14" width="32"><img src="https:\/\/play.pokemonshowdown.com\/sprites\/types\/Water.png" alt="Water" height="14" width="32"><\/span> <span style="float: left ; min-height: 26px"><span class="col abilitycol">Drizzle<\/span><span class="col abilitycol"><\/span><\/span><span style="float: left ; min-height: 26px"><span class="col statcol"><em>HP<\/em><br>110<\/span> <span class="col statcol"><em>Atk<\/em><br>110<\/span> <span class="col statcol"><em>Def<\/em><br>90<\/span> <span class="col statcol"><em>SpA<\/em><br>145<\/span> <span class="col statcol"><em>SpD<\/em><br>90<\/span> <span class="col statcol"><em>Spe<\/em><br>85<\/span> <\/span><\/li><li style="clear: both"><\/li><\/ul>
|-hint|Walrein-Mega was submitted by kakaks!
|move|p1a: Walrein|Flip Turn|p2a: Magnezone
|-damage|p2a: Magnezone|73\/100
|j| Gekokeso
|
|t:|1642203972
|switch|p1a: Seismitoad|Seismitoad, F|100\/100|[from]move: Flip Turn
|move|p2a: Magnezone|Thunderbolt|p1a: Seismitoad
|-immune|p1a: Seismitoad
|
|-weather|RainDance|[upkeep]
|upkeep
|turn|2
|
|t:|1642203977
|switch|p2a: Tangrowth|Tangrowth, M|100\/100
|move|p1a: Seismitoad|Power-Up Punch|p2a: Tangrowth
|-damage|p2a: Tangrowth|94\/100
|-boost|p1a: Seismitoad|atk|1
|-damage|p1a: Seismitoad|84\/100|[from] item: Rocky Helmet|[of] p2a: Tangrowth
|
|-weather|RainDance|[upkeep]
|upkeep
|turn|3
|
|t:|1642203987
|switch|p1a: Ferrothorn|Ferrothorn, M|100\/100
|switch|p2a: Cinderace|Cinderace, M|100\/100
|
|-weather|RainDance|[upkeep]
|upkeep
|turn|4
|
|t:|1642203996
|move|p2a: Cinderace|Pyro Ball|p1a: Ferrothorn
|-supereffective|p1a: Ferrothorn
|-damage|p1a: Ferrothorn|4\/100
|move|p1a: Ferrothorn|Knock Off|p2a: Cinderace
|-damage|p2a: Cinderace|69\/100
|-enditem|p2a: Cinderace|Heavy-Duty Boots|[from] move: Knock Off|[of] p1a: Ferrothorn
|
|-weather|RainDance|[upkeep]
|-heal|p1a: Ferrothorn|10\/100|[from] item: Leftovers
|upkeep
|turn|5
|
|t:|1642204003
|move|p2a: Cinderace|Pyro Ball|p1a: Ferrothorn
|-supereffective|p1a: Ferrothorn
|-damage|p1a: Ferrothorn|0 fnt
|faint|p1a: Ferrothorn
|
|-weather|none
|upkeep
|
|t:|1642204010
|switch|p1a: Barraskewda|Barraskewda, M|100\/100
|turn|6
|
|t:|1642204012
|move|p2a: Cinderace|Sucker Punch|p1a: Barraskewda
|-start|p2a: Cinderace|typechange|Dark|[from] ability: Libero
|-damage|p1a: Barraskewda|25\/100
|move|p1a: Barraskewda|Flip Turn|p2a: Cinderace
|-damage|p2a: Cinderace|0 fnt
|faint|p2a: Cinderace
|
|t:|1642204017
|switch|p1a: Walrein|Walrein-Mega, M|100\/100|[from]move: Flip Turn
|-start|p1a: Walrein|typechange|Ice\/Water|[silent]
|-weather|RainDance|[from] ability: Drizzle|[of] p1a: Walrein
|
|-weather|RainDance|[upkeep]
|upkeep
|
|t:|1642204025
|switch|p2a: Tangrowth|Tangrowth, M|100\/100
|turn|7
|
|t:|1642204029
|move|p1a: Walrein|Freeze-Dry|p2a: Tangrowth
|-supereffective|p2a: Tangrowth
|-damage|p2a: Tangrowth|0 fnt
|faint|p2a: Tangrowth
|
|-weather|RainDance|[upkeep]
|upkeep
|
|t:|1642204034
|switch|p2a: Magnezone|Magnezone|73\/100
|turn|8
|
|t:|1642204037
|move|p1a: Walrein|Flip Turn|p2a: Magnezone
|-damage|p2a: Magnezone|47\/100
|
|t:|1642204040
|switch|p1a: Seismitoad|Seismitoad, F|84\/100|[from]move: Flip Turn
|move|p2a: Magnezone|Steel Beam|p1a: Seismitoad
|-resisted|p1a: Seismitoad
|-damage|p1a: Seismitoad|44\/100
|-damage|p2a: Magnezone|0 fnt|[from] mindblown
|faint|p2a: Magnezone
|
|-weather|RainDance|[upkeep]
|upkeep
|
|t:|1642204045
|switch|p2a: Kommo-o|Kommo-o, F|100\/100
|turn|9
|
|t:|1642204049
|move|p1a: Seismitoad|Ice Punch|p2a: Kommo-o
|-supereffective|p2a: Kommo-o
|-damage|p2a: Kommo-o|58\/100
|-zpower|p2a: Kommo-o
|move|p2a: Kommo-o|Clangorous Soulblaze|p1a: Seismitoad|[zeffect]
|-damage|p1a: Seismitoad|0 fnt
|-boost|p2a: Kommo-o|atk|1
|-boost|p2a: Kommo-o|def|1
|-boost|p2a: Kommo-o|spa|1
|-boost|p2a: Kommo-o|spd|1
|-boost|p2a: Kommo-o|spe|1
|faint|p1a: Seismitoad
|
|-weather|RainDance|[upkeep]
|upkeep
|
|t:|1642204060
|switch|p1a: Barraskewda|Barraskewda, M|25\/100
|turn|10
|
|t:|1642204067
|move|p1a: Barraskewda|Psychic Fangs|p2a: Kommo-o
|-supereffective|p2a: Kommo-o
|-damage|p2a: Kommo-o|0 fnt
|faint|p2a: Kommo-o
|
|-weather|none
|upkeep
|
|t:|1642204072
|switch|p2a: Togekiss|Togekiss, F|100\/100
|turn|11
|
|t:|1642204076
|switch|p1a: Pelipper|Pelipper, F|100\/100
|-weather|RainDance|[from] ability: Drizzle|[of] p1a: Pelipper
|move|p2a: Togekiss|Aura Sphere|p1a: Pelipper
|-resisted|p1a: Pelipper
|-damage|p1a: Pelipper|83\/100
|
|-weather|RainDance|[upkeep]
|upkeep
|turn|12
|
|t:|1642204081
|switch|p2a: Slowking|Slowking, M|100\/100
|move|p1a: Pelipper|U-turn|p2a: Slowking
|-supereffective|p2a: Slowking
|-damage|p2a: Slowking|78\/100
|
|t:|1642204093
|switch|p1a: Walrein|Walrein-Mega, M|100\/100|[from]move: U-turn
|-start|p1a: Walrein|typechange|Ice\/Water|[silent]
|
|-weather|RainDance|[upkeep]
|upkeep
|turn|13
|
|t:|1642204099
|switch|p2a: Togekiss|Togekiss, F|100\/100
|move|p1a: Walrein|Freeze-Dry|p2a: Togekiss
|-supereffective|p2a: Togekiss
|-damage|p2a: Togekiss|25\/100
|
|-weather|RainDance|[upkeep]
|upkeep
|turn|14
|
|t:|1642204104
|move|p2a: Togekiss|Aura Sphere|p1a: Walrein
|-supereffective|p1a: Walrein
|-damage|p1a: Walrein|53\/100
|move|p1a: Walrein|Flip Turn|p2a: Togekiss
|-damage|p2a: Togekiss|0 fnt
|faint|p2a: Togekiss
|
|t:|1642204109
|switch|p1a: Barraskewda|Barraskewda, M|25\/100|[from]move: Flip Turn
|
|-weather|RainDance|[upkeep]
|upkeep
|
|t:|1642204111
|switch|p2a: Slowking|Slowking, M|100\/100
|turn|15
|
|t:|1642204114
|detailschange|p2a: Slowking|Slowking-Mega, M
|-mega|p2a: Slowking|Slowking|Slowkinite
|-ability|p2a: Slowking|Counter-Clockwise Spiral
|-fieldstart|move: Trick Room|[of] p2a: Slowking
|-hint|Counter-Clockwise Spiral doesn't wear off until the user leaves the field!
|-start|p2a: Slowking|typechange|Water\/Psychic|[silent]
|raw|<ul class="utilichart"><li class="result"><span class="col pokemonnamecol" style="white-space: nowrap">Slowking-Mega<\/span> <span class="col typecol"><img src="https:\/\/play.pokemonshowdown.com\/sprites\/types\/Water.png" alt="Water" height="14" width="32"><img src="https:\/\/play.pokemonshowdown.com\/sprites\/types\/Psychic.png" alt="Psychic" height="14" width="32"><\/span> <span style="float: left ; min-height: 26px"><span class="col abilitycol">Counter-Clockwise Spiral<\/span><span class="col abilitycol"><\/span><\/span><span style="float: left ; min-height: 26px"><span class="col statcol"><em>HP<\/em><br>95<\/span> <span class="col statcol"><em>Atk<\/em><br>75<\/span> <span class="col statcol"><em>Def<\/em><br>80<\/span> <span class="col statcol"><em>SpA<\/em><br>110<\/span> <span class="col statcol"><em>SpD<\/em><br>110<\/span> <span class="col statcol"><em>Spe<\/em><br>120<\/span> <\/span><\/li><li style="clear: both"><\/li><\/ul>
|-hint|Slowking-Mega was submitted by Hematite!
|move|p2a: Slowking|Psychic|p1a: Barraskewda
|-crit|p1a: Barraskewda
|-damage|p1a: Barraskewda|0 fnt
|faint|p1a: Barraskewda
|
|-weather|none
|upkeep
|
|t:|1642204117
|switch|p1a: Walrein|Walrein-Mega, M|53\/100
|-start|p1a: Walrein|typechange|Ice\/Water|[silent]
|-weather|RainDance|[from] ability: Drizzle|[of] p1a: Walrein
|turn|16
|
|t:|1642204142
|move|p2a: Slowking|Nasty Plot|p2a: Slowking
|-boost|p2a: Slowking|spa|2
|move|p1a: Walrein|Freeze-Dry|p2a: Slowking
|-supereffective|p2a: Slowking
|-damage|p2a: Slowking|43\/100
|
|-weather|RainDance|[upkeep]
|upkeep
|turn|17
|
|t:|1642204146
|move|p2a: Slowking|Psychic|p1a: Walrein
|-damage|p1a: Walrein|0 fnt
|faint|p1a: Walrein
|
|-weather|RainDance|[upkeep]
|upkeep
|
|t:|1642204149
|switch|p1a: Cinderace|Cinderace, M|100\/100
|turn|18
|
|t:|1642204152
|move|p2a: Slowking|Nasty Plot|p2a: Slowking
|-boost|p2a: Slowking|spa|2
|move|p1a: Cinderace|U-turn|p2a: Slowking
|-start|p1a: Cinderace|typechange|Bug|[from] ability: Libero
|-supereffective|p2a: Slowking
|-damage|p2a: Slowking|0 fnt
|faint|p2a: Slowking
|-fieldend|move: Trick Room
|
|win|abismal
|c|☆FierceHawk192|i honestly expected a sucker punch
|c|☆FierceHawk192|gg
|c|☆abismal|i was wishing i had sucker there
|c|☆abismal|gg</script>
</div>
<div class="battle-log battle-log-inline"><div class="inner"><div class="battle-options"><div style="padding-top: 3px; padding-right: 3px; text-align: right"><button class="icon button" name="openBattleOptions" title="Options">Battle Options</button></div></div><div class="inner message-log"><div class="chat"><small>☆abismal and ☆FierceHawk192 joined</small></div><div class=""><small>Format:</small> <br><strong>[Gen 8] Megas for All</strong></div><div class=""><small><em>HP Percentage Mod:</em> HP is shown in percentages</small></div><div class=""><small><em>Endless Battle Clause:</em> Forcing endless battles is banned</small></div><div class=""><small><em>OHKO Clause:</em> OHKO moves are banned</small></div><div class=""><small><em>Evasion Moves Clause:</em> Evasion moves are banned</small></div><div class=""><small><em>Species Clause:</em> Limit one of each Pokémon</small></div><div class=""><small><em>Dynamax Clause:</em> You cannot dynamax</small></div><div class=""><small><em>Sleep Clause Mod:</em> Limit one foe put to sleep</small></div><div class=""><small><em>Freeze Clause Mod:</em> Limit one foe frozen</small></div><div class="chat"><img src="https://raw.githubusercontent.com/scoopapa/DH/master/data/mods/m4av6/sprites/m4a_banner.png" height="65" width="381"></div><div class="spacer battle-history"><br></div><div class="battle-history"><small>Welcome to Megas for All!</small><br></div><div class="battle-history"><small>This is a National Dex-based format where we aim to give a new Mega Evolution to every Pokémon.</small><br></div><div class="battle-history"><small>Just like any official format, you can still only Mega Evolve one Pokémon per team!</small><br></div><div class="battle-history"><small>You can find our thread and metagame resources here:</small><br></div><div class="battle-history"><small>https://www.smogon.com/forums/threads/3671140/</small><br></div><div class="chat battle-history"><strong>abismal's team:</strong> <em style="color:#445566;display:block;">Walrein / Pelipper / Barraskewda / Seismitoad / Ferrothorn / Cinderace</em></div><div class="chat battle-history"><strong>FierceHawk192's team:</strong> <em style="color:#445566;display:block;">Slowking / Cinderace / Tangrowth / Magnezone / Kommo-o / Togekiss</em></div><div class="chat"><small>~inkbug1 joined</small></div><div class="chat chatmessage-fiercehawk192"><strong style="color:#10a683"><small>☆</small><span class="username" data-name="FierceHawk192">FierceHawk192</span>:</strong> <em>glhf</em></div><div class="chat chatmessage-abismal"><strong style="color:#68a730"><small>☆</small><span class="username" data-name="abismal">abismal</span>:</strong> <em>u2</em></div><div class="spacer battle-history"><br></div><div class="battle-history">Battle started between abismal and FierceHawk192!<br></div><div class="spacer battle-history"><br></div><div class="battle-history">Go! <strong>Walrein</strong>!<br></div><div class="spacer battle-history"><br></div><div class="battle-history">FierceHawk192 sent out <strong>Magnezone</strong>!<br></div><div class="spacer battle-history"><br></div><h2 class="battle-history">Turn 1</h2><div class="chat"><small> Sticky Fingaa joined</small></div><div class="spacer battle-history"><br></div><div class="battle-history"><small>Walrein's Walreinite is reacting to the Key Stone!</small><br>Walrein has Mega Evolved into Mega Walrein!<br></div><div class="battle-history">[Walrein's Drizzle]<br><small>It started to rain!</small><br></div><div class="chat"><ul class="utilichart"><li class="result"><span class="col pokemonnamecol" style="white-space: nowrap">Walrein-Mega</span> <span class="col typecol"><img src="https://play.pokemonshowdown.com/sprites/types/Ice.png" alt="Ice" height="14" width="32"><img src="https://play.pokemonshowdown.com/sprites/types/Water.png" alt="Water" height="14" width="32"></span> <span style="float: left ; min-height: 26px"><span class="col abilitycol">Drizzle</span><span class="col abilitycol"></span></span><span style="float: left ; min-height: 26px"><span class="col statcol"><em>HP</em><br>110</span> <span class="col statcol"><em>Atk</em><br>110</span> <span class="col statcol"><em>Def</em><br>90</span> <span class="col statcol"><em>SpA</em><br>145</span> <span class="col statcol"><em>SpD</em><br>90</span> <span class="col statcol"><em>Spe</em><br>85</span> </span></li><li style="clear: both"></li></ul></div><div class="battle-history"><small>(Walrein-Mega was submitted by kakaks!)</small><br></div><div class="spacer battle-history"><br></div><div class="battle-history">Walrein used <strong>Flip Turn</strong>!<br></div><div class="battle-history"><small>(The opposing Magnezone lost 27% of its health!)</small><br></div><div class="chat"><small> Gekokeso joined</small></div><div class="spacer battle-history"><br></div><div class="battle-history">Walrein, come back!<br></div><div class="battle-history">Go! <strong>Seismitoad</strong>!<br></div><div class="spacer battle-history"><br></div><div class="battle-history">The opposing Magnezone used <strong>Thunderbolt</strong>!<br></div><div class="battle-history"><small>It doesn't affect Seismitoad...</small><br></div><div class="spacer battle-history"><br></div><div class="battle-history"><small>(Rain continues to fall.)</small><br></div><div class="spacer battle-history"><br></div><h2 class="battle-history">Turn 2</h2><div class="spacer battle-history"><br></div><div class="battle-history">FierceHawk192 withdrew Magnezone!<br></div><div class="battle-history">FierceHawk192 sent out <strong>Tangrowth</strong>!<br></div><div class="spacer battle-history"><br></div><div class="battle-history">Seismitoad used <strong>Power-Up Punch</strong>!<br></div><div class="battle-history"><small>(The opposing Tangrowth lost 6% of its health!)</small><br></div><div class="battle-history"><small>Seismitoad's Attack rose!</small><br></div><div class="battle-history"><small>Seismitoad was hurt by the Rocky Helmet!</small><br></div><div class="spacer battle-history"><br></div><div class="battle-history"><small>(Rain continues to fall.)</small><br></div><div class="spacer battle-history"><br></div><h2 class="battle-history">Turn 3</h2><div class="spacer battle-history"><br></div><div class="battle-history">Seismitoad, come back!<br></div><div class="battle-history">Go! <strong>Ferrothorn</strong>!<br></div><div class="spacer battle-history"><br></div><div class="battle-history">FierceHawk192 withdrew Tangrowth!<br></div><div class="battle-history">FierceHawk192 sent out <strong>Cinderace</strong>!<br></div><div class="spacer battle-history"><br></div><div class="battle-history"><small>(Rain continues to fall.)</small><br></div><div class="spacer battle-history"><br></div><h2 class="battle-history">Turn 4</h2><div class="spacer battle-history"><br></div><div class="battle-history">The opposing Cinderace used <strong>Pyro Ball</strong>!<br></div><div class="battle-history"><small>It's super effective!</small><br></div><div class="battle-history"><small>(Ferrothorn lost 96% of its health!)</small><br></div><div class="spacer battle-history"><br></div><div class="battle-history">Ferrothorn used <strong>Knock Off</strong>!<br></div><div class="battle-history"><small>(The opposing Cinderace lost 31% of its health!)</small><br></div><div class="battle-history"><small>Ferrothorn knocked off the opposing Cinderace's Heavy-Duty Boots!</small><br></div><div class="spacer battle-history"><br></div><div class="battle-history"><small>(Rain continues to fall.)</small><br></div><div class="battle-history"><small>Ferrothorn restored a little HP using its Leftovers!</small><br></div><div class="spacer battle-history"><br></div><h2 class="battle-history">Turn 5</h2><div class="spacer battle-history"><br></div><div class="battle-history">The opposing Cinderace used <strong>Pyro Ball</strong>!<br></div><div class="battle-history"><small>It's super effective!</small><br></div><div class="battle-history"><small>(Ferrothorn lost 10% of its health!)</small><br></div><div class="spacer battle-history"><br></div><div class="battle-history">Ferrothorn fainted!<br></div><div class="spacer battle-history"><br></div><div class="battle-history"><small>The rain stopped.</small><br></div><div class="spacer battle-history"><br></div><div class="battle-history">Go! <strong>Barraskewda</strong>!<br></div><div class="spacer battle-history"><br></div><h2 class="battle-history">Turn 6</h2><div class="spacer battle-history"><br></div><div class="battle-history">The opposing Cinderace used <strong>Sucker Punch</strong>!<br></div><div class="battle-history">[The opposing Cinderace's Libero]<br><small>The opposing Cinderace's type changed to Dark!</small><br></div><div class="battle-history"><small>(Barraskewda lost 75% of its health!)</small><br></div><div class="spacer battle-history"><br></div><div class="battle-history">Barraskewda used <strong>Flip Turn</strong>!<br></div><div class="battle-history"><small>(The opposing Cinderace lost 69% of its health!)</small><br></div><div class="spacer battle-history"><br></div><div class="battle-history">The opposing Cinderace fainted!<br></div><div class="spacer battle-history"><br></div><div class="battle-history">Barraskewda, come back!<br></div><div class="battle-history">Go! Walrein (<strong>Walrein-Mega</strong>)!<br></div><div class="battle-history">[Walrein's Drizzle]<br><small>It started to rain!</small><br></div><div class="spacer battle-history"><br></div><div class="battle-history"><small>(Rain continues to fall.)</small><br></div><div class="spacer battle-history"><br></div><div class="battle-history">FierceHawk192 sent out <strong>Tangrowth</strong>!<br></div><div class="spacer battle-history"><br></div><h2 class="battle-history">Turn 7</h2><div class="spacer battle-history"><br></div><div class="battle-history">Walrein used <strong>Freeze-Dry</strong>!<br></div><div class="battle-history"><small>It's super effective!</small><br></div><div class="battle-history"><small>(The opposing Tangrowth lost 100% of its health!)</small><br></div><div class="spacer battle-history"><br></div><div class="battle-history">The opposing Tangrowth fainted!<br></div><div class="spacer battle-history"><br></div><div class="battle-history"><small>(Rain continues to fall.)</small><br></div><div class="spacer battle-history"><br></div><div class="battle-history">FierceHawk192 sent out <strong>Magnezone</strong>!<br></div><div class="spacer battle-history"><br></div><h2 class="battle-history">Turn 8</h2><div class="spacer battle-history"><br></div><div class="battle-history">Walrein used <strong>Flip Turn</strong>!<br></div><div class="battle-history"><small>(The opposing Magnezone lost 26% of its health!)</small><br></div><div class="spacer battle-history"><br></div><div class="battle-history">Walrein, come back!<br></div><div class="battle-history">Go! <strong>Seismitoad</strong>!<br></div><div class="spacer battle-history"><br></div><div class="battle-history">The opposing Magnezone used <strong>Steel Beam</strong>!<br></div><div class="battle-history"><small>It's not very effective...</small><br></div><div class="battle-history"><small>(Seismitoad lost 40% of its health!)</small><br></div><div class="battle-history"><small>(The opposing Magnezone cut its own HP to power up its move!)</small><br></div><div class="spacer battle-history"><br></div><div class="battle-history">The opposing Magnezone fainted!<br></div><div class="spacer battle-history"><br></div><div class="battle-history"><small>(Rain continues to fall.)</small><br></div><div class="spacer battle-history"><br></div><div class="battle-history">FierceHawk192 sent out <strong>Kommo-o</strong>!<br></div><div class="spacer battle-history"><br></div><h2 class="battle-history">Turn 9</h2><div class="spacer battle-history"><br></div><div class="battle-history">Seismitoad used <strong>Ice Punch</strong>!<br></div><div class="battle-history"><small>It's super effective!</small><br></div><div class="battle-history"><small>(The opposing Kommo-o lost 42% of its health!)</small><br></div><div class="battle-history"><small>The opposing Kommo-o surrounded itself with its Z-Power!</small><br></div><div class="spacer battle-history"><br></div><div class="battle-history"><small>The opposing Kommo-o unleashes its full-force Z-Move!</small><br>The opposing Kommo-o used <strong>Clangorous Soulblaze</strong>!<br></div><div class="battle-history"><small>(Seismitoad lost 44% of its health!)</small><br></div><div class="battle-history"><small>The opposing Kommo-o's Attack rose!</small><br></div><div class="battle-history"><small>The opposing Kommo-o's Defense rose!</small><br></div><div class="battle-history"><small>The opposing Kommo-o's Sp. Atk rose!</small><br></div><div class="battle-history"><small>The opposing Kommo-o's Sp. Def rose!</small><br></div><div class="battle-history"><small>The opposing Kommo-o's Speed rose!</small><br></div><div class="spacer battle-history"><br></div><div class="battle-history">Seismitoad fainted!<br></div><div class="spacer battle-history"><br></div><div class="battle-history"><small>(Rain continues to fall.)</small><br></div><div class="spacer battle-history"><br></div><div class="battle-history">Go! <strong>Barraskewda</strong>!<br></div><div class="spacer battle-history"><br></div><h2 class="battle-history">Turn 10</h2><div class="spacer battle-history"><br></div><div class="battle-history">Barraskewda used <strong>Psychic Fangs</strong>!<br></div><div class="battle-history"><small>It's super effective!</small><br></div><div class="battle-history"><small>(The opposing Kommo-o lost 58% of its health!)</small><br></div><div class="spacer battle-history"><br></div><div class="battle-history">The opposing Kommo-o fainted!<br></div><div class="spacer battle-history"><br></div><div class="battle-history"><small>The rain stopped.</small><br></div><div class="spacer battle-history"><br></div><div class="battle-history">FierceHawk192 sent out <strong>Togekiss</strong>!<br></div><div class="spacer battle-history"><br></div><h2 class="battle-history">Turn 11</h2><div class="spacer battle-history"><br></div><div class="battle-history">Barraskewda, come back!<br></div><div class="battle-history">Go! <strong>Pelipper</strong>!<br></div><div class="battle-history">[Pelipper's Drizzle]<br><small>It started to rain!</small><br></div><div class="spacer battle-history"><br></div><div class="battle-history">The opposing Togekiss used <strong>Aura Sphere</strong>!<br></div><div class="battle-history"><small>It's not very effective...</small><br></div><div class="battle-history"><small>(Pelipper lost 17% of its health!)</small><br></div><div class="spacer battle-history"><br></div><div class="battle-history"><small>(Rain continues to fall.)</small><br></div><div class="spacer battle-history"><br></div><h2 class="battle-history">Turn 12</h2><div class="spacer battle-history"><br></div><div class="battle-history">FierceHawk192 withdrew Togekiss!<br></div><div class="battle-history">FierceHawk192 sent out <strong>Slowking</strong>!<br></div><div class="spacer battle-history"><br></div><div class="battle-history">Pelipper used <strong>U-turn</strong>!<br></div><div class="battle-history"><small>It's super effective!</small><br></div><div class="battle-history"><small>(The opposing Slowking lost 22% of its health!)</small><br></div><div class="spacer battle-history"><br></div><div class="battle-history">Pelipper went back to abismal!<br></div><div class="battle-history">Go! Walrein (<strong>Walrein-Mega</strong>)!<br></div><div class="spacer battle-history"><br></div><div class="battle-history"><small>(Rain continues to fall.)</small><br></div><div class="spacer battle-history"><br></div><h2 class="battle-history">Turn 13</h2><div class="spacer battle-history"><br></div><div class="battle-history">FierceHawk192 withdrew Slowking!<br></div><div class="battle-history">FierceHawk192 sent out <strong>Togekiss</strong>!<br></div><div class="spacer battle-history"><br></div><div class="battle-history">Walrein used <strong>Freeze-Dry</strong>!<br></div><div class="battle-history"><small>It's super effective!</small><br></div><div class="battle-history"><small>(The opposing Togekiss lost 75% of its health!)</small><br></div><div class="spacer battle-history"><br></div><div class="battle-history"><small>(Rain continues to fall.)</small><br></div><div class="spacer battle-history"><br></div><h2 class="battle-history">Turn 14</h2><div class="spacer battle-history"><br></div><div class="battle-history">The opposing Togekiss used <strong>Aura Sphere</strong>!<br></div><div class="battle-history"><small>It's super effective!</small><br></div><div class="battle-history"><small>(Walrein lost 47% of its health!)</small><br></div><div class="spacer battle-history"><br></div><div class="battle-history">Walrein used <strong>Flip Turn</strong>!<br></div><div class="battle-history"><small>(The opposing Togekiss lost 25% of its health!)</small><br></div><div class="spacer battle-history"><br></div><div class="battle-history">The opposing Togekiss fainted!<br></div><div class="spacer battle-history"><br></div><div class="battle-history">Walrein, come back!<br></div><div class="battle-history">Go! <strong>Barraskewda</strong>!<br></div><div class="spacer battle-history"><br></div><div class="battle-history"><small>(Rain continues to fall.)</small><br></div><div class="spacer battle-history"><br></div><div class="battle-history">FierceHawk192 sent out <strong>Slowking</strong>!<br></div><div class="spacer battle-history"><br></div><h2 class="battle-history">Turn 15</h2><div class="spacer battle-history"><br></div><div class="battle-history"><small>The opposing Slowking's Slowkinite is reacting to the Key Stone!</small><br>The opposing Slowking has Mega Evolved into Mega Slowking!<br></div><div class="battle-history">[The opposing Slowking's Counter-Clockwise Spiral]<br></div><div class="battle-history"><small>The opposing Slowking twisted the dimensions!</small><br></div><div class="battle-history"><small>(Counter-Clockwise Spiral doesn't wear off until the user leaves the field!)</small><br></div><div class="chat"><ul class="utilichart"><li class="result"><span class="col pokemonnamecol" style="white-space: nowrap">Slowking-Mega</span> <span class="col typecol"><img src="https://play.pokemonshowdown.com/sprites/types/Water.png" alt="Water" height="14" width="32"><img src="https://play.pokemonshowdown.com/sprites/types/Psychic.png" alt="Psychic" height="14" width="32"></span> <span style="float: left ; min-height: 26px"><span class="col abilitycol">Counter-Clockwise Spiral</span><span class="col abilitycol"></span></span><span style="float: left ; min-height: 26px"><span class="col statcol"><em>HP</em><br>95</span> <span class="col statcol"><em>Atk</em><br>75</span> <span class="col statcol"><em>Def</em><br>80</span> <span class="col statcol"><em>SpA</em><br>110</span> <span class="col statcol"><em>SpD</em><br>110</span> <span class="col statcol"><em>Spe</em><br>120</span> </span></li><li style="clear: both"></li></ul></div><div class="battle-history"><small>(Slowking-Mega was submitted by Hematite!)</small><br></div><div class="spacer battle-history"><br></div><div class="battle-history">The opposing Slowking used <strong>Psychic</strong>!<br></div><div class="battle-history"><small>A critical hit!</small><br></div><div class="battle-history"><small>(Barraskewda lost 25% of its health!)</small><br></div><div class="spacer battle-history"><br></div><div class="battle-history">Barraskewda fainted!<br></div><div class="spacer battle-history"><br></div><div class="battle-history"><small>The rain stopped.</small><br></div><div class="spacer battle-history"><br></div><div class="battle-history">Go! Walrein (<strong>Walrein-Mega</strong>)!<br></div><div class="battle-history">[Walrein's Drizzle]<br><small>It started to rain!</small><br></div><div class="spacer battle-history"><br></div><h2 class="battle-history">Turn 16</h2><div class="spacer battle-history"><br></div><div class="battle-history">The opposing Slowking used <strong>Nasty Plot</strong>!<br></div><div class="battle-history"><small>The opposing Slowking's Sp. Atk rose sharply!</small><br></div><div class="spacer battle-history"><br></div><div class="battle-history">Walrein used <strong>Freeze-Dry</strong>!<br></div><div class="battle-history"><small>It's super effective!</small><br></div><div class="battle-history"><small>(The opposing Slowking lost 57% of its health!)</small><br></div><div class="spacer battle-history"><br></div><div class="battle-history"><small>(Rain continues to fall.)</small><br></div><div class="spacer battle-history"><br></div><h2 class="battle-history">Turn 17</h2><div class="spacer battle-history"><br></div><div class="battle-history">The opposing Slowking used <strong>Psychic</strong>!<br></div><div class="battle-history"><small>(Walrein lost 53% of its health!)</small><br></div><div class="spacer battle-history"><br></div><div class="battle-history">Walrein fainted!<br></div><div class="spacer battle-history"><br></div><div class="battle-history"><small>(Rain continues to fall.)</small><br></div><div class="spacer battle-history"><br></div><div class="battle-history">Go! <strong>Cinderace</strong>!<br></div><div class="spacer battle-history"><br></div><h2 class="battle-history">Turn 18</h2><div class="spacer battle-history"><br></div><div class="battle-history">The opposing Slowking used <strong>Nasty Plot</strong>!<br></div><div class="battle-history"><small>The opposing Slowking's Sp. Atk rose sharply!</small><br></div><div class="spacer battle-history"><br></div><div class="battle-history">Cinderace used <strong>U-turn</strong>!<br></div><div class="battle-history">[Cinderace's Libero]<br><small>Cinderace's type changed to Bug!</small><br></div><div class="battle-history"><small>It's super effective!</small><br></div><div class="battle-history"><small>(The opposing Slowking lost 43% of its health!)</small><br></div><div class="spacer battle-history"><br></div><div class="battle-history">The opposing Slowking fainted!<br></div><div class="battle-history"><small>The twisted dimensions returned to normal!</small><br></div><div class="spacer battle-history"><br></div><div class="battle-history"><strong>abismal</strong> won the battle!<br></div><div class="chat chatmessage-fiercehawk192"><strong style="color:#10a683"><small>☆</small><span class="username" data-name="FierceHawk192">FierceHawk192</span>:</strong> <em>i honestly expected a sucker punch</em></div><div class="chat chatmessage-fiercehawk192"><strong style="color:#10a683"><small>☆</small><span class="username" data-name="FierceHawk192">FierceHawk192</span>:</strong> <em>gg</em></div><div class="chat chatmessage-abismal"><strong style="color:#68a730"><small>☆</small><span class="username" data-name="abismal">abismal</span>:</strong> <em>i was wishing i had sucker there</em></div><div class="chat chatmessage-abismal"><strong style="color:#68a730"><small>☆</small><span class="username" data-name="abismal">abismal</span>:</strong> <em>gg</em></div></div><div class="inner-preempt message-log"></div></div></div>
</div>
<script>
let daily = Math.floor(Date.now()/1000/60/60/24);document.write('<script src="https://dragonheaven.herokuapp.com/js/replay-embed.js?version'+daily+'"></'+'script>');
</script>
