<!DOCTYPE html>
<meta charset="utf-8" />
<!-- version 1 -->
<title>[Gen 8] M4A Random Battle replay: H2OPulse vs. inkbug1</title>
<style>
html,body {font-family:Verdana, sans-serif;font-size:10pt;margin:0;padding:0;}body{padding:12px 0;} .battle-log {font-family:Verdana, sans-serif;font-size:10pt;} .battle-log-inline {border:1px solid #AAAAAA;background:#EEF2F5;color:black;max-width:640px;margin:0 auto 80px;padding-bottom:5px;} .battle-log .inner {padding:4px 8px 0px 8px;} .battle-log .inner-preempt {padding:0 8px 4px 8px;} .battle-log .inner-after {margin-top:0.5em;} .battle-log h2 {margin:0.5em -8px;padding:4px 8px;border:1px solid #AAAAAA;background:#E0E7EA;border-left:0;border-right:0;font-family:Verdana, sans-serif;font-size:13pt;} .battle-log .chat {vertical-align:middle;padding:3px 0 3px 0;font-size:8pt;} .battle-log .chat strong {color:#40576A;} .battle-log .chat em {padding:1px 4px 1px 3px;color:#000000;font-style:normal;} .chat.mine {background:rgba(0,0,0,0.05);margin-left:-8px;margin-right:-8px;padding-left:8px;padding-right:8px;} .spoiler {color:#BBBBBB;background:#BBBBBB;padding:0px 3px;} .spoiler:hover, .spoiler:active, .spoiler-shown {color:#000000;background:#E2E2E2;padding:0px 3px;} .spoiler a {color:#BBBBBB;} .spoiler:hover a, .spoiler:active a, .spoiler-shown a {color:#2288CC;} .chat code, .chat .spoiler:hover code, .chat .spoiler:active code, .chat .spoiler-shown code {border:1px solid #C0C0C0;background:#EEEEEE;color:black;padding:0 2px;} .chat .spoiler code {border:1px solid #CCCCCC;background:#CCCCCC;color:#CCCCCC;} .battle-log .rated {padding:3px 4px;} .battle-log .rated strong {color:white;background:#89A;padding:1px 4px;border-radius:4px;} .spacer {margin-top:0.5em;} .message-announce {background:#6688AA;color:white;padding:1px 4px 2px;} .message-announce a, .broadcast-green a, .broadcast-blue a, .broadcast-red a {color:#DDEEFF;} .broadcast-green {background-color:#559955;color:white;padding:2px 4px;} .broadcast-blue {background-color:#6688AA;color:white;padding:2px 4px;} .infobox {border:1px solid #6688AA;padding:2px 4px;} .infobox-limited {max-height:200px;overflow:auto;overflow-x:hidden;} .broadcast-red {background-color:#AA5544;color:white;padding:2px 4px;} .message-learn-canlearn {font-weight:bold;color:#228822;text-decoration:underline;} .message-learn-cannotlearn {font-weight:bold;color:#CC2222;text-decoration:underline;} .message-effect-weak {font-weight:bold;color:#CC2222;} .message-effect-resist {font-weight:bold;color:#6688AA;} .message-effect-immune {font-weight:bold;color:#666666;} .message-learn-list {margin-top:0;margin-bottom:0;} .message-throttle-notice, .message-error {color:#992222;} .message-overflow, .chat small.message-overflow {font-size:0pt;} .message-overflow::before {font-size:9pt;content:'...';} .subtle {color:#3A4A66;}
</style>
<div class="wrapper replay-wrapper" style="max-width:1180px;margin:0 auto">
<input type="hidden" name="replayid" value="dragonheaven-gen8m4arandombattle-1091" />
<div class="battle"></div><div class="battle-log"></div><div class="replay-controls"></div><div class="replay-controls-2"></div>
<h1 style="font-weight:normal;text-align:center"><strong>[Gen 8] M4A Random Battle</strong><br /><a href="http://pokemonshowdown.com/users/h2opulse" class="subtle" target="_blank">H2OPulse</a> vs. <a href="http://pokemonshowdown.com/users/inkbug1" class="subtle" target="_blank">inkbug1</a></h1>
<script type="text/plain" class="battle-log-data">|j|☆H2OPulse
|j|☆inkbug1

|t:|1609702781
|player|p1|H2OPulse|aetherfoundation|
|player|p2|inkbug1|burgh|
|teamsize|p1|6
|teamsize|p2|6
|gametype|singles
|gen|8
|tier|[Gen 8] M4A Random Battle
|rule|Dynamax Clause: You cannot dynamax
|rule|Species Clause: Limit one of each Pokémon
|rule|HP Percentage Mod: HP is shown in percentages
|rule|Sleep Clause Mod: Limit one foe put to sleep
|rule|Freeze Clause Mod: Limit one foe frozen
|-message|Your Mega Evolution this match is:
|-hint|Lycanroc-Dusk-Mega (Rock\/Fighting); Ability: Mold Breaker (This Pokemon's moves and their effects ignore the Abilities of other Pokemon.); Stats: 75 HP \/ 150 Atk \/ 80 Def \/ 65 SpA \/ 75 SpD \/ 142 Spe
|-message|Use the command \/dt for more information!
|
|t:|1609702782
|start
|switch|p1a: Shedinja|Shedinja, L88|100\/100
|switch|p2a: Hoopa|Hoopa-Unbound, L82|265\/265
|turn|1
|j| BotwNerd745
|c|☆inkbug1|oh i see
|l|☆H2OPulse
|player|p1|
|j|☆H2OPulse
|player|p1|H2OPulse|aetherfoundation
|c|☆H2OPulse|SORRY HI
|c|☆inkbug1|ur good! 
|c|☆H2OPulse|Wow this murders my team a lot huh!
|
|t:|1609702896
|switch|p1a: Escavalier|Escavalier, L84, F|100\/100
|move|p2a: Hoopa|Dark Pulse|p1a: Escavalier
|-damage|p1a: Escavalier|53\/100
|
|-heal|p1a: Escavalier|59\/100|[from] item: Leftovers
|upkeep
|turn|2
|c|☆inkbug1|sdfsdf
|c|☆inkbug1|park no thats a dumb switch dont do it.
|
|t:|1609702926
|-activate|p2a: Hoopa|move: Pursuit
|move|p1a: Escavalier|Pursuit|p2a: Hoopa|[from]Pursuit
|-damage|p2a: Hoopa|162\/265
|switch|p2a: Sandaconda|Sandaconda, L88, M|270\/270
|
|-heal|p1a: Escavalier|65\/100|[from] item: Leftovers
|upkeep
|turn|3
|c|☆inkbug1|a
|
|t:|1609702945
|switch|p1a: Eldegoss|Eldegoss, L86, F|100\/100
|move|p2a: Sandaconda|Stealth Rock|p1a: Eldegoss
|-sidestart|p1: H2OPulse|move: Stealth Rock
|
|upkeep
|turn|4
|
|t:|1609702957
|switch|p2a: Hawlucha|Hawlucha, L80, M|256\/256
|-ability|p2a: Hawlucha|Mold Breaker
|move|p1a: Eldegoss|Energy Ball|p2a: Hawlucha
|-resisted|p2a: Hawlucha
|-damage|p2a: Hawlucha|193\/256
|
|-heal|p2a: Hawlucha|209\/256|[from] item: Leftovers
|upkeep
|turn|5
|
|t:|1609702973
|move|p2a: Hawlucha|Substitute|p2a: Hawlucha
|-start|p2a: Hawlucha|Substitute
|-damage|p2a: Hawlucha|145\/256
|move|p1a: Eldegoss|Sleep Powder||[still]
|-fail|p1a: Eldegoss
|
|-heal|p2a: Hawlucha|161\/256|[from] item: Leftovers
|upkeep
|turn|6
|c|☆inkbug1|i didnt realize you got that.
|c|☆inkbug1|i.
|c|☆H2OPulse|Good call but rude :c
|c|☆inkbug1|ive used eldegoss for months now.
|
|t:|1609703023
|move|p2a: Hawlucha|High Jump Kick|p1a: Eldegoss
|-damage|p1a: Eldegoss|49\/100
|move|p1a: Eldegoss|Energy Ball|p2a: Hawlucha
|-resisted|p2a: Hawlucha
|-activate|p2a: Hawlucha|move: Substitute|[damage]
|
|-heal|p2a: Hawlucha|177\/256|[from] item: Leftovers
|-heal|p1a: Eldegoss|56\/100|[from] item: Leftovers
|upkeep
|turn|7
|
|t:|1609703033
|switch|p1a: Gengar|Gengar, L78, F|100\/100
|-damage|p1a: Gengar|88\/100|[from] Stealth Rock
|move|p2a: Hawlucha|Stone Edge|p1a: Gengar
|-damage|p1a: Gengar|48\/100
|
|-heal|p2a: Hawlucha|193\/256|[from] item: Leftovers
|upkeep
|turn|8
|
|t:|1609703050
|detailschange|p1a: Gengar|Gengar-Mega, L78, F
|-mega|p1a: Gengar|Gengar|Gengarite
|-start|p1a: Gengar|typechange|Ghost\/Poison|[silent]
|raw|<ul class="utilichart"><li class="result"><span class="col pokemonnamecol" style="white-space: nowrap">Gengar-Mega<\/span> <span class="col typecol"><img src="https:\/\/play.pokemonshowdown.com\/sprites\/types\/Ghost.png" alt="Ghost" height="14" width="32"><img src="https:\/\/play.pokemonshowdown.com\/sprites\/types\/Poison.png" alt="Poison" height="14" width="32"><\/span> <span style="float: left ; min-height: 26px"><span class="col abilitycol">Shadow Tag<\/span><span class="col abilitycol"><\/span><\/span><span style="float: left ; min-height: 26px"><span class="col statcol"><em>HP<\/em><br>60<\/span> <span class="col statcol"><em>Atk<\/em><br>65<\/span> <span class="col statcol"><em>Def<\/em><br>80<\/span> <span class="col statcol"><em>SpA<\/em><br>170<\/span> <span class="col statcol"><em>SpD<\/em><br>95<\/span> <span class="col statcol"><em>Spe<\/em><br>130<\/span> <\/span><\/li><li style="clear: both"><\/li><\/ul>
|move|p1a: Gengar|Disable|p2a: Hawlucha
|-start|p2a: Hawlucha|Disable|Stone Edge
|cant|p2a: Hawlucha|Disable|Stone Edge
|
|-heal|p2a: Hawlucha|209\/256|[from] item: Leftovers
|upkeep
|turn|9
|c|☆inkbug1|A 
|
|t:|1609703065
|move|p1a: Gengar|Protect|p1a: Gengar
|-singleturn|p1a: Gengar|Protect
|move|p2a: Hawlucha|Roost|p2a: Hawlucha
|-heal|p2a: Hawlucha|256\/256
|-singleturn|p2a: Hawlucha|move: Roost
|
|upkeep
|turn|10
|c|☆H2OPulse|Oh hm okay
|
|t:|1609703079
|move|p1a: Gengar|Shadow Ball|p2a: Hawlucha
|-end|p2a: Hawlucha|Substitute
|move|p2a: Hawlucha|Substitute|p2a: Hawlucha
|-start|p2a: Hawlucha|Substitute
|-damage|p2a: Hawlucha|192\/256
|
|-heal|p2a: Hawlucha|208\/256|[from] item: Leftovers
|upkeep
|turn|11
|raw|<ul class="utilichart"><li class="result"><span class="col movenamecol"><a href="https:\/\/dex.pokemonshowdown.com\/moves\/disable">Disable<\/a><\/span> <span class="col typecol"><img src="\/\/play.pokemonshowdown.com\/sprites\/types\/Normal.png" alt="Normal" width="32" height="14"><img src="\/\/play.pokemonshowdown.com\/sprites\/categories\/Status.png" alt="Status" width="32" height="14"><\/span> <span class="col widelabelcol"><em>Accuracy<\/em><br>100%<\/span> <span class="col pplabelcol"><em>PP<\/em><br>32<\/span> <span class="col movedesccol">For 4 turns, disables the target's last move used.<\/span> <\/li><li style="clear:both"><\/li><\/ul>
|raw|<font size="1"><font color="#686868">Priority:<\/font> 0&nbsp;|&ThickSpace;<font color="#686868">Gen:<\/font> 1&nbsp;|&ThickSpace;&#10003; Bypasses Substitutes&nbsp;|&ThickSpace;&#10003; Bounceable&nbsp;|&ThickSpace;<font color="#686868">Z-Effect:<\/font> Restores negative stat stages to 0&nbsp;|&ThickSpace;<font color="#686868">Target:<\/font> One Adjacent Pokémon<\/font>

|
|t:|1609703097
|move|p1a: Gengar|Shadow Ball|p2a: Hawlucha
|-end|p2a: Hawlucha|Substitute
|move|p2a: Hawlucha|Roost|p2a: Hawlucha
|-heal|p2a: Hawlucha|256\/256
|-singleturn|p2a: Hawlucha|move: Roost
|
|-end|p2a: Hawlucha|Disable
|upkeep
|turn|12
|
|t:|1609703107
|move|p1a: Gengar|Shadow Ball|p2a: Hawlucha
|-damage|p2a: Hawlucha|105\/256
|move|p2a: Hawlucha|Stone Edge|p1a: Gengar
|-damage|p1a: Gengar|12\/100
|
|-heal|p2a: Hawlucha|121\/256|[from] item: Leftovers
|upkeep
|turn|13
|
|t:|1609703115
|move|p1a: Gengar|Shadow Ball|p2a: Hawlucha
|-damage|p2a: Hawlucha|0 fnt
|faint|p2a: Hawlucha
|
|upkeep
|
|t:|1609703122
|switch|p2a: Lycanroc|Lycanroc-Dusk, L84, M|263\/263
|turn|14
|
|t:|1609703149
|detailschange|p2a: Lycanroc|Lycanroc-Dusk-Mega, L84, M
|-mega|p2a: Lycanroc|Lycanroc|Lycanite
|-ability|p2a: Lycanroc|Mold Breaker
|-start|p2a: Lycanroc|typechange|Rock\/Fighting|[silent]
|raw|<ul class="utilichart"><li class="result"><span class="col pokemonnamecol" style="white-space: nowrap">Lycanroc-Dusk-Mega<\/span> <span class="col typecol"><img src="https:\/\/play.pokemonshowdown.com\/sprites\/types\/Rock.png" alt="Rock" height="14" width="32"><img src="https:\/\/play.pokemonshowdown.com\/sprites\/types\/Fighting.png" alt="Fighting" height="14" width="32"><\/span> <span style="float: left ; min-height: 26px"><span class="col abilitycol">Mold Breaker<\/span><span class="col abilitycol"><\/span><\/span><span style="float: left ; min-height: 26px"><span class="col statcol"><em>HP<\/em><br>75<\/span> <span class="col statcol"><em>Atk<\/em><br>150<\/span> <span class="col statcol"><em>Def<\/em><br>80<\/span> <span class="col statcol"><em>SpA<\/em><br>65<\/span> <span class="col statcol"><em>SpD<\/em><br>75<\/span> <span class="col statcol"><em>Spe<\/em><br>142<\/span> <\/span><\/li><li style="clear: both"><\/li><\/ul>
|move|p1a: Gengar|Protect|p1a: Gengar
|-singleturn|p1a: Gengar|Protect
|move|p2a: Lycanroc|Accelerock|p1a: Gengar
|-activate|p1a: Gengar|move: Protect
|
|upkeep
|turn|15
|c|☆inkbug1|gonna get more tea 1 sec
|
|t:|1609703160
|move|p2a: Lycanroc|Accelerock|p1a: Gengar
|-damage|p1a: Gengar|0 fnt
|faint|p1a: Gengar
|
|upkeep
|
|t:|1609703169
|switch|p1a: Eldegoss|Eldegoss, L86, F|89\/100
|-damage|p1a: Eldegoss|77\/100|[from] Stealth Rock
|turn|16
|c|☆H2OPulse|Okay C:
|l|☆H2OPulse
|player|p1|
|
|t:|1609703210
|move|p2a: Lycanroc|Close Combat|p1a: Eldegoss
|-damage|p1a: Eldegoss|0 fnt
|-unboost|p2a: Lycanroc|def|1
|-unboost|p2a: Lycanroc|spd|1
|faint|p1a: Eldegoss
|
|upkeep
|l| BotwNerd745
|j| BotwNerd745
|j|☆H2OPulse
|player|p1|H2OPulse|aetherfoundation
|c|☆inkbug1|hiiya
|c|☆H2OPulse|Aaa sorry hi
|c|☆inkbug1|ur good! 
|
|t:|1609703544
|switch|p1a: Escavalier|Escavalier, L84, F|65\/100
|-damage|p1a: Escavalier|53\/100|[from] Stealth Rock
|turn|17
|c|☆H2OPulse|I did not roll the most balanced of teams this time around haha
|c|☆inkbug1|it happens :') 
|
|t:|1609703561
|move|p2a: Lycanroc|Swords Dance|p2a: Lycanroc
|-boost|p2a: Lycanroc|atk|2
|move|p1a: Escavalier|Iron Head|p2a: Lycanroc
|-supereffective|p2a: Lycanroc
|-damage|p2a: Lycanroc|0 fnt
|faint|p2a: Lycanroc
|
|-heal|p1a: Escavalier|59\/100|[from] item: Leftovers
|upkeep
|c|☆H2OPulse|Yep :'D
|c|☆H2OPulse|OH THANK GOODNESS
|c|☆inkbug1|ope
|c|☆inkbug1|okay
|c|☆inkbug1|i uh . i was under the impression tht fighting resisted steel 
|c|☆inkbug1|not sure whhhy
|
|t:|1609703595
|switch|p2a: Sandaconda|Sandaconda, L88, M|270\/270
|turn|18
|l|☆H2OPulse
|player|p1|
|j|☆H2OPulse
|player|p1|H2OPulse|aetherfoundation
|c|☆H2OPulse|Mobile Showdooown
|c| BotwNerd745|i know right
|
|t:|1609703651
|switch|p1a: Vanilluxe|Vanilluxe, L86, M|100\/100
|-weather|Hail|[from] ability: Snow Warning|[of] p1a: Vanilluxe
|move|p2a: Sandaconda|Glare|p1a: Vanilluxe
|-status|p1a: Vanilluxe|par
|
|-weather|Hail|[upkeep]
|-damage|p2a: Sandaconda|254\/270|[from] Hail
|-heal|p2a: Sandaconda|270\/270|[from] item: Leftovers
|upkeep
|turn|19
|c|☆inkbug1|youre good im just chillin :'D 
|
|t:|1609703666
|switch|p2a: Hoopa|Hoopa-Unbound, L82|162\/265
|move|p1a: Vanilluxe|Blizzard|p2a: Hoopa
|-damage|p2a: Hoopa|69\/265
|-status|p2a: Hoopa|frz
|
|-weather|Hail|[upkeep]
|-damage|p2a: Hoopa|53\/265 frz|[from] Hail
|upkeep
|turn|20
|c| BotwNerd745|i might start doing tours on a computer 
|c|☆H2OPulse|OOF
|c|☆inkbug1|oh okay
|c|☆inkbug1|thats fair
|
|t:|1609703682
|cant|p2a: Hoopa|frz
|cant|p1a: Vanilluxe|par
|
|-weather|Hail|[upkeep]
|-damage|p2a: Hoopa|37\/265 frz|[from] Hail
|upkeep
|turn|21
|c|☆inkbug1|wheeze
|
|t:|1609703689
|cant|p2a: Hoopa|frz
|cant|p1a: Vanilluxe|par
|
|-weather|Hail|[upkeep]
|-damage|p2a: Hoopa|21\/265 frz|[from] Hail
|upkeep
|turn|22
|c|☆H2OPulse|Pff
|c|☆inkbug1|WHEEZE
|
|t:|1609703696
|cant|p2a: Hoopa|frz
|cant|p1a: Vanilluxe|par
|
|-weather|none
|upkeep
|turn|23
|c|☆H2OPulse|hOw
|c|☆inkbug1|is this real life
|c|☆H2OPulse|*with a capital W oops
|c|☆H2OPulse|HOw
|c|☆H2OPulse|wow I can't type I'm just gonna leave it.
|
|t:|1609703723
|cant|p2a: Hoopa|frz
|move|p1a: Vanilluxe|Blizzard|p2a: Hoopa
|-crit|p2a: Hoopa
|-damage|p2a: Hoopa|0 fnt
|faint|p2a: Hoopa
|
|upkeep
|c|☆inkbug1|we did it we broke the cycle
|c|☆H2OPulse|__finally hits and it's a crit__
|
|t:|1609703768
|switch|p2a: Deoxys|Deoxys-Speed, L78|206\/206
|-ability|p2a: Deoxys|Pressure
|turn|24
|c|☆H2OPulse|Another one! Hi
|
|t:|1609703783
|switch|p1a: Shedinja|Shedinja, L88|100\/100
|move|p2a: Deoxys|Superpower|p1a: Shedinja
|-immune|p1a: Shedinja|[from] ability: Wonder Guard
|
|upkeep
|turn|25
|c|☆inkbug1|this is a callout for fe alpha 
|c|☆H2OPulse|Do I wall you I think I wall you
|c|☆inkbug1|oh do i
|c|☆H2OPulse|How much am I going to regret this
|c|☆inkbug1|oh thank gd
|c|☆H2OPulse|and pfFF
|
|t:|1609703803
|move|p2a: Deoxys|Knock Off|p1a: Shedinja
|-supereffective|p1a: Shedinja
|-damage|p1a: Shedinja|0 fnt
|-enditem|p1a: Shedinja|Heavy-Duty Boots|[from] move: Knock Off|[of] p2a: Deoxys
|-damage|p2a: Deoxys|186\/206|[from] item: Life Orb
|faint|p1a: Shedinja
|
|upkeep
|c|☆H2OPulse|Okay a lot I see
|
|t:|1609703813
|switch|p1a: Escavalier|Escavalier, L84, F|59\/100
|-damage|p1a: Escavalier|47\/100|[from] Stealth Rock
|turn|26
|c|☆inkbug1|ok i dont think either of the others is completely walled by shed either
|c|☆inkbug1|one has sedge other has toxic
|c|☆H2OPulse|Okay that's a relief :'D
|
|t:|1609703842
|switch|p2a: Seismitoad|Seismitoad, L86, F|321\/321
|move|p1a: Escavalier|Megahorn|p2a: Seismitoad
|-damage|p2a: Seismitoad|135\/321
|
|-heal|p1a: Escavalier|53\/100|[from] item: Leftovers
|upkeep
|turn|27
|c|☆inkbug1|ow
|c|☆H2OPulse|Wow okay Escavalier
|
|t:|1609703862
|move|p2a: Seismitoad|Scald|p1a: Escavalier
|-damage|p1a: Escavalier|15\/100
|-damage|p2a: Seismitoad|103\/321|[from] item: Life Orb
|move|p1a: Escavalier|Megahorn|p2a: Seismitoad
|-damage|p2a: Seismitoad|0 fnt
|faint|p2a: Seismitoad
|
|-heal|p1a: Escavalier|20\/100|[from] item: Leftovers
|upkeep
|c|☆inkbug1|no burn awww
|
|t:|1609703871
|switch|p2a: Sandaconda|Sandaconda, L88, M|270\/270
|turn|28
|l|☆H2OPulse
|player|p1|
|j|☆H2OPulse
|player|p1|H2OPulse|aetherfoundation
|
|t:|1609703950
|move|p2a: Sandaconda|Stone Edge|p1a: Escavalier
|-damage|p1a: Escavalier|0 fnt
|faint|p1a: Escavalier
|
|upkeep
|
|t:|1609703956
|switch|p1a: Audino|Audino, L88, M|100\/100
|-damage|p1a: Audino|88\/100|[from] Stealth Rock
|turn|29
|
|t:|1609703974
|move|p2a: Sandaconda|Earthquake|p1a: Audino
|-damage|p1a: Audino|53\/100
|move|p1a: Audino|Toxic|p2a: Sandaconda
|-status|p2a: Sandaconda|tox
|
|-heal|p1a: Audino|59\/100|[from] item: Leftovers
|-damage|p2a: Sandaconda|254\/270 tox|[from] psn
|upkeep
|turn|30
|
|t:|1609703984
|move|p1a: Audino|Protect|p1a: Audino
|-singleturn|p1a: Audino|Protect
|move|p2a: Sandaconda|Earthquake|p1a: Audino
|-activate|p1a: Audino|move: Protect
|
|-activate|p2a: Sandaconda|ability: Shed Skin
|-curestatus|p2a: Sandaconda|tox|[msg]
|-heal|p2a: Sandaconda|270\/270|[from] item: Leftovers
|-heal|p1a: Audino|65\/100|[from] item: Leftovers
|upkeep
|turn|31
|c|☆H2OPulse|Oh
|c|☆H2OPulse|I see
|c|☆inkbug1|oh i see! 
|c|☆H2OPulse|No Sand Spit huh
|c|☆inkbug1|i . didnt even process that it didnt have sand spit
|c|☆H2OPulse|I thiiink I lose :'D
|c|☆H2OPulse|I mean I think I already did
|
|t:|1609704020
|move|p2a: Sandaconda|Earthquake|p1a: Audino
|-damage|p1a: Audino|28\/100
|move|p1a: Audino|Toxic|p2a: Sandaconda|[miss]
|-miss|p1a: Audino|p2a: Sandaconda
|
|-heal|p1a: Audino|34\/100|[from] item: Leftovers
|upkeep
|turn|32
|
|t:|1609704029
|move|p2a: Sandaconda|Earthquake|p1a: Audino
|-damage|p1a: Audino|0 fnt
|faint|p1a: Audino
|
|upkeep
|
|t:|1609704031
|switch|p1a: Vanilluxe|Vanilluxe, L86, M|100\/100 par
|-weather|Hail|[from] ability: Snow Warning|[of] p1a: Vanilluxe
|turn|33
|
|t:|1609704038
|move|p2a: Sandaconda|Stone Edge|p1a: Vanilluxe
|-supereffective|p1a: Vanilluxe
|-crit|p1a: Vanilluxe
|-damage|p1a: Vanilluxe|11\/100 par
|cant|p1a: Vanilluxe|par
|
|-weather|Hail|[upkeep]
|-damage|p2a: Sandaconda|254\/270|[from] Hail
|-heal|p2a: Sandaconda|270\/270|[from] item: Leftovers
|upkeep
|turn|34
|c|☆H2OPulse|Pff
|c|☆H2OPulse|Good game!!!
|c|☆inkbug1|it lived the crit??? 
|c|☆inkbug1|god damn
|c|☆H2OPulse|YEAH WOW WHAT
|c|☆inkbug1|that wouldve done __nothing__
|
|t:|1609704066
|move|p2a: Sandaconda|Stone Edge|p1a: Vanilluxe|[miss]
|-miss|p2a: Sandaconda|p1a: Vanilluxe
|move|p1a: Vanilluxe|Blizzard|p2a: Sandaconda
|-supereffective|p2a: Sandaconda
|-damage|p2a: Sandaconda|0 fnt
|faint|p2a: Sandaconda
|
|-weather|Hail|[upkeep]
|upkeep
|c|☆inkbug1|MVPPP
|
|t:|1609704074
|switch|p2a: Deoxys|Deoxys-Speed, L78|186\/206
|-ability|p2a: Deoxys|Pressure
|turn|35
|c|☆H2OPulse|PFFFF
|c|☆H2OPulse|:coldsweat:
|c|☆H2OPulse|I mean I die to literally any move but thank you for putting up such a fight Vanilluxe
|
|t:|1609704105
|move|p2a: Deoxys|Superpower|p1a: Vanilluxe
|-supereffective|p1a: Vanilluxe
|-damage|p1a: Vanilluxe|0 fnt
|-unboost|p2a: Deoxys|atk|1
|-unboost|p2a: Deoxys|def|1
|-damage|p2a: Deoxys|166\/206|[from] item: Life Orb
|faint|p1a: Vanilluxe
|
|win|inkbug1
|c|☆H2OPulse|Good game!!!</script>
</div>
<div class="battle-log battle-log-inline"><div class="inner"><div class="battle-options"><div style="padding-top: 3px; padding-right: 3px; text-align: right"><button class="icon button" name="openBattleOptions" title="Options">Battle Options</button></div></div><div class="inner message-log"><div class="chat"><small>☆H2OPulse and ☆inkbug1 joined</small></div><div class=""><small>Format:</small> <br><strong>[Gen 8] M4A Random Battle</strong></div><div class=""><small><em>Dynamax Clause:</em> You cannot dynamax</small></div><div class=""><small><em>Species Clause:</em> Limit one of each Pokémon</small></div><div class=""><small><em>HP Percentage Mod:</em> HP is shown in percentages</small></div><div class=""><small><em>Sleep Clause Mod:</em> Limit one foe put to sleep</small></div><div class=""><small><em>Freeze Clause Mod:</em> Limit one foe frozen</small></div><div class="spacer battle-history"><br></div><div class="battle-history"><small>Your Mega Evolution this match is:</small><br></div><div class="battle-history"><small>(Lycanroc-Dusk-Mega (Rock/Fighting); Ability: Mold Breaker (This Pokemon's moves and their effects ignore the Abilities of other Pokemon.); Stats: 75 HP / 150 Atk / 80 Def / 65 SpA / 75 SpD / 142 Spe)</small><br></div><div class="battle-history"><small>Use the command /dt for more information!</small><br></div><div class="spacer battle-history"><br></div><div class="battle-history">Battle started between H2OPulse and inkbug1!<br></div><div class="spacer battle-history"><br></div><div class="battle-history">H2OPulse sent out <strong>Shedinja</strong>!<br></div><div class="spacer battle-history"><br></div><div class="battle-history">Go! Hoopa (<strong>Hoopa-Unbound</strong>)!<br></div><div class="spacer battle-history"><br></div><h2 class="battle-history">Turn 1</h2><div class="chat"><small> BotwNerd745 joined</small></div><div class="chat chatmessage-inkbug1 mine"><strong style="color:#e46e0f"><small>☆</small><span class="username" data-name="inkbug1">inkbug1</span>:</strong> <em>oh i see</em></div><div class="chat"><small>☆H2OPulse left</small></div><div class="chat"><small>☆H2OPulse joined</small></div><div class="chat chatmessage-h2opulse"><strong style="color:#6e8c2b"><small>☆</small><span class="username" data-name="H2OPulse">H2OPulse</span>:</strong> <em>SORRY HI</em></div><div class="chat chatmessage-inkbug1 mine"><strong style="color:#e46e0f"><small>☆</small><span class="username" data-name="inkbug1">inkbug1</span>:</strong> <em>ur good! </em></div><div class="chat chatmessage-h2opulse"><strong style="color:#6e8c2b"><small>☆</small><span class="username" data-name="H2OPulse">H2OPulse</span>:</strong> <em>Wow this murders my team a lot huh!</em></div><div class="spacer battle-history"><br></div><div class="battle-history">H2OPulse withdrew Shedinja!<br></div><div class="battle-history">H2OPulse sent out <strong>Escavalier</strong>!<br></div><div class="spacer battle-history"><br></div><div class="battle-history">Hoopa used <strong>Dark Pulse</strong>!<br></div><div class="battle-history"><small>(The opposing Escavalier lost 47% of its health!)</small><br></div><div class="spacer battle-history"><br></div><div class="battle-history"><small>The opposing Escavalier restored a little HP using its Leftovers!</small><br></div><div class="spacer battle-history"><br></div><h2 class="battle-history">Turn 2</h2><div class="chat chatmessage-inkbug1 mine"><strong style="color:#e46e0f"><small>☆</small><span class="username" data-name="inkbug1">inkbug1</span>:</strong> <em>sdfsdf</em></div><div class="chat chatmessage-inkbug1 mine"><strong style="color:#e46e0f"><small>☆</small><span class="username" data-name="inkbug1">inkbug1</span>:</strong> <em>park no thats a dumb switch dont do it.</em></div><div class="spacer battle-history"><br></div><div class="battle-history"><small>(Hoopa is being withdrawn...)</small><br></div><div class="spacer battle-history"><br></div><div class="battle-history">The opposing Escavalier used <strong>Pursuit</strong>!<br></div><div class="battle-history"><small>(Hoopa lost <abbr title="−103/265">38.9%</abbr> of its health!)</small><br></div><div class="spacer battle-history"><br></div><div class="battle-history">Hoopa, come back!<br></div><div class="battle-history">Go! <strong>Sandaconda</strong>!<br></div><div class="spacer battle-history"><br></div><div class="battle-history"><small>The opposing Escavalier restored a little HP using its Leftovers!</small><br></div><div class="spacer battle-history"><br></div><h2 class="battle-history">Turn 3</h2><div class="chat chatmessage-inkbug1 mine"><strong style="color:#e46e0f"><small>☆</small><span class="username" data-name="inkbug1">inkbug1</span>:</strong> <em>a</em></div><div class="spacer battle-history"><br></div><div class="battle-history">H2OPulse withdrew Escavalier!<br></div><div class="battle-history">H2OPulse sent out <strong>Eldegoss</strong>!<br></div><div class="spacer battle-history"><br></div><div class="battle-history">Sandaconda used <strong>Stealth Rock</strong>!<br></div><div class="battle-history"><small>Pointed stones float in the air around the opposing team!</small><br></div><div class="spacer battle-history"><br></div><h2 class="battle-history">Turn 4</h2><div class="spacer battle-history"><br></div><div class="battle-history">Sandaconda, come back!<br></div><div class="battle-history">Go! <strong>Hawlucha</strong>!<br></div><div class="battle-history">[Hawlucha's Mold Breaker]<br><small>Hawlucha breaks the mold!</small><br></div><div class="spacer battle-history"><br></div><div class="battle-history">The opposing Eldegoss used <strong>Energy Ball</strong>!<br></div><div class="battle-history"><small>It's not very effective...</small><br></div><div class="battle-history"><small>(Hawlucha lost <abbr title="−63/256">24.6%</abbr> of its health!)</small><br></div><div class="spacer battle-history"><br></div><div class="battle-history"><small>Hawlucha restored a little HP using its Leftovers!</small><br></div><div class="spacer battle-history"><br></div><h2 class="battle-history">Turn 5</h2><div class="spacer battle-history"><br></div><div class="battle-history">Hawlucha used <strong>Substitute</strong>!<br></div><div class="battle-history"><small>Hawlucha put in a substitute!</small><br></div><div class="battle-history"><small>(Hawlucha lost <abbr title="−64/256">25%</abbr> of its health!)</small><br></div><div class="spacer battle-history"><br></div><div class="battle-history">The opposing Eldegoss used <strong>Sleep Powder</strong>!<br></div><div class="battle-history"><small>But it failed!</small><br></div><div class="spacer battle-history"><br></div><div class="battle-history"><small>Hawlucha restored a little HP using its Leftovers!</small><br></div><div class="spacer battle-history"><br></div><h2 class="battle-history">Turn 6</h2><div class="chat chatmessage-inkbug1 mine"><strong style="color:#e46e0f"><small>☆</small><span class="username" data-name="inkbug1">inkbug1</span>:</strong> <em>i didnt realize you got that.</em></div><div class="chat chatmessage-inkbug1 mine"><strong style="color:#e46e0f"><small>☆</small><span class="username" data-name="inkbug1">inkbug1</span>:</strong> <em>i.</em></div><div class="chat chatmessage-h2opulse"><strong style="color:#6e8c2b"><small>☆</small><span class="username" data-name="H2OPulse">H2OPulse</span>:</strong> <em>Good call but rude :c</em></div><div class="chat chatmessage-inkbug1 mine"><strong style="color:#e46e0f"><small>☆</small><span class="username" data-name="inkbug1">inkbug1</span>:</strong> <em>ive used eldegoss for months now.</em></div><div class="spacer battle-history"><br></div><div class="battle-history">Hawlucha used <strong>High Jump Kick</strong>!<br></div><div class="battle-history"><small>(The opposing Eldegoss lost 51% of its health!)</small><br></div><div class="spacer battle-history"><br></div><div class="battle-history">The opposing Eldegoss used <strong>Energy Ball</strong>!<br></div><div class="battle-history"><small>It's not very effective...</small><br></div><div class="battle-history"><small>The substitute took damage for Hawlucha!</small><br></div><div class="spacer battle-history"><br></div><div class="battle-history"><small>Hawlucha restored a little HP using its Leftovers!</small><br></div><div class="battle-history"><small>The opposing Eldegoss restored a little HP using its Leftovers!</small><br></div><div class="spacer battle-history"><br></div><h2 class="battle-history">Turn 7</h2><div class="spacer battle-history"><br></div><div class="battle-history">H2OPulse withdrew Eldegoss!<br></div><div class="battle-history">H2OPulse sent out <strong>Gengar</strong>!<br></div><div class="battle-history"><small>Pointed stones dug into the opposing Gengar!</small><br></div><div class="spacer battle-history"><br></div><div class="battle-history">Hawlucha used <strong>Stone Edge</strong>!<br></div><div class="battle-history"><small>(The opposing Gengar lost 40% of its health!)</small><br></div><div class="spacer battle-history"><br></div><div class="battle-history"><small>Hawlucha restored a little HP using its Leftovers!</small><br></div><div class="spacer battle-history"><br></div><h2 class="battle-history">Turn 8</h2><div class="spacer battle-history"><br></div><div class="battle-history"><small>The opposing Gengar's Gengarite is reacting to the Key Stone!</small><br>The opposing Gengar has Mega Evolved into Mega Gengar!<br></div><div class="chat"><ul class="utilichart"><li class="result"><span class="col pokemonnamecol" style="white-space: nowrap">Gengar-Mega</span> <span class="col typecol"><img src="https://play.pokemonshowdown.com/sprites/types/Ghost.png" alt="Ghost" height="14" width="32"><img src="https://play.pokemonshowdown.com/sprites/types/Poison.png" alt="Poison" height="14" width="32"></span> <span style="float: left ; min-height: 26px"><span class="col abilitycol">Shadow Tag</span><span class="col abilitycol"></span></span><span style="float: left ; min-height: 26px"><span class="col statcol"><em>HP</em><br>60</span> <span class="col statcol"><em>Atk</em><br>65</span> <span class="col statcol"><em>Def</em><br>80</span> <span class="col statcol"><em>SpA</em><br>170</span> <span class="col statcol"><em>SpD</em><br>95</span> <span class="col statcol"><em>Spe</em><br>130</span> </span></li><li style="clear: both"></li></ul></div><div class="spacer battle-history"><br></div><div class="battle-history">The opposing Gengar used <strong>Disable</strong>!<br></div><div class="battle-history"><small>Hawlucha's Stone Edge was disabled!</small><br></div><div class="spacer battle-history"><br></div><div class="battle-history">Hawlucha can't use Stone Edge!<br></div><div class="spacer battle-history"><br></div><div class="battle-history"><small>Hawlucha restored a little HP using its Leftovers!</small><br></div><div class="spacer battle-history"><br></div><h2 class="battle-history">Turn 9</h2><div class="chat chatmessage-inkbug1 mine"><strong style="color:#e46e0f"><small>☆</small><span class="username" data-name="inkbug1">inkbug1</span>:</strong> <em>A </em></div><div class="spacer battle-history"><br></div><div class="battle-history">The opposing Gengar used <strong>Protect</strong>!<br></div><div class="battle-history"><small>The opposing Gengar protected itself!</small><br></div><div class="spacer battle-history"><br></div><div class="battle-history">Hawlucha used <strong>Roost</strong>!<br></div><div class="battle-history"><small>Hawlucha had its HP restored.</small><br></div><div class="battle-history"><small>(Hawlucha loses Flying type this turn.)</small><br></div><div class="spacer battle-history"><br></div><h2 class="battle-history">Turn 10</h2><div class="chat chatmessage-h2opulse"><strong style="color:#6e8c2b"><small>☆</small><span class="username" data-name="H2OPulse">H2OPulse</span>:</strong> <em>Oh hm okay</em></div><div class="spacer battle-history"><br></div><div class="battle-history">The opposing Gengar used <strong>Shadow Ball</strong>!<br></div><div class="battle-history"><small>Hawlucha's substitute faded!</small><br></div><div class="spacer battle-history"><br></div><div class="battle-history">Hawlucha used <strong>Substitute</strong>!<br></div><div class="battle-history"><small>Hawlucha put in a substitute!</small><br></div><div class="battle-history"><small>(Hawlucha lost <abbr title="−64/256">25%</abbr> of its health!)</small><br></div><div class="spacer battle-history"><br></div><div class="battle-history"><small>Hawlucha restored a little HP using its Leftovers!</small><br></div><div class="spacer battle-history"><br></div><h2 class="battle-history">Turn 11</h2><div class="chat"><ul class="utilichart"><li class="result"><span class="col movenamecol"><a href="https://dex.pokemonshowdown.com/moves/disable" target="_blank" rel="noopener">Disable</a></span> <span class="col typecol"><img src="//play.pokemonshowdown.com/sprites/types/Normal.png" alt="Normal" width="32" height="14"><img src="//play.pokemonshowdown.com/sprites/categories/Status.png" alt="Status" width="32" height="14"></span> <span class="col widelabelcol"><em>Accuracy</em><br>100%</span> <span class="col pplabelcol"><em>PP</em><br>32</span> <span class="col movedesccol">For 4 turns, disables the target's last move used.</span> </li><li style="clear: both"></li></ul></div><div class="chat"><font size="1"><font color="#686868">Priority:</font> 0&nbsp;|  <font color="#686868">Gen:</font> 1&nbsp;|  ✓ Bypasses Substitutes&nbsp;|  ✓ Bounceable&nbsp;|  <font color="#686868">Z-Effect:</font> Restores negative stat stages to 0&nbsp;|  <font color="#686868">Target:</font> One Adjacent Pokémon</font></div><div class="spacer battle-history"><br></div><div class="battle-history">The opposing Gengar used <strong>Shadow Ball</strong>!<br></div><div class="battle-history"><small>Hawlucha's substitute faded!</small><br></div><div class="spacer battle-history"><br></div><div class="battle-history">Hawlucha used <strong>Roost</strong>!<br></div><div class="battle-history"><small>Hawlucha had its HP restored.</small><br></div><div class="battle-history"><small>(Hawlucha loses Flying type this turn.)</small><br></div><div class="spacer battle-history"><br></div><div class="battle-history"><small>Hawlucha's move is no longer disabled!</small><br></div><div class="spacer battle-history"><br></div><h2 class="battle-history">Turn 12</h2><div class="spacer battle-history"><br></div><div class="battle-history">The opposing Gengar used <strong>Shadow Ball</strong>!<br></div><div class="battle-history"><small>(Hawlucha lost <abbr title="−151/256">59.0%</abbr> of its health!)</small><br></div><div class="spacer battle-history"><br></div><div class="battle-history">Hawlucha used <strong>Stone Edge</strong>!<br></div><div class="battle-history"><small>(The opposing Gengar lost 36% of its health!)</small><br></div><div class="spacer battle-history"><br></div><div class="battle-history"><small>Hawlucha restored a little HP using its Leftovers!</small><br></div><div class="spacer battle-history"><br></div><h2 class="battle-history">Turn 13</h2><div class="spacer battle-history"><br></div><div class="battle-history">The opposing Gengar used <strong>Shadow Ball</strong>!<br></div><div class="battle-history"><small>(Hawlucha lost <abbr title="−121/256">47.3%</abbr> of its health!)</small><br></div><div class="spacer battle-history"><br></div><div class="battle-history">Hawlucha fainted!<br></div><div class="spacer battle-history"><br></div><div class="battle-history">Go! Lycanroc (<strong>Lycanroc-Dusk</strong>)!<br></div><div class="spacer battle-history"><br></div><h2 class="battle-history">Turn 14</h2><div class="spacer battle-history"><br></div><div class="battle-history"><small>Lycanroc's Lycanite is reacting to the Key Stone!</small><br>Lycanroc has Mega Evolved into Mega Lycanroc!<br></div><div class="battle-history">[Lycanroc's Mold Breaker]<br><small>Lycanroc breaks the mold!</small><br></div><div class="chat"><ul class="utilichart"><li class="result"><span class="col pokemonnamecol" style="white-space: nowrap">Lycanroc-Dusk-Mega</span> <span class="col typecol"><img src="https://play.pokemonshowdown.com/sprites/types/Rock.png" alt="Rock" height="14" width="32"><img src="https://play.pokemonshowdown.com/sprites/types/Fighting.png" alt="Fighting" height="14" width="32"></span> <span style="float: left ; min-height: 26px"><span class="col abilitycol">Mold Breaker</span><span class="col abilitycol"></span></span><span style="float: left ; min-height: 26px"><span class="col statcol"><em>HP</em><br>75</span> <span class="col statcol"><em>Atk</em><br>150</span> <span class="col statcol"><em>Def</em><br>80</span> <span class="col statcol"><em>SpA</em><br>65</span> <span class="col statcol"><em>SpD</em><br>75</span> <span class="col statcol"><em>Spe</em><br>142</span> </span></li><li style="clear: both"></li></ul></div><div class="spacer battle-history"><br></div><div class="battle-history">The opposing Gengar used <strong>Protect</strong>!<br></div><div class="battle-history"><small>The opposing Gengar protected itself!</small><br></div><div class="spacer battle-history"><br></div><div class="battle-history">Lycanroc used <strong>Accelerock</strong>!<br></div><div class="battle-history"><small>The opposing Gengar protected itself!</small><br></div><div class="spacer battle-history"><br></div><h2 class="battle-history">Turn 15</h2><div class="chat chatmessage-inkbug1 mine"><strong style="color:#e46e0f"><small>☆</small><span class="username" data-name="inkbug1">inkbug1</span>:</strong> <em>gonna get more tea 1 sec</em></div><div class="spacer battle-history"><br></div><div class="battle-history">Lycanroc used <strong>Accelerock</strong>!<br></div><div class="battle-history"><small>(The opposing Gengar lost 12% of its health!)</small><br></div><div class="spacer battle-history"><br></div><div class="battle-history">The opposing Gengar fainted!<br></div><div class="spacer battle-history"><br></div><div class="battle-history">H2OPulse sent out <strong>Eldegoss</strong>!<br></div><div class="battle-history"><small>Pointed stones dug into the opposing Eldegoss!</small><br></div><div class="spacer battle-history"><br></div><h2 class="battle-history">Turn 16</h2><div class="chat chatmessage-h2opulse"><strong style="color:#6e8c2b"><small>☆</small><span class="username" data-name="H2OPulse">H2OPulse</span>:</strong> <em>Okay C:</em></div><div class="chat"><small>☆H2OPulse left</small></div><div class="spacer battle-history"><br></div><div class="battle-history">Lycanroc used <strong>Close Combat</strong>!<br></div><div class="battle-history"><small>(The opposing Eldegoss lost 77% of its health!)</small><br></div><div class="battle-history"><small>Lycanroc's Defense fell!</small><br></div><div class="battle-history"><small>Lycanroc's Sp. Def fell!</small><br></div><div class="spacer battle-history"><br></div><div class="battle-history">The opposing Eldegoss fainted!<br></div><div class="chat"><small>☆H2OPulse joined</small></div><div class="chat chatmessage-inkbug1 mine"><strong style="color:#e46e0f"><small>☆</small><span class="username" data-name="inkbug1">inkbug1</span>:</strong> <em>hiiya</em></div><div class="chat chatmessage-h2opulse"><strong style="color:#6e8c2b"><small>☆</small><span class="username" data-name="H2OPulse">H2OPulse</span>:</strong> <em>Aaa sorry hi</em></div><div class="chat chatmessage-inkbug1 mine"><strong style="color:#e46e0f"><small>☆</small><span class="username" data-name="inkbug1">inkbug1</span>:</strong> <em>ur good! </em></div><div class="spacer battle-history"><br></div><div class="battle-history">H2OPulse sent out <strong>Escavalier</strong>!<br></div><div class="battle-history"><small>Pointed stones dug into the opposing Escavalier!</small><br></div><div class="spacer battle-history"><br></div><h2 class="battle-history">Turn 17</h2><div class="chat chatmessage-h2opulse"><strong style="color:#6e8c2b"><small>☆</small><span class="username" data-name="H2OPulse">H2OPulse</span>:</strong> <em>I did not roll the most balanced of teams this time around haha</em></div><div class="chat chatmessage-inkbug1 mine"><strong style="color:#e46e0f"><small>☆</small><span class="username" data-name="inkbug1">inkbug1</span>:</strong> <em>it happens :') </em></div><div class="spacer battle-history"><br></div><div class="battle-history">Lycanroc used <strong>Swords Dance</strong>!<br></div><div class="battle-history"><small>Lycanroc's Attack rose sharply!</small><br></div><div class="spacer battle-history"><br></div><div class="battle-history">The opposing Escavalier used <strong>Iron Head</strong>!<br></div><div class="battle-history"><small>It's super effective!</small><br></div><div class="battle-history"><small>(Lycanroc lost <abbr title="−263/263">100%</abbr> of its health!)</small><br></div><div class="spacer battle-history"><br></div><div class="battle-history">Lycanroc fainted!<br></div><div class="spacer battle-history"><br></div><div class="battle-history"><small>The opposing Escavalier restored a little HP using its Leftovers!</small><br></div><div class="chat chatmessage-h2opulse"><strong style="color:#6e8c2b"><small>☆</small><span class="username" data-name="H2OPulse">H2OPulse</span>:</strong> <em>Yep :'D</em></div><div class="chat chatmessage-h2opulse"><strong style="color:#6e8c2b"><small>☆</small><span class="username" data-name="H2OPulse">H2OPulse</span>:</strong> <em>OH THANK GOODNESS</em></div><div class="chat chatmessage-inkbug1 mine"><strong style="color:#e46e0f"><small>☆</small><span class="username" data-name="inkbug1">inkbug1</span>:</strong> <em>ope</em></div><div class="chat chatmessage-inkbug1 mine"><strong style="color:#e46e0f"><small>☆</small><span class="username" data-name="inkbug1">inkbug1</span>:</strong> <em>okay</em></div><div class="chat chatmessage-inkbug1 mine"><strong style="color:#e46e0f"><small>☆</small><span class="username" data-name="inkbug1">inkbug1</span>:</strong> <em>i uh . i was under the impression tht fighting resisted steel </em></div><div class="chat chatmessage-inkbug1 mine"><strong style="color:#e46e0f"><small>☆</small><span class="username" data-name="inkbug1">inkbug1</span>:</strong> <em>not sure whhhy</em></div><div class="spacer battle-history"><br></div><div class="battle-history">Go! <strong>Sandaconda</strong>!<br></div><div class="spacer battle-history"><br></div><h2 class="battle-history">Turn 18</h2><div class="chat"><small>☆H2OPulse left</small></div><div class="chat"><small>☆H2OPulse joined</small></div><div class="chat chatmessage-h2opulse"><strong style="color:#6e8c2b"><small>☆</small><span class="username" data-name="H2OPulse">H2OPulse</span>:</strong> <em>Mobile Showdooown</em></div><div class="chat chatmessage-botwnerd745"><strong style="color:#9835de"><small> </small><span class="username" data-name="BotwNerd745">BotwNerd745</span>:</strong> <em>i know right</em></div><div class="spacer battle-history"><br></div><div class="battle-history">H2OPulse withdrew Escavalier!<br></div><div class="battle-history">H2OPulse sent out <strong>Vanilluxe</strong>!<br></div><div class="battle-history">[The opposing Vanilluxe's Snow Warning]<br><small>It started to hail!</small><br></div><div class="spacer battle-history"><br></div><div class="battle-history">Sandaconda used <strong>Glare</strong>!<br></div><div class="battle-history"><small>The opposing Vanilluxe is paralyzed! It may be unable to move!</small><br></div><div class="spacer battle-history"><br></div><div class="battle-history"><small>(The hail is crashing down.)</small><br></div><div class="battle-history"><small>Sandaconda is buffeted by the hail!</small><br></div><div class="battle-history"><small>Sandaconda restored a little HP using its Leftovers!</small><br></div><div class="spacer battle-history"><br></div><h2 class="battle-history">Turn 19</h2><div class="chat chatmessage-inkbug1 mine"><strong style="color:#e46e0f"><small>☆</small><span class="username" data-name="inkbug1">inkbug1</span>:</strong> <em>youre good im just chillin :'D </em></div><div class="spacer battle-history"><br></div><div class="battle-history">Sandaconda, come back!<br></div><div class="battle-history">Go! Hoopa (<strong>Hoopa-Unbound</strong>)!<br></div><div class="spacer battle-history"><br></div><div class="battle-history">The opposing Vanilluxe used <strong>Blizzard</strong>!<br></div><div class="battle-history"><small>(Hoopa lost <abbr title="−93/265">35.1%</abbr> of its health!)</small><br></div><div class="battle-history"><small>Hoopa was frozen solid!</small><br></div><div class="spacer battle-history"><br></div><div class="battle-history"><small>(The hail is crashing down.)</small><br></div><div class="battle-history"><small>Hoopa is buffeted by the hail!</small><br></div><div class="spacer battle-history"><br></div><h2 class="battle-history">Turn 20</h2><div class="chat chatmessage-botwnerd745"><strong style="color:#9835de"><small> </small><span class="username" data-name="BotwNerd745">BotwNerd745</span>:</strong> <em>i might start doing tours on a computer </em></div><div class="chat chatmessage-h2opulse"><strong style="color:#6e8c2b"><small>☆</small><span class="username" data-name="H2OPulse">H2OPulse</span>:</strong> <em>OOF</em></div><div class="chat chatmessage-inkbug1 mine"><strong style="color:#e46e0f"><small>☆</small><span class="username" data-name="inkbug1">inkbug1</span>:</strong> <em>oh okay</em></div><div class="chat chatmessage-inkbug1 mine"><strong style="color:#e46e0f"><small>☆</small><span class="username" data-name="inkbug1">inkbug1</span>:</strong> <em>thats fair</em></div><div class="spacer battle-history"><br></div><div class="battle-history">Hoopa is frozen solid!<br></div><div class="spacer battle-history"><br></div><div class="battle-history">The opposing Vanilluxe is paralyzed! It can't move!<br></div><div class="spacer battle-history"><br></div><div class="battle-history"><small>(The hail is crashing down.)</small><br></div><div class="battle-history"><small>Hoopa is buffeted by the hail!</small><br></div><div class="spacer battle-history"><br></div><h2 class="battle-history">Turn 21</h2><div class="chat chatmessage-inkbug1 mine"><strong style="color:#e46e0f"><small>☆</small><span class="username" data-name="inkbug1">inkbug1</span>:</strong> <em>wheeze</em></div><div class="spacer battle-history"><br></div><div class="battle-history">Hoopa is frozen solid!<br></div><div class="spacer battle-history"><br></div><div class="battle-history">The opposing Vanilluxe is paralyzed! It can't move!<br></div><div class="spacer battle-history"><br></div><div class="battle-history"><small>(The hail is crashing down.)</small><br></div><div class="battle-history"><small>Hoopa is buffeted by the hail!</small><br></div><div class="spacer battle-history"><br></div><h2 class="battle-history">Turn 22</h2><div class="chat chatmessage-h2opulse"><strong style="color:#6e8c2b"><small>☆</small><span class="username" data-name="H2OPulse">H2OPulse</span>:</strong> <em>Pff</em></div><div class="chat chatmessage-inkbug1 mine"><strong style="color:#e46e0f"><small>☆</small><span class="username" data-name="inkbug1">inkbug1</span>:</strong> <em>WHEEZE</em></div><div class="spacer battle-history"><br></div><div class="battle-history">Hoopa is frozen solid!<br></div><div class="spacer battle-history"><br></div><div class="battle-history">The opposing Vanilluxe is paralyzed! It can't move!<br></div><div class="spacer battle-history"><br></div><div class="battle-history"><small>The hail stopped.</small><br></div><div class="spacer battle-history"><br></div><h2 class="battle-history">Turn 23</h2><div class="chat chatmessage-h2opulse"><strong style="color:#6e8c2b"><small>☆</small><span class="username" data-name="H2OPulse">H2OPulse</span>:</strong> <em>hOw</em></div><div class="chat chatmessage-inkbug1 mine"><strong style="color:#e46e0f"><small>☆</small><span class="username" data-name="inkbug1">inkbug1</span>:</strong> <em>is this real life</em></div><div class="chat chatmessage-h2opulse"><strong style="color:#6e8c2b"><small>☆</small><span class="username" data-name="H2OPulse">H2OPulse</span>:</strong> <em>*with a capital W oops</em></div><div class="chat chatmessage-h2opulse"><strong style="color:#6e8c2b"><small>☆</small><span class="username" data-name="H2OPulse">H2OPulse</span>:</strong> <em>HOw</em></div><div class="chat chatmessage-h2opulse"><strong style="color:#6e8c2b"><small>☆</small><span class="username" data-name="H2OPulse">H2OPulse</span>:</strong> <em>wow I can't type I'm just gonna leave it.</em></div><div class="spacer battle-history"><br></div><div class="battle-history">Hoopa is frozen solid!<br></div><div class="spacer battle-history"><br></div><div class="battle-history">The opposing Vanilluxe used <strong>Blizzard</strong>!<br></div><div class="battle-history"><small>A critical hit!</small><br></div><div class="battle-history"><small>(Hoopa lost <abbr title="−21/265">7.9%</abbr> of its health!)</small><br></div><div class="spacer battle-history"><br></div><div class="battle-history">Hoopa fainted!<br></div><div class="chat chatmessage-inkbug1 mine"><strong style="color:#e46e0f"><small>☆</small><span class="username" data-name="inkbug1">inkbug1</span>:</strong> <em>we did it we broke the cycle</em></div><div class="chat chatmessage-h2opulse"><strong style="color:#6e8c2b"><small>☆</small><span class="username" data-name="H2OPulse">H2OPulse</span>:</strong> <em><i>finally hits and it's a crit</i></em></div><div class="spacer battle-history"><br></div><div class="battle-history">Go! Deoxys (<strong>Deoxys-Speed</strong>)!<br></div><div class="battle-history">[Deoxys's Pressure]<br><small>Deoxys is exerting its pressure!</small><br></div><div class="spacer battle-history"><br></div><h2 class="battle-history">Turn 24</h2><div class="chat chatmessage-h2opulse"><strong style="color:#6e8c2b"><small>☆</small><span class="username" data-name="H2OPulse">H2OPulse</span>:</strong> <em>Another one! Hi</em></div><div class="spacer battle-history"><br></div><div class="battle-history">H2OPulse withdrew Vanilluxe!<br></div><div class="battle-history">H2OPulse sent out <strong>Shedinja</strong>!<br></div><div class="spacer battle-history"><br></div><div class="battle-history">Deoxys used <strong>Superpower</strong>!<br></div><div class="battle-history">[The opposing Shedinja's Wonder Guard]<br><small>It doesn't affect the opposing Shedinja...</small><br></div><div class="spacer battle-history"><br></div><h2 class="battle-history">Turn 25</h2><div class="chat chatmessage-inkbug1 mine"><strong style="color:#e46e0f"><small>☆</small><span class="username" data-name="inkbug1">inkbug1</span>:</strong> <em>this is a callout for fe alpha </em></div><div class="chat chatmessage-h2opulse"><strong style="color:#6e8c2b"><small>☆</small><span class="username" data-name="H2OPulse">H2OPulse</span>:</strong> <em>Do I wall you I think I wall you</em></div><div class="chat chatmessage-inkbug1 mine"><strong style="color:#e46e0f"><small>☆</small><span class="username" data-name="inkbug1">inkbug1</span>:</strong> <em>oh do i</em></div><div class="chat chatmessage-h2opulse"><strong style="color:#6e8c2b"><small>☆</small><span class="username" data-name="H2OPulse">H2OPulse</span>:</strong> <em>How much am I going to regret this</em></div><div class="chat chatmessage-inkbug1 mine"><strong style="color:#e46e0f"><small>☆</small><span class="username" data-name="inkbug1">inkbug1</span>:</strong> <em>oh thank gd</em></div><div class="chat chatmessage-h2opulse"><strong style="color:#6e8c2b"><small>☆</small><span class="username" data-name="H2OPulse">H2OPulse</span>:</strong> <em>and pfFF</em></div><div class="spacer battle-history"><br></div><div class="battle-history">Deoxys used <strong>Knock Off</strong>!<br></div><div class="battle-history"><small>It's super effective!</small><br></div><div class="battle-history"><small>(The opposing Shedinja lost 100% of its health!)</small><br></div><div class="battle-history"><small>Deoxys knocked off the opposing Shedinja's Heavy-Duty Boots!</small><br></div><div class="battle-history"><small>Deoxys lost some of its HP!</small><br></div><div class="spacer battle-history"><br></div><div class="battle-history">The opposing Shedinja fainted!<br></div><div class="chat chatmessage-h2opulse"><strong style="color:#6e8c2b"><small>☆</small><span class="username" data-name="H2OPulse">H2OPulse</span>:</strong> <em>Okay a lot I see</em></div><div class="spacer battle-history"><br></div><div class="battle-history">H2OPulse sent out <strong>Escavalier</strong>!<br></div><div class="battle-history"><small>Pointed stones dug into the opposing Escavalier!</small><br></div><div class="spacer battle-history"><br></div><h2 class="battle-history">Turn 26</h2><div class="chat chatmessage-inkbug1 mine"><strong style="color:#e46e0f"><small>☆</small><span class="username" data-name="inkbug1">inkbug1</span>:</strong> <em>ok i dont think either of the others is completely walled by shed either</em></div><div class="chat chatmessage-inkbug1 mine"><strong style="color:#e46e0f"><small>☆</small><span class="username" data-name="inkbug1">inkbug1</span>:</strong> <em>one has sedge other has toxic</em></div><div class="chat chatmessage-h2opulse"><strong style="color:#6e8c2b"><small>☆</small><span class="username" data-name="H2OPulse">H2OPulse</span>:</strong> <em>Okay that's a relief :'D</em></div><div class="spacer battle-history"><br></div><div class="battle-history">Deoxys, come back!<br></div><div class="battle-history">Go! <strong>Seismitoad</strong>!<br></div><div class="spacer battle-history"><br></div><div class="battle-history">The opposing Escavalier used <strong>Megahorn</strong>!<br></div><div class="battle-history"><small>(Seismitoad lost <abbr title="−186/321">57.9%</abbr> of its health!)</small><br></div><div class="spacer battle-history"><br></div><div class="battle-history"><small>The opposing Escavalier restored a little HP using its Leftovers!</small><br></div><div class="spacer battle-history"><br></div><h2 class="battle-history">Turn 27</h2><div class="chat chatmessage-inkbug1 mine"><strong style="color:#e46e0f"><small>☆</small><span class="username" data-name="inkbug1">inkbug1</span>:</strong> <em>ow</em></div><div class="chat chatmessage-h2opulse"><strong style="color:#6e8c2b"><small>☆</small><span class="username" data-name="H2OPulse">H2OPulse</span>:</strong> <em>Wow okay Escavalier</em></div><div class="spacer battle-history"><br></div><div class="battle-history">Seismitoad used <strong>Scald</strong>!<br></div><div class="battle-history"><small>(The opposing Escavalier lost 38% of its health!)</small><br></div><div class="battle-history"><small>Seismitoad lost some of its HP!</small><br></div><div class="spacer battle-history"><br></div><div class="battle-history">The opposing Escavalier used <strong>Megahorn</strong>!<br></div><div class="battle-history"><small>(Seismitoad lost <abbr title="−103/321">32.1%</abbr> of its health!)</small><br></div><div class="spacer battle-history"><br></div><div class="battle-history">Seismitoad fainted!<br></div><div class="spacer battle-history"><br></div><div class="battle-history"><small>The opposing Escavalier restored a little HP using its Leftovers!</small><br></div><div class="chat chatmessage-inkbug1 mine"><strong style="color:#e46e0f"><small>☆</small><span class="username" data-name="inkbug1">inkbug1</span>:</strong> <em>no burn awww</em></div><div class="spacer battle-history"><br></div><div class="battle-history">Go! <strong>Sandaconda</strong>!<br></div><div class="spacer battle-history"><br></div><h2 class="battle-history">Turn 28</h2><div class="chat"><small>☆H2OPulse left</small></div><div class="chat"><small>☆H2OPulse joined</small></div><div class="spacer battle-history"><br></div><div class="battle-history">Sandaconda used <strong>Stone Edge</strong>!<br></div><div class="battle-history"><small>(The opposing Escavalier lost 20% of its health!)</small><br></div><div class="spacer battle-history"><br></div><div class="battle-history">The opposing Escavalier fainted!<br></div><div class="spacer battle-history"><br></div><div class="battle-history">H2OPulse sent out <strong>Audino</strong>!<br></div><div class="battle-history"><small>Pointed stones dug into the opposing Audino!</small><br></div><div class="spacer battle-history"><br></div><h2 class="battle-history">Turn 29</h2><div class="spacer battle-history"><br></div><div class="battle-history">Sandaconda used <strong>Earthquake</strong>!<br></div><div class="battle-history"><small>(The opposing Audino lost 35% of its health!)</small><br></div><div class="spacer battle-history"><br></div><div class="battle-history">The opposing Audino used <strong>Toxic</strong>!<br></div><div class="battle-history"><small>Sandaconda was badly poisoned!</small><br></div><div class="spacer battle-history"><br></div><div class="battle-history"><small>The opposing Audino restored a little HP using its Leftovers!</small><br></div><div class="battle-history"><small>Sandaconda was hurt by poison!</small><br></div><div class="spacer battle-history"><br></div><h2 class="battle-history">Turn 30</h2><div class="spacer battle-history"><br></div><div class="battle-history">The opposing Audino used <strong>Protect</strong>!<br></div><div class="battle-history"><small>The opposing Audino protected itself!</small><br></div><div class="spacer battle-history"><br></div><div class="battle-history">Sandaconda used <strong>Earthquake</strong>!<br></div><div class="battle-history"><small>The opposing Audino protected itself!</small><br></div><div class="spacer battle-history"><br></div><div class="battle-history">[Sandaconda's Shed Skin]<br></div><div class="battle-history"><small>Sandaconda was cured of its poisoning!</small><br></div><div class="battle-history"><small>Sandaconda restored a little HP using its Leftovers!</small><br></div><div class="battle-history"><small>The opposing Audino restored a little HP using its Leftovers!</small><br></div><div class="spacer battle-history"><br></div><h2 class="battle-history">Turn 31</h2><div class="chat chatmessage-h2opulse"><strong style="color:#6e8c2b"><small>☆</small><span class="username" data-name="H2OPulse">H2OPulse</span>:</strong> <em>Oh</em></div><div class="chat chatmessage-h2opulse"><strong style="color:#6e8c2b"><small>☆</small><span class="username" data-name="H2OPulse">H2OPulse</span>:</strong> <em>I see</em></div><div class="chat chatmessage-inkbug1 mine"><strong style="color:#e46e0f"><small>☆</small><span class="username" data-name="inkbug1">inkbug1</span>:</strong> <em>oh i see! </em></div><div class="chat chatmessage-h2opulse"><strong style="color:#6e8c2b"><small>☆</small><span class="username" data-name="H2OPulse">H2OPulse</span>:</strong> <em>No Sand Spit huh</em></div><div class="chat chatmessage-inkbug1 mine"><strong style="color:#e46e0f"><small>☆</small><span class="username" data-name="inkbug1">inkbug1</span>:</strong> <em>i . didnt even process that it didnt have sand spit</em></div><div class="chat chatmessage-h2opulse"><strong style="color:#6e8c2b"><small>☆</small><span class="username" data-name="H2OPulse">H2OPulse</span>:</strong> <em>I thiiink I lose :'D</em></div><div class="chat chatmessage-h2opulse"><strong style="color:#6e8c2b"><small>☆</small><span class="username" data-name="H2OPulse">H2OPulse</span>:</strong> <em>I mean I think I already did</em></div><div class="spacer battle-history"><br></div><div class="battle-history">Sandaconda used <strong>Earthquake</strong>!<br></div><div class="battle-history"><small>(The opposing Audino lost 37% of its health!)</small><br></div><div class="spacer battle-history"><br></div><div class="battle-history">The opposing Audino used <strong>Toxic</strong>!<br></div><div class="battle-history"><small>Sandaconda avoided the attack!</small><br></div><div class="spacer battle-history"><br></div><div class="battle-history"><small>The opposing Audino restored a little HP using its Leftovers!</small><br></div><div class="spacer battle-history"><br></div><h2 class="battle-history">Turn 32</h2><div class="spacer battle-history"><br></div><div class="battle-history">Sandaconda used <strong>Earthquake</strong>!<br></div><div class="battle-history"><small>(The opposing Audino lost 34% of its health!)</small><br></div><div class="spacer battle-history"><br></div><div class="battle-history">The opposing Audino fainted!<br></div><div class="spacer battle-history"><br></div><div class="battle-history">H2OPulse sent out <strong>Vanilluxe</strong>!<br></div><div class="battle-history">[The opposing Vanilluxe's Snow Warning]<br><small>It started to hail!</small><br></div><div class="spacer battle-history"><br></div><h2 class="battle-history">Turn 33</h2><div class="spacer battle-history"><br></div><div class="battle-history">Sandaconda used <strong>Stone Edge</strong>!<br></div><div class="battle-history"><small>It's super effective!</small><br></div><div class="battle-history"><small>A critical hit!</small><br></div><div class="battle-history"><small>(The opposing Vanilluxe lost 89% of its health!)</small><br></div><div class="spacer battle-history"><br></div><div class="battle-history">The opposing Vanilluxe is paralyzed! It can't move!<br></div><div class="spacer battle-history"><br></div><div class="battle-history"><small>(The hail is crashing down.)</small><br></div><div class="battle-history"><small>Sandaconda is buffeted by the hail!</small><br></div><div class="battle-history"><small>Sandaconda restored a little HP using its Leftovers!</small><br></div><div class="spacer battle-history"><br></div><h2 class="battle-history">Turn 34</h2><div class="chat chatmessage-h2opulse"><strong style="color:#6e8c2b"><small>☆</small><span class="username" data-name="H2OPulse">H2OPulse</span>:</strong> <em>Pff</em></div><div class="chat chatmessage-h2opulse"><strong style="color:#6e8c2b"><small>☆</small><span class="username" data-name="H2OPulse">H2OPulse</span>:</strong> <em>Good game!!!</em></div><div class="chat chatmessage-inkbug1 mine"><strong style="color:#e46e0f"><small>☆</small><span class="username" data-name="inkbug1">inkbug1</span>:</strong> <em>it lived the crit??? </em></div><div class="chat chatmessage-inkbug1 mine"><strong style="color:#e46e0f"><small>☆</small><span class="username" data-name="inkbug1">inkbug1</span>:</strong> <em>god damn</em></div><div class="chat chatmessage-h2opulse"><strong style="color:#6e8c2b"><small>☆</small><span class="username" data-name="H2OPulse">H2OPulse</span>:</strong> <em>YEAH WOW WHAT</em></div><div class="chat chatmessage-inkbug1 mine"><strong style="color:#e46e0f"><small>☆</small><span class="username" data-name="inkbug1">inkbug1</span>:</strong> <em>that wouldve done <i>nothing</i></em></div><div class="spacer battle-history"><br></div><div class="battle-history">Sandaconda used <strong>Stone Edge</strong>!<br></div><div class="battle-history"><small>The opposing Vanilluxe avoided the attack!</small><br></div><div class="spacer battle-history"><br></div><div class="battle-history">The opposing Vanilluxe used <strong>Blizzard</strong>!<br></div><div class="battle-history"><small>It's super effective!</small><br></div><div class="battle-history"><small>(Sandaconda lost <abbr title="−270/270">100%</abbr> of its health!)</small><br></div><div class="spacer battle-history"><br></div><div class="battle-history">Sandaconda fainted!<br></div><div class="spacer battle-history"><br></div><div class="battle-history"><small>(The hail is crashing down.)</small><br></div><div class="chat chatmessage-inkbug1 mine"><strong style="color:#e46e0f"><small>☆</small><span class="username" data-name="inkbug1">inkbug1</span>:</strong> <em>MVPPP</em></div><div class="spacer battle-history"><br></div><div class="battle-history">Go! Deoxys (<strong>Deoxys-Speed</strong>)!<br></div><div class="battle-history">[Deoxys's Pressure]<br><small>Deoxys is exerting its pressure!</small><br></div><div class="spacer battle-history"><br></div><h2 class="battle-history">Turn 35</h2><div class="chat chatmessage-h2opulse"><strong style="color:#6e8c2b"><small>☆</small><span class="username" data-name="H2OPulse">H2OPulse</span>:</strong> <em>PFFFF</em></div><div class="chat chatmessage-h2opulse"><strong style="color:#6e8c2b"><small>☆</small><span class="username" data-name="H2OPulse">H2OPulse</span>:</strong> <em>:coldsweat:</em></div><div class="chat chatmessage-h2opulse"><strong style="color:#6e8c2b"><small>☆</small><span class="username" data-name="H2OPulse">H2OPulse</span>:</strong> <em>I mean I die to literally any move but thank you for putting up such a fight Vanilluxe</em></div><div class="spacer battle-history"><br></div><div class="battle-history">Deoxys used <strong>Superpower</strong>!<br></div><div class="battle-history"><small>It's super effective!</small><br></div><div class="battle-history"><small>(The opposing Vanilluxe lost 11% of its health!)</small><br></div><div class="battle-history"><small>Deoxys's Attack fell!</small><br></div><div class="battle-history"><small>Deoxys's Defense fell!</small><br></div><div class="battle-history"><small>Deoxys lost some of its HP!</small><br></div><div class="spacer battle-history"><br></div><div class="battle-history">The opposing Vanilluxe fainted!<br></div><div class="spacer battle-history"><br></div><div class="battle-history"><strong>inkbug1</strong> won the battle!<br></div><div class="chat chatmessage-h2opulse"><strong style="color:#6e8c2b"><small>☆</small><span class="username" data-name="H2OPulse">H2OPulse</span>:</strong> <em>Good game!!!</em></div></div><div class="inner-preempt message-log"></div></div></div>
</div>
<script>
let daily = Math.floor(Date.now()/1000/60/60/24);document.write('<script src="https://dragonheaven.herokuapp.com/js/replay-embed.js?version'+daily+'"></'+'script>');
</script>
