<!DOCTYPE html>
<meta charset="utf-8" />
<!-- version 1 -->
<title>[Gen 8] M4A Random Battle replay: inkbug1 vs. H2OPulse</title>
<style>
html,body {font-family:Verdana, sans-serif;font-size:10pt;margin:0;padding:0;}body{padding:12px 0;} .battle-log {font-family:Verdana, sans-serif;font-size:10pt;} .battle-log-inline {border:1px solid #AAAAAA;background:#EEF2F5;color:black;max-width:640px;margin:0 auto 80px;padding-bottom:5px;} .battle-log .inner {padding:4px 8px 0px 8px;} .battle-log .inner-preempt {padding:0 8px 4px 8px;} .battle-log .inner-after {margin-top:0.5em;} .battle-log h2 {margin:0.5em -8px;padding:4px 8px;border:1px solid #AAAAAA;background:#E0E7EA;border-left:0;border-right:0;font-family:Verdana, sans-serif;font-size:13pt;} .battle-log .chat {vertical-align:middle;padding:3px 0 3px 0;font-size:8pt;} .battle-log .chat strong {color:#40576A;} .battle-log .chat em {padding:1px 4px 1px 3px;color:#000000;font-style:normal;} .chat.mine {background:rgba(0,0,0,0.05);margin-left:-8px;margin-right:-8px;padding-left:8px;padding-right:8px;} .spoiler {color:#BBBBBB;background:#BBBBBB;padding:0px 3px;} .spoiler:hover, .spoiler:active, .spoiler-shown {color:#000000;background:#E2E2E2;padding:0px 3px;} .spoiler a {color:#BBBBBB;} .spoiler:hover a, .spoiler:active a, .spoiler-shown a {color:#2288CC;} .chat code, .chat .spoiler:hover code, .chat .spoiler:active code, .chat .spoiler-shown code {border:1px solid #C0C0C0;background:#EEEEEE;color:black;padding:0 2px;} .chat .spoiler code {border:1px solid #CCCCCC;background:#CCCCCC;color:#CCCCCC;} .battle-log .rated {padding:3px 4px;} .battle-log .rated strong {color:white;background:#89A;padding:1px 4px;border-radius:4px;} .spacer {margin-top:0.5em;} .message-announce {background:#6688AA;color:white;padding:1px 4px 2px;} .message-announce a, .broadcast-green a, .broadcast-blue a, .broadcast-red a {color:#DDEEFF;} .broadcast-green {background-color:#559955;color:white;padding:2px 4px;} .broadcast-blue {background-color:#6688AA;color:white;padding:2px 4px;} .infobox {border:1px solid #6688AA;padding:2px 4px;} .infobox-limited {max-height:200px;overflow:auto;overflow-x:hidden;} .broadcast-red {background-color:#AA5544;color:white;padding:2px 4px;} .message-learn-canlearn {font-weight:bold;color:#228822;text-decoration:underline;} .message-learn-cannotlearn {font-weight:bold;color:#CC2222;text-decoration:underline;} .message-effect-weak {font-weight:bold;color:#CC2222;} .message-effect-resist {font-weight:bold;color:#6688AA;} .message-effect-immune {font-weight:bold;color:#666666;} .message-learn-list {margin-top:0;margin-bottom:0;} .message-throttle-notice, .message-error {color:#992222;} .message-overflow, .chat small.message-overflow {font-size:0pt;} .message-overflow::before {font-size:9pt;content:'...';} .subtle {color:#3A4A66;}
</style>
<div class="wrapper replay-wrapper" style="max-width:1180px;margin:0 auto">
<input type="hidden" name="replayid" value="dragonheaven-gen8m4arandombattle-291" />
<div class="battle"></div><div class="battle-log"></div><div class="replay-controls"></div><div class="replay-controls-2"></div>
<h1 style="font-weight:normal;text-align:center"><strong>[Gen 8] M4A Random Battle</strong><br /><a href="http://pokemonshowdown.com/users/inkbug1" class="subtle" target="_blank">inkbug1</a> vs. <a href="http://pokemonshowdown.com/users/h2opulse" class="subtle" target="_blank">H2OPulse</a></h1>
<script type="text/plain" class="battle-log-data">|j|☆inkbug1

|j|☆H2OPulse
|t:|1608420893
|player|p1|inkbug1|burgh|
|player|p2|H2OPulse|aetherfoundation|
|teamsize|p1|6
|teamsize|p2|6
|gametype|singles
|gen|8
|tier|[Gen 8] M4A Random Battle
|rule|Dynamax Clause: You cannot dynamax
|rule|Species Clause: Limit one of each Pokémon
|rule|HP Percentage Mod: HP is shown in percentages
|rule|Sleep Clause Mod: Limit one foe put to sleep
|
|t:|1608420893
|start
|switch|p1a: Nihilego|Nihilego, L82|313\/313
|switch|p2a: Decidueye|Decidueye, L86, F|100\/100
|turn|1
|c|☆H2OPulse|Feaaarrr
|c|☆H2OPulse|Can't wait for Nihilego\/Delibird
|
|t:|1608420938
|move|p1a: Nihilego|Stealth Rock|p2a: Decidueye
|-sidestart|p2: H2OPulse|move: Stealth Rock
|move|p2a: Decidueye|U-turn|p1a: Nihilego
|-resisted|p1a: Nihilego
|-damage|p1a: Nihilego|269\/313
|c|☆inkbug1|god yeah
|
|t:|1608420950
|switch|p2a: Rapidash|Rapidash-Galar, L88, F|100\/100|[from]move: U-turn
|-damage|p2a: Rapidash|88\/100|[from] Stealth Rock
|
|-heal|p2a: Rapidash|94\/100|[from] item: Leftovers
|-heal|p1a: Nihilego|288\/313|[from] item: Black Sludge
|upkeep
|turn|2
|c|☆inkbug1|oh i just actually looked at what i have 
|c|☆inkbug1|pffffff
|
|t:|1608420973
|switch|p1a: Mawile|Mawile, L80, M|211\/211
|-ability|p1a: Mawile|Intimidate|boost
|-unboost|p2a: Rapidash|atk|1
|move|p2a: Rapidash|Zen Headbutt|p1a: Mawile
|-resisted|p1a: Mawile
|-damage|p1a: Mawile|178\/211
|
|-heal|p2a: Rapidash|100\/100|[from] item: Leftovers
|upkeep
|turn|3
|
|t:|1608420984
|switch|p2a: Cinderace|Cinderace, L80, M|100\/100
|-damage|p2a: Cinderace|76\/100|[from] Stealth Rock
|detailschange|p1a: Mawile|Mawile-Mega, L80, M
|-mega|p1a: Mawile|Mawile|Mawilite
|raw|<ul class="utilichart"><li class="result"><span class="col pokemonnamecol" style="white-space: nowrap">Mawile-Mega<\/span> <span class="col typecol"><img src="https:\/\/play.pokemonshowdown.com\/sprites\/types\/Steel.png" alt="Steel" height="14" width="32"><img src="https:\/\/play.pokemonshowdown.com\/sprites\/types\/Fairy.png" alt="Fairy" height="14" width="32"><\/span> <span style="float: left ; min-height: 26px"><span class="col abilitycol">Huge Power<\/span><span class="col abilitycol"><\/span><\/span><span style="float: left ; min-height: 26px"><span class="col statcol"><em>HP<\/em><br>50<\/span> <span class="col statcol"><em>Atk<\/em><br>105<\/span> <span class="col statcol"><em>Def<\/em><br>125<\/span> <span class="col statcol"><em>SpA<\/em><br>55<\/span> <span class="col statcol"><em>SpD<\/em><br>95<\/span> <span class="col statcol"><em>Spe<\/em><br>50<\/span> <\/span><\/li><li style="clear: both"><\/li><\/ul>
|move|p1a: Mawile|Substitute|p1a: Mawile
|-start|p1a: Mawile|Substitute
|-damage|p1a: Mawile|126\/211
|
|upkeep
|turn|4
|
|t:|1608420995
|detailschange|p2a: Cinderace|Cinderace-Mega, L80, M
|-mega|p2a: Cinderace|Cinderace|Cinderite
|raw|<ul class="utilichart"><li class="result"><span class="col pokemonnamecol" style="white-space: nowrap">Cinderace-Mega<\/span> <span class="col typecol"><img src="https:\/\/play.pokemonshowdown.com\/sprites\/types\/Fire.png" alt="Fire" height="14" width="32"><\/span> <span style="float: left ; min-height: 26px"><span class="col abilitycol">Sharp Striker<\/span><span class="col abilitycol"><\/span><\/span><span style="float: left ; min-height: 26px"><span class="col statcol"><em>HP<\/em><br>80<\/span> <span class="col statcol"><em>Atk<\/em><br>126<\/span> <span class="col statcol"><em>Def<\/em><br>95<\/span> <span class="col statcol"><em>SpA<\/em><br>135<\/span> <span class="col statcol"><em>SpD<\/em><br>95<\/span> <span class="col statcol"><em>Spe<\/em><br>99<\/span> <\/span><\/li><li style="clear: both"><\/li><\/ul>
|move|p2a: Cinderace|Pyro Ball|p1a: Mawile
|-supereffective|p1a: Mawile
|-end|p1a: Mawile|Substitute
|move|p1a: Mawile|Swords Dance|p1a: Mawile
|-boost|p1a: Mawile|atk|2
|
|upkeep
|turn|5
|c|☆inkbug1|ive made a mistake
|c|☆H2OPulse|Thfjgjgj
|
|t:|1608421028
|switch|p1a: Dragalge|Dragalge, L84, F|246\/246
|move|p2a: Cinderace|Pyro Ball|p1a: Dragalge
|-resisted|p1a: Dragalge
|-damage|p1a: Dragalge|135\/246
|-status|p1a: Dragalge|brn
|
|-heal|p1a: Dragalge|150\/246 brn|[from] item: Black Sludge
|-damage|p1a: Dragalge|135\/246 brn|[from] brn
|upkeep
|turn|6
|
|t:|1608421044
|move|p2a: Cinderace|Shadow Ball|p1a: Dragalge
|-damage|p1a: Dragalge|60\/246 brn
|move|p1a: Dragalge|Dragon Pulse|p2a: Cinderace
|-damage|p2a: Cinderace|30\/100
|
|-heal|p1a: Dragalge|75\/246 brn|[from] item: Black Sludge
|-damage|p1a: Dragalge|60\/246 brn|[from] brn
|upkeep
|turn|7
|c|☆inkbug1|god this things defenses are so unbalanced its hysterical
|c|☆H2OPulse|Ppffff yea h
|c|☆H2OPulse|Holy heck
|
|t:|1608421086
|move|p2a: Cinderace|Shadow Ball|p1a: Dragalge
|-damage|p1a: Dragalge|0 fnt
|faint|p1a: Dragalge
|
|upkeep
|
|t:|1608421107
|switch|p1a: Zangoose|Zangoose, L88, M|272\/272
|turn|8
|c|☆H2OPulse|(Oh yeah I guess I should've known that the 180 BP STAB on a resist would do more than the 80 BP pseudo-STAB on a neutral hit with or without Dragalge's strong special bias - that was a bit silly of me XP)
|
|t:|1608421156
|move|p1a: Zangoose|Quick Attack|p2a: Cinderace
|-damage|p2a: Cinderace|6\/100
|-damage|p1a: Zangoose|245\/272|[from] item: Life Orb
|move|p2a: Cinderace|Pyro Ball|p1a: Zangoose
|-damage|p1a: Zangoose|0 fnt
|faint|p1a: Zangoose
|
|upkeep
|c|☆inkbug1|fair enough,,,
|
|t:|1608421168
|switch|p1a: Raichu|Raichu-Alola, L88, F|249\/249
|turn|9
|
|t:|1608421176
|move|p1a: Raichu|Surf|p2a: Cinderace
|-supereffective|p2a: Cinderace
|-damage|p2a: Cinderace|0 fnt
|faint|p2a: Cinderace
|
|upkeep
|c|☆inkbug1|youre my only hope
|c|☆inkbug1|oh thank god
|c|☆inkbug1|i forgot mega cinders kinda slow
|
|t:|1608421190
|switch|p2a: Decidueye|Decidueye, L86, F|100\/100
|-damage|p2a: Decidueye|88\/100|[from] Stealth Rock
|turn|10
|
|t:|1608421198
|switch|p1a: Nihilego|Nihilego, L82|288\/313
|move|p2a: Decidueye|U-turn|p1a: Nihilego
|-resisted|p1a: Nihilego
|-damage|p1a: Nihilego|240\/313
|
|t:|1608421202
|switch|p2a: Rapidash|Rapidash-Galar, L88, F|100\/100|[from]move: U-turn
|-damage|p2a: Rapidash|88\/100|[from] Stealth Rock
|
|-heal|p2a: Rapidash|94\/100|[from] item: Leftovers
|-heal|p1a: Nihilego|259\/313|[from] item: Black Sludge
|upkeep
|turn|11
|
|t:|1608421224
|switch|p2a: Liepard|Liepard, L88, F|100\/100
|-damage|p2a: Liepard|88\/100|[from] Stealth Rock
|switch|p1a: Raichu|Raichu-Alola, L88, F|249\/249
|
|-heal|p2a: Liepard|94\/100|[from] item: Leftovers
|upkeep
|turn|12
|c|☆inkbug1|shoulda switched to mawile again a
|
|t:|1608421239
|switch|p1a: Mawile|Mawile-Mega, L80, M|126\/211
|move|p2a: Liepard|Dark Pulse|p1a: Mawile
|-resisted|p1a: Mawile
|-damage|p1a: Mawile|87\/211
|
|-heal|p2a: Liepard|100\/100|[from] item: Leftovers
|upkeep
|turn|13
|
|t:|1608421248
|move|p2a: Liepard|U-turn|p1a: Mawile
|-resisted|p1a: Mawile
|-damage|p1a: Mawile|77\/211
|
|t:|1608421272
|switch|p2a: Decidueye|Decidueye, L86, F|88\/100|[from]move: U-turn
|-damage|p2a: Decidueye|76\/100|[from] Stealth Rock
|move|p1a: Mawile|Play Rough|p2a: Decidueye
|-damage|p2a: Decidueye|5\/100
|
|-heal|p2a: Decidueye|11\/100|[from] item: Leftovers
|upkeep
|turn|14
|
|t:|1608421308
|move|p2a: Decidueye|Leaf Blade|p1a: Mawile
|-resisted|p1a: Mawile
|-damage|p1a: Mawile|14\/211
|move|p1a: Mawile|Play Rough|p2a: Decidueye
|-crit|p2a: Decidueye
|-damage|p2a: Decidueye|0 fnt
|faint|p2a: Decidueye
|
|upkeep
|
|t:|1608421328
|switch|p2a: Sylveon|Sylveon, L84, F|100\/100
|-damage|p2a: Sylveon|88\/100|[from] Stealth Rock
|turn|15
|
|t:|1608421337
|switch|p1a: Nihilego|Nihilego, L82|259\/313
|move|p2a: Sylveon|Hyper Voice|p1a: Nihilego
|-resisted|p1a: Nihilego
|-damage|p1a: Nihilego|213\/313
|
|-heal|p1a: Nihilego|232\/313|[from] item: Black Sludge
|-heal|p2a: Sylveon|94\/100|[from] item: Leftovers
|upkeep
|turn|16
|
|t:|1608421349
|switch|p2a: Rapidash|Rapidash-Galar, L88, F|94\/100
|-damage|p2a: Rapidash|82\/100|[from] Stealth Rock
|move|p1a: Nihilego|Sludge Wave|p2a: Rapidash
|-supereffective|p2a: Rapidash
|-damage|p2a: Rapidash|0 fnt
|faint|p2a: Rapidash
|-ability|p1a: Nihilego|Beast Boost|boost
|-boost|p1a: Nihilego|spd|1
|
|-heal|p1a: Nihilego|251\/313|[from] item: Black Sludge
|upkeep
|c|☆H2OPulse|Oh okay
|
|t:|1608421371
|switch|p2a: Polteageist|Polteageist, L84|100\/100
|-damage|p2a: Polteageist|88\/100|[from] Stealth Rock
|turn|17
|
|t:|1608421378
|move|p1a: Nihilego|Sludge Wave|p2a: Polteageist
|-resisted|p2a: Polteageist
|-damage|p2a: Polteageist|69\/100
|move|p2a: Polteageist|Shell Smash|p2a: Polteageist
|-unboost|p2a: Polteageist|def|1
|-unboost|p2a: Polteageist|spd|1
|-boost|p2a: Polteageist|atk|2
|-boost|p2a: Polteageist|spa|2
|-boost|p2a: Polteageist|spe|2
|-enditem|p2a: Polteageist|White Herb
|-clearnegativeboost|p2a: Polteageist|[silent]
|
|-heal|p1a: Nihilego|270\/313|[from] item: Black Sludge
|upkeep
|turn|18
|c|☆inkbug1|i forget abt that resist very frequently :') 
|
|t:|1608421391
|move|p2a: Polteageist|Stored Power|p1a: Nihilego
|-supereffective|p1a: Nihilego
|-damage|p1a: Nihilego|0 fnt
|faint|p1a: Nihilego
|
|upkeep
|
|t:|1608421396
|switch|p1a: Raichu|Raichu-Alola, L88, F|249\/249
|turn|19
|c|☆H2OPulse|Fa i r
|c|☆inkbug1|wait tht was dumb
|
|t:|1608421405
|move|p2a: Polteageist|Shadow Ball|p1a: Raichu
|-supereffective|p1a: Raichu
|-damage|p1a: Raichu|0 fnt
|faint|p1a: Raichu
|
|upkeep
|c|☆inkbug1|yeah
|c|☆inkbug1|gg
|
|t:|1608421411
|switch|p1a: Mawile|Mawile-Mega, L80, M|14\/211
|turn|20
|c|☆H2OPulse|Good game!!!
|c|☆H2OPulse|I'm curious is its last move Iron Head or
|c|☆inkbug1|yeah
|c|☆H2OPulse|I have been afraid of Sucker Punch this whole time I can't tell,,
|c|☆inkbug1|sub+ sd + dual stabs
|c|☆H2OPulse|Fair oka y
|
|t:|1608421441
|move|p2a: Polteageist|Giga Drain|p1a: Mawile
|-resisted|p1a: Mawile
|-damage|p1a: Mawile|0 fnt
|-heal|p2a: Polteageist|72\/100|[from] drain|[of] p1a: Mawile
|faint|p1a: Mawile
|
|upkeep
|c|☆inkbug1|oh if i had sucker i wouldve used it :'D 
|
|t:|1608421452
|switch|p1a: Palossand|Palossand, L86, F|286\/286
|turn|21
|
|t:|1608421455
|move|p2a: Polteageist|Shadow Ball|p1a: Palossand
|-supereffective|p1a: Palossand
|-crit|p1a: Palossand
|-damage|p1a: Palossand|0 fnt
|faint|p1a: Palossand
|
|win|H2OPulse
|c|☆inkbug1|gg!</script>
</div>
<div class="battle-log battle-log-inline"><div class="inner"><div class="battle-options"><div style="padding-top: 3px; padding-right: 3px; text-align: right"><button class="icon button" name="openBattleOptions" title="Options">Battle Options</button></div></div><div class="inner message-log"><div class="chat"><small>☆inkbug1 and ☆H2OPulse joined</small></div><div class=""><small>Format:</small> <br><strong>[Gen 8] M4A Random Battle</strong></div><div class=""><small><em>Dynamax Clause:</em> You cannot dynamax</small></div><div class=""><small><em>Species Clause:</em> Limit one of each Pokémon</small></div><div class=""><small><em>HP Percentage Mod:</em> HP is shown in percentages</small></div><div class=""><small><em>Sleep Clause Mod:</em> Limit one foe put to sleep</small></div><div class="spacer battle-history"><br></div><div class="battle-history">Battle started between inkbug1 and H2OPulse!<br></div><div class="spacer battle-history"><br></div><div class="battle-history">Go! <strong>Nihilego</strong>!<br></div><div class="spacer battle-history"><br></div><div class="battle-history">H2OPulse sent out <strong>Decidueye</strong>!<br></div><div class="spacer battle-history"><br></div><h2 class="battle-history">Turn 1</h2><div class="chat chatmessage-h2opulse"><strong style="color:#6e8c2b"><small>☆</small><span class="username" data-name="H2OPulse">H2OPulse</span>:</strong> <em>Feaaarrr</em></div><div class="chat chatmessage-h2opulse"><strong style="color:#6e8c2b"><small>☆</small><span class="username" data-name="H2OPulse">H2OPulse</span>:</strong> <em>Can't wait for Nihilego/Delibird</em></div><div class="spacer battle-history"><br></div><div class="battle-history">Nihilego used <strong>Stealth Rock</strong>!<br></div><div class="battle-history"><small>Pointed stones float in the air around the opposing team!</small><br></div><div class="spacer battle-history"><br></div><div class="battle-history">The opposing Decidueye used <strong>U-turn</strong>!<br></div><div class="battle-history"><small>It's not very effective...</small><br></div><div class="battle-history"><small>(Nihilego lost <abbr title="−44/313">14.1%</abbr> of its health!)</small><br></div><div class="chat chatmessage-inkbug1 mine"><strong style="color:#e46e0f"><small>☆</small><span class="username" data-name="inkbug1">inkbug1</span>:</strong> <em>god yeah</em></div><div class="spacer battle-history"><br></div><div class="battle-history">The opposing Decidueye went back to H2OPulse!<br></div><div class="battle-history">H2OPulse sent out Rapidash (<strong>Rapidash-Galar</strong>)!<br></div><div class="battle-history"><small>Pointed stones dug into the opposing Rapidash!</small><br></div><div class="spacer battle-history"><br></div><div class="battle-history"><small>The opposing Rapidash restored a little HP using its Leftovers!</small><br></div><div class="battle-history"><small>Nihilego restored a little HP using its Black Sludge!</small><br></div><div class="spacer battle-history"><br></div><h2 class="battle-history">Turn 2</h2><div class="chat chatmessage-inkbug1 mine"><strong style="color:#e46e0f"><small>☆</small><span class="username" data-name="inkbug1">inkbug1</span>:</strong> <em>oh i just actually looked at what i have </em></div><div class="chat chatmessage-inkbug1 mine"><strong style="color:#e46e0f"><small>☆</small><span class="username" data-name="inkbug1">inkbug1</span>:</strong> <em>pffffff</em></div><div class="spacer battle-history"><br></div><div class="battle-history">Nihilego, come back!<br></div><div class="battle-history">Go! <strong>Mawile</strong>!<br></div><div class="battle-history">[Mawile's Intimidate]<br></div><div class="battle-history"><small>The opposing Rapidash's Attack fell!</small><br></div><div class="spacer battle-history"><br></div><div class="battle-history">The opposing Rapidash used <strong>Zen Headbutt</strong>!<br></div><div class="battle-history"><small>It's not very effective...</small><br></div><div class="battle-history"><small>(Mawile lost <abbr title="−33/211">15.6%</abbr> of its health!)</small><br></div><div class="spacer battle-history"><br></div><div class="battle-history"><small>The opposing Rapidash restored a little HP using its Leftovers!</small><br></div><div class="spacer battle-history"><br></div><h2 class="battle-history">Turn 3</h2><div class="spacer battle-history"><br></div><div class="battle-history">H2OPulse withdrew Rapidash!<br></div><div class="battle-history">H2OPulse sent out <strong>Cinderace</strong>!<br></div><div class="battle-history"><small>Pointed stones dug into the opposing Cinderace!</small><br></div><div class="spacer battle-history"><br></div><div class="battle-history"><small>Mawile's Mawilite is reacting to the Key Stone!</small><br>Mawile has Mega Evolved into Mega Mawile!<br></div><div class="chat"><ul class="utilichart"><li class="result"><span class="col pokemonnamecol" style="white-space: nowrap">Mawile-Mega</span> <span class="col typecol"><img src="https://play.pokemonshowdown.com/sprites/types/Steel.png" alt="Steel" height="14" width="32"><img src="https://play.pokemonshowdown.com/sprites/types/Fairy.png" alt="Fairy" height="14" width="32"></span> <span style="float: left ; min-height: 26px"><span class="col abilitycol">Huge Power</span><span class="col abilitycol"></span></span><span style="float: left ; min-height: 26px"><span class="col statcol"><em>HP</em><br>50</span> <span class="col statcol"><em>Atk</em><br>105</span> <span class="col statcol"><em>Def</em><br>125</span> <span class="col statcol"><em>SpA</em><br>55</span> <span class="col statcol"><em>SpD</em><br>95</span> <span class="col statcol"><em>Spe</em><br>50</span> </span></li><li style="clear: both"></li></ul></div><div class="spacer battle-history"><br></div><div class="battle-history">Mawile used <strong>Substitute</strong>!<br></div><div class="battle-history"><small>Mawile put in a substitute!</small><br></div><div class="battle-history"><small>(Mawile lost <abbr title="−52/211">24.6%</abbr> of its health!)</small><br></div><div class="spacer battle-history"><br></div><h2 class="battle-history">Turn 4</h2><div class="spacer battle-history"><br></div><div class="battle-history"><small>The opposing Cinderace's Cinderite is reacting to the Key Stone!</small><br>The opposing Cinderace has Mega Evolved into Mega Cinderace!<br></div><div class="chat"><ul class="utilichart"><li class="result"><span class="col pokemonnamecol" style="white-space: nowrap">Cinderace-Mega</span> <span class="col typecol"><img src="https://play.pokemonshowdown.com/sprites/types/Fire.png" alt="Fire" height="14" width="32"></span> <span style="float: left ; min-height: 26px"><span class="col abilitycol">Sharp Striker</span><span class="col abilitycol"></span></span><span style="float: left ; min-height: 26px"><span class="col statcol"><em>HP</em><br>80</span> <span class="col statcol"><em>Atk</em><br>126</span> <span class="col statcol"><em>Def</em><br>95</span> <span class="col statcol"><em>SpA</em><br>135</span> <span class="col statcol"><em>SpD</em><br>95</span> <span class="col statcol"><em>Spe</em><br>99</span> </span></li><li style="clear: both"></li></ul></div><div class="spacer battle-history"><br></div><div class="battle-history">The opposing Cinderace used <strong>Pyro Ball</strong>!<br></div><div class="battle-history"><small>It's super effective!</small><br></div><div class="battle-history"><small>Mawile's substitute faded!</small><br></div><div class="spacer battle-history"><br></div><div class="battle-history">Mawile used <strong>Swords Dance</strong>!<br></div><div class="battle-history"><small>Mawile's Attack rose sharply!</small><br></div><div class="spacer battle-history"><br></div><h2 class="battle-history">Turn 5</h2><div class="chat chatmessage-inkbug1 mine"><strong style="color:#e46e0f"><small>☆</small><span class="username" data-name="inkbug1">inkbug1</span>:</strong> <em>ive made a mistake</em></div><div class="chat chatmessage-h2opulse"><strong style="color:#6e8c2b"><small>☆</small><span class="username" data-name="H2OPulse">H2OPulse</span>:</strong> <em>Thfjgjgj</em></div><div class="spacer battle-history"><br></div><div class="battle-history">Mawile, come back!<br></div><div class="battle-history">Go! <strong>Dragalge</strong>!<br></div><div class="spacer battle-history"><br></div><div class="battle-history">The opposing Cinderace used <strong>Pyro Ball</strong>!<br></div><div class="battle-history"><small>It's not very effective...</small><br></div><div class="battle-history"><small>(Dragalge lost <abbr title="−111/246">45.1%</abbr> of its health!)</small><br></div><div class="battle-history"><small>Dragalge was burned!</small><br></div><div class="spacer battle-history"><br></div><div class="battle-history"><small>Dragalge restored a little HP using its Black Sludge!</small><br></div><div class="battle-history"><small>Dragalge was hurt by its burn!</small><br></div><div class="spacer battle-history"><br></div><h2 class="battle-history">Turn 6</h2><div class="spacer battle-history"><br></div><div class="battle-history">The opposing Cinderace used <strong>Shadow Ball</strong>!<br></div><div class="battle-history"><small>(Dragalge lost <abbr title="−75/246">30.5%</abbr> of its health!)</small><br></div><div class="spacer battle-history"><br></div><div class="battle-history">Dragalge used <strong>Dragon Pulse</strong>!<br></div><div class="battle-history"><small>(The opposing Cinderace lost 46% of its health!)</small><br></div><div class="spacer battle-history"><br></div><div class="battle-history"><small>Dragalge restored a little HP using its Black Sludge!</small><br></div><div class="battle-history"><small>Dragalge was hurt by its burn!</small><br></div><div class="spacer battle-history"><br></div><h2 class="battle-history">Turn 7</h2><div class="chat chatmessage-inkbug1 mine"><strong style="color:#e46e0f"><small>☆</small><span class="username" data-name="inkbug1">inkbug1</span>:</strong> <em>god this things defenses are so unbalanced its hysterical</em></div><div class="chat chatmessage-h2opulse"><strong style="color:#6e8c2b"><small>☆</small><span class="username" data-name="H2OPulse">H2OPulse</span>:</strong> <em>Ppffff yea h</em></div><div class="chat chatmessage-h2opulse"><strong style="color:#6e8c2b"><small>☆</small><span class="username" data-name="H2OPulse">H2OPulse</span>:</strong> <em>Holy heck</em></div><div class="spacer battle-history"><br></div><div class="battle-history">The opposing Cinderace used <strong>Shadow Ball</strong>!<br></div><div class="battle-history"><small>(Dragalge lost <abbr title="−60/246">24.4%</abbr> of its health!)</small><br></div><div class="spacer battle-history"><br></div><div class="battle-history">Dragalge fainted!<br></div><div class="spacer battle-history"><br></div><div class="battle-history">Go! <strong>Zangoose</strong>!<br></div><div class="spacer battle-history"><br></div><h2 class="battle-history">Turn 8</h2><div class="chat chatmessage-h2opulse"><strong style="color:#6e8c2b"><small>☆</small><span class="username" data-name="H2OPulse">H2OPulse</span>:</strong> <em>(Oh yeah I guess I should've known that the 180 BP STAB on a resist would do more than the 80 BP pseudo-STAB on a neutral hit with or without Dragalge's strong special bias - that was a bit silly of me XP)</em></div><div class="spacer battle-history"><br></div><div class="battle-history">Zangoose used <strong>Quick Attack</strong>!<br></div><div class="battle-history"><small>(The opposing Cinderace lost 24% of its health!)</small><br></div><div class="battle-history"><small>Zangoose lost some of its HP!</small><br></div><div class="spacer battle-history"><br></div><div class="battle-history">The opposing Cinderace used <strong>Pyro Ball</strong>!<br></div><div class="battle-history"><small>(Zangoose lost <abbr title="−245/272">90.1%</abbr> of its health!)</small><br></div><div class="spacer battle-history"><br></div><div class="battle-history">Zangoose fainted!<br></div><div class="chat chatmessage-inkbug1 mine"><strong style="color:#e46e0f"><small>☆</small><span class="username" data-name="inkbug1">inkbug1</span>:</strong> <em>fair enough,,,</em></div><div class="spacer battle-history"><br></div><div class="battle-history">Go! Raichu (<strong>Raichu-Alola</strong>)!<br></div><div class="spacer battle-history"><br></div><h2 class="battle-history">Turn 9</h2><div class="spacer battle-history"><br></div><div class="battle-history">Raichu used <strong>Surf</strong>!<br></div><div class="battle-history"><small>It's super effective!</small><br></div><div class="battle-history"><small>(The opposing Cinderace lost 6% of its health!)</small><br></div><div class="spacer battle-history"><br></div><div class="battle-history">The opposing Cinderace fainted!<br></div><div class="chat chatmessage-inkbug1 mine"><strong style="color:#e46e0f"><small>☆</small><span class="username" data-name="inkbug1">inkbug1</span>:</strong> <em>youre my only hope</em></div><div class="chat chatmessage-inkbug1 mine"><strong style="color:#e46e0f"><small>☆</small><span class="username" data-name="inkbug1">inkbug1</span>:</strong> <em>oh thank god</em></div><div class="chat chatmessage-inkbug1 mine"><strong style="color:#e46e0f"><small>☆</small><span class="username" data-name="inkbug1">inkbug1</span>:</strong> <em>i forgot mega cinders kinda slow</em></div><div class="spacer battle-history"><br></div><div class="battle-history">H2OPulse sent out <strong>Decidueye</strong>!<br></div><div class="battle-history"><small>Pointed stones dug into the opposing Decidueye!</small><br></div><div class="spacer battle-history"><br></div><h2 class="battle-history">Turn 10</h2><div class="spacer battle-history"><br></div><div class="battle-history">Raichu, come back!<br></div><div class="battle-history">Go! <strong>Nihilego</strong>!<br></div><div class="spacer battle-history"><br></div><div class="battle-history">The opposing Decidueye used <strong>U-turn</strong>!<br></div><div class="battle-history"><small>It's not very effective...</small><br></div><div class="battle-history"><small>(Nihilego lost <abbr title="−48/313">15.3%</abbr> of its health!)</small><br></div><div class="spacer battle-history"><br></div><div class="battle-history">The opposing Decidueye went back to H2OPulse!<br></div><div class="battle-history">H2OPulse sent out Rapidash (<strong>Rapidash-Galar</strong>)!<br></div><div class="battle-history"><small>Pointed stones dug into the opposing Rapidash!</small><br></div><div class="spacer battle-history"><br></div><div class="battle-history"><small>The opposing Rapidash restored a little HP using its Leftovers!</small><br></div><div class="battle-history"><small>Nihilego restored a little HP using its Black Sludge!</small><br></div><div class="spacer battle-history"><br></div><h2 class="battle-history">Turn 11</h2><div class="spacer battle-history"><br></div><div class="battle-history">H2OPulse withdrew Rapidash!<br></div><div class="battle-history">H2OPulse sent out <strong>Liepard</strong>!<br></div><div class="battle-history"><small>Pointed stones dug into the opposing Liepard!</small><br></div><div class="spacer battle-history"><br></div><div class="battle-history">Nihilego, come back!<br></div><div class="battle-history">Go! Raichu (<strong>Raichu-Alola</strong>)!<br></div><div class="spacer battle-history"><br></div><div class="battle-history"><small>The opposing Liepard restored a little HP using its Leftovers!</small><br></div><div class="spacer battle-history"><br></div><h2 class="battle-history">Turn 12</h2><div class="chat chatmessage-inkbug1 mine"><strong style="color:#e46e0f"><small>☆</small><span class="username" data-name="inkbug1">inkbug1</span>:</strong> <em>shoulda switched to mawile again a</em></div><div class="spacer battle-history"><br></div><div class="battle-history">Raichu, come back!<br></div><div class="battle-history">Go! Mawile (<strong>Mawile-Mega</strong>)!<br></div><div class="spacer battle-history"><br></div><div class="battle-history">The opposing Liepard used <strong>Dark Pulse</strong>!<br></div><div class="battle-history"><small>It's not very effective...</small><br></div><div class="battle-history"><small>(Mawile lost <abbr title="−39/211">18.5%</abbr> of its health!)</small><br></div><div class="spacer battle-history"><br></div><div class="battle-history"><small>The opposing Liepard restored a little HP using its Leftovers!</small><br></div><div class="spacer battle-history"><br></div><h2 class="battle-history">Turn 13</h2><div class="spacer battle-history"><br></div><div class="battle-history">The opposing Liepard used <strong>U-turn</strong>!<br></div><div class="battle-history"><small>It's not very effective...</small><br></div><div class="battle-history"><small>(Mawile lost <abbr title="−10/211">4.7%</abbr> of its health!)</small><br></div><div class="spacer battle-history"><br></div><div class="battle-history">The opposing Liepard went back to H2OPulse!<br></div><div class="battle-history">H2OPulse sent out <strong>Decidueye</strong>!<br></div><div class="battle-history"><small>Pointed stones dug into the opposing Decidueye!</small><br></div><div class="spacer battle-history"><br></div><div class="battle-history">Mawile used <strong>Play Rough</strong>!<br></div><div class="battle-history"><small>(The opposing Decidueye lost 71% of its health!)</small><br></div><div class="spacer battle-history"><br></div><div class="battle-history"><small>The opposing Decidueye restored a little HP using its Leftovers!</small><br></div><div class="spacer battle-history"><br></div><h2 class="battle-history">Turn 14</h2><div class="spacer battle-history"><br></div><div class="battle-history">The opposing Decidueye used <strong>Leaf Blade</strong>!<br></div><div class="battle-history"><small>It's not very effective...</small><br></div><div class="battle-history"><small>(Mawile lost <abbr title="−63/211">29.9%</abbr> of its health!)</small><br></div><div class="spacer battle-history"><br></div><div class="battle-history">Mawile used <strong>Play Rough</strong>!<br></div><div class="battle-history"><small>A critical hit!</small><br></div><div class="battle-history"><small>(The opposing Decidueye lost 11% of its health!)</small><br></div><div class="spacer battle-history"><br></div><div class="battle-history">The opposing Decidueye fainted!<br></div><div class="spacer battle-history"><br></div><div class="battle-history">H2OPulse sent out <strong>Sylveon</strong>!<br></div><div class="battle-history"><small>Pointed stones dug into the opposing Sylveon!</small><br></div><div class="spacer battle-history"><br></div><h2 class="battle-history">Turn 15</h2><div class="spacer battle-history"><br></div><div class="battle-history">Mawile, come back!<br></div><div class="battle-history">Go! <strong>Nihilego</strong>!<br></div><div class="spacer battle-history"><br></div><div class="battle-history">The opposing Sylveon used <strong>Hyper Voice</strong>!<br></div><div class="battle-history"><small>It's not very effective...</small><br></div><div class="battle-history"><small>(Nihilego lost <abbr title="−46/313">14.7%</abbr> of its health!)</small><br></div><div class="spacer battle-history"><br></div><div class="battle-history"><small>Nihilego restored a little HP using its Black Sludge!</small><br></div><div class="battle-history"><small>The opposing Sylveon restored a little HP using its Leftovers!</small><br></div><div class="spacer battle-history"><br></div><h2 class="battle-history">Turn 16</h2><div class="spacer battle-history"><br></div><div class="battle-history">H2OPulse withdrew Sylveon!<br></div><div class="battle-history">H2OPulse sent out Rapidash (<strong>Rapidash-Galar</strong>)!<br></div><div class="battle-history"><small>Pointed stones dug into the opposing Rapidash!</small><br></div><div class="spacer battle-history"><br></div><div class="battle-history">Nihilego used <strong>Sludge Wave</strong>!<br></div><div class="battle-history"><small>It's super effective!</small><br></div><div class="battle-history"><small>(The opposing Rapidash lost 82% of its health!)</small><br></div><div class="spacer battle-history"><br></div><div class="battle-history">The opposing Rapidash fainted!<br></div><div class="battle-history">[Nihilego's Beast Boost]<br></div><div class="battle-history"><small>Nihilego's Sp. Def rose!</small><br></div><div class="spacer battle-history"><br></div><div class="battle-history"><small>Nihilego restored a little HP using its Black Sludge!</small><br></div><div class="chat chatmessage-h2opulse"><strong style="color:#6e8c2b"><small>☆</small><span class="username" data-name="H2OPulse">H2OPulse</span>:</strong> <em>Oh okay</em></div><div class="spacer battle-history"><br></div><div class="battle-history">H2OPulse sent out <strong>Polteageist</strong>!<br></div><div class="battle-history"><small>Pointed stones dug into the opposing Polteageist!</small><br></div><div class="spacer battle-history"><br></div><h2 class="battle-history">Turn 17</h2><div class="spacer battle-history"><br></div><div class="battle-history">Nihilego used <strong>Sludge Wave</strong>!<br></div><div class="battle-history"><small>It's not very effective...</small><br></div><div class="battle-history"><small>(The opposing Polteageist lost 19% of its health!)</small><br></div><div class="spacer battle-history"><br></div><div class="battle-history">The opposing Polteageist used <strong>Shell Smash</strong>!<br></div><div class="battle-history"><small>The opposing Polteageist's Defense fell!</small><br></div><div class="battle-history"><small>The opposing Polteageist's Sp. Def fell!</small><br></div><div class="battle-history"><small>The opposing Polteageist's Attack rose sharply!</small><br></div><div class="battle-history"><small>The opposing Polteageist's Sp. Atk rose sharply!</small><br></div><div class="battle-history"><small>The opposing Polteageist's Speed rose sharply!</small><br></div><div class="battle-history"><small>The opposing Polteageist returned its stats to normal using its White Herb!</small><br></div><div class="spacer battle-history"><br></div><div class="battle-history"><small>Nihilego restored a little HP using its Black Sludge!</small><br></div><div class="spacer battle-history"><br></div><h2 class="battle-history">Turn 18</h2><div class="chat chatmessage-inkbug1 mine"><strong style="color:#e46e0f"><small>☆</small><span class="username" data-name="inkbug1">inkbug1</span>:</strong> <em>i forget abt that resist very frequently :') </em></div><div class="spacer battle-history"><br></div><div class="battle-history">The opposing Polteageist used <strong>Stored Power</strong>!<br></div><div class="battle-history"><small>It's super effective!</small><br></div><div class="battle-history"><small>(Nihilego lost <abbr title="−270/313">86.3%</abbr> of its health!)</small><br></div><div class="spacer battle-history"><br></div><div class="battle-history">Nihilego fainted!<br></div><div class="spacer battle-history"><br></div><div class="battle-history">Go! Raichu (<strong>Raichu-Alola</strong>)!<br></div><div class="spacer battle-history"><br></div><h2 class="battle-history">Turn 19</h2><div class="chat chatmessage-h2opulse"><strong style="color:#6e8c2b"><small>☆</small><span class="username" data-name="H2OPulse">H2OPulse</span>:</strong> <em>Fa i r</em></div><div class="chat chatmessage-inkbug1 mine"><strong style="color:#e46e0f"><small>☆</small><span class="username" data-name="inkbug1">inkbug1</span>:</strong> <em>wait tht was dumb</em></div><div class="spacer battle-history"><br></div><div class="battle-history">The opposing Polteageist used <strong>Shadow Ball</strong>!<br></div><div class="battle-history"><small>It's super effective!</small><br></div><div class="battle-history"><small>(Raichu lost <abbr title="−249/249">100%</abbr> of its health!)</small><br></div><div class="spacer battle-history"><br></div><div class="battle-history">Raichu fainted!<br></div><div class="chat chatmessage-inkbug1 mine"><strong style="color:#e46e0f"><small>☆</small><span class="username" data-name="inkbug1">inkbug1</span>:</strong> <em>yeah</em></div><div class="chat chatmessage-inkbug1 mine"><strong style="color:#e46e0f"><small>☆</small><span class="username" data-name="inkbug1">inkbug1</span>:</strong> <em>gg</em></div><div class="spacer battle-history"><br></div><div class="battle-history">Go! Mawile (<strong>Mawile-Mega</strong>)!<br></div><div class="spacer battle-history"><br></div><h2 class="battle-history">Turn 20</h2><div class="chat chatmessage-h2opulse"><strong style="color:#6e8c2b"><small>☆</small><span class="username" data-name="H2OPulse">H2OPulse</span>:</strong> <em>Good game!!!</em></div><div class="chat chatmessage-h2opulse"><strong style="color:#6e8c2b"><small>☆</small><span class="username" data-name="H2OPulse">H2OPulse</span>:</strong> <em>I'm curious is its last move Iron Head or</em></div><div class="chat chatmessage-inkbug1 mine"><strong style="color:#e46e0f"><small>☆</small><span class="username" data-name="inkbug1">inkbug1</span>:</strong> <em>yeah</em></div><div class="chat chatmessage-h2opulse"><strong style="color:#6e8c2b"><small>☆</small><span class="username" data-name="H2OPulse">H2OPulse</span>:</strong> <em>I have been afraid of Sucker Punch this whole time I can't tell,,</em></div><div class="chat chatmessage-inkbug1 mine"><strong style="color:#e46e0f"><small>☆</small><span class="username" data-name="inkbug1">inkbug1</span>:</strong> <em>sub+ sd + dual stabs</em></div><div class="chat chatmessage-h2opulse"><strong style="color:#6e8c2b"><small>☆</small><span class="username" data-name="H2OPulse">H2OPulse</span>:</strong> <em>Fair oka y</em></div><div class="spacer battle-history"><br></div><div class="battle-history">The opposing Polteageist used <strong>Giga Drain</strong>!<br></div><div class="battle-history"><small>It's not very effective...</small><br></div><div class="battle-history"><small>(Mawile lost <abbr title="−14/211">6.6%</abbr> of its health!)</small><br></div><div class="battle-history"><small>Mawile had its energy drained!</small><br></div><div class="spacer battle-history"><br></div><div class="battle-history">Mawile fainted!<br></div><div class="chat chatmessage-inkbug1 mine"><strong style="color:#e46e0f"><small>☆</small><span class="username" data-name="inkbug1">inkbug1</span>:</strong> <em>oh if i had sucker i wouldve used it :'D </em></div><div class="spacer battle-history"><br></div><div class="battle-history">Go! <strong>Palossand</strong>!<br></div><div class="spacer battle-history"><br></div><h2 class="battle-history">Turn 21</h2><div class="spacer battle-history"><br></div><div class="battle-history">The opposing Polteageist used <strong>Shadow Ball</strong>!<br></div><div class="battle-history"><small>It's super effective!</small><br></div><div class="battle-history"><small>A critical hit!</small><br></div><div class="battle-history"><small>(Palossand lost <abbr title="−286/286">100%</abbr> of its health!)</small><br></div><div class="spacer battle-history"><br></div><div class="battle-history">Palossand fainted!<br></div><div class="spacer battle-history"><br></div><div class="battle-history"><strong>H2OPulse</strong> won the battle!<br></div><div class="chat chatmessage-inkbug1 mine"><strong style="color:#e46e0f"><small>☆</small><span class="username" data-name="inkbug1">inkbug1</span>:</strong> <em>gg!</em></div></div><div class="inner-preempt message-log"></div></div></div>
</div>
<script>
let daily = Math.floor(Date.now()/1000/60/60/24);document.write('<script src="https://play.pokemonshowdown.com/js/replay-embed.js?version'+daily+'"></'+'script>');
</script>
