<!DOCTYPE html>
<meta charset="utf-8" />
<!-- version 1 -->
<title>[Gen 8] Megas for All replay: shingenx vs. pupugugu</title>
<style>
html,body {font-family:Verdana, sans-serif;font-size:10pt;margin:0;padding:0;}body{padding:12px 0;} .battle-log {font-family:Verdana, sans-serif;font-size:10pt;} .battle-log-inline {border:1px solid #AAAAAA;background:#EEF2F5;color:black;max-width:640px;margin:0 auto 80px;padding-bottom:5px;} .battle-log .inner {padding:4px 8px 0px 8px;} .battle-log .inner-preempt {padding:0 8px 4px 8px;} .battle-log .inner-after {margin-top:0.5em;} .battle-log h2 {margin:0.5em -8px;padding:4px 8px;border:1px solid #AAAAAA;background:#E0E7EA;border-left:0;border-right:0;font-family:Verdana, sans-serif;font-size:13pt;} .battle-log .chat {vertical-align:middle;padding:3px 0 3px 0;font-size:8pt;} .battle-log .chat strong {color:#40576A;} .battle-log .chat em {padding:1px 4px 1px 3px;color:#000000;font-style:normal;} .chat.mine {background:rgba(0,0,0,0.05);margin-left:-8px;margin-right:-8px;padding-left:8px;padding-right:8px;} .spoiler {color:#BBBBBB;background:#BBBBBB;padding:0px 3px;} .spoiler:hover, .spoiler:active, .spoiler-shown {color:#000000;background:#E2E2E2;padding:0px 3px;} .spoiler a {color:#BBBBBB;} .spoiler:hover a, .spoiler:active a, .spoiler-shown a {color:#2288CC;} .chat code, .chat .spoiler:hover code, .chat .spoiler:active code, .chat .spoiler-shown code {border:1px solid #C0C0C0;background:#EEEEEE;color:black;padding:0 2px;} .chat .spoiler code {border:1px solid #CCCCCC;background:#CCCCCC;color:#CCCCCC;} .battle-log .rated {padding:3px 4px;} .battle-log .rated strong {color:white;background:#89A;padding:1px 4px;border-radius:4px;} .spacer {margin-top:0.5em;} .message-announce {background:#6688AA;color:white;padding:1px 4px 2px;} .message-announce a, .broadcast-green a, .broadcast-blue a, .broadcast-red a {color:#DDEEFF;} .broadcast-green {background-color:#559955;color:white;padding:2px 4px;} .broadcast-blue {background-color:#6688AA;color:white;padding:2px 4px;} .infobox {border:1px solid #6688AA;padding:2px 4px;} .infobox-limited {max-height:200px;overflow:auto;overflow-x:hidden;} .broadcast-red {background-color:#AA5544;color:white;padding:2px 4px;} .message-learn-canlearn {font-weight:bold;color:#228822;text-decoration:underline;} .message-learn-cannotlearn {font-weight:bold;color:#CC2222;text-decoration:underline;} .message-effect-weak {font-weight:bold;color:#CC2222;} .message-effect-resist {font-weight:bold;color:#6688AA;} .message-effect-immune {font-weight:bold;color:#666666;} .message-learn-list {margin-top:0;margin-bottom:0;} .message-throttle-notice, .message-error {color:#992222;} .message-overflow, .chat small.message-overflow {font-size:0pt;} .message-overflow::before {font-size:9pt;content:'...';} .subtle {color:#3A4A66;}
</style>
<div class="wrapper replay-wrapper" style="max-width:1180px;margin:0 auto">
<input type="hidden" name="replayid" value="dragonheaven-gen8megasforall-266-7x5ljoso4308ejhetij7cs6f47v7jtppw" />
<div class="battle"></div><div class="battle-log"></div><div class="replay-controls"></div><div class="replay-controls-2"></div>
<h1 style="font-weight:normal;text-align:center"><strong>[Gen 8] Megas for All</strong><br /><a href="http://pokemonshowdown.com/users/shingenx" class="subtle" target="_blank">shingenx</a> vs. <a href="http://pokemonshowdown.com/users/pupugugu" class="subtle" target="_blank">pupugugu</a></h1>
<script type="text/plain" class="battle-log-data">|raw|<div class="broadcast-red"><strong>This battle is invite-only!<\/strong><br \/>Users must be invited with <code>\/invite<\/code> (or be staff) to join<\/div>
|j|☆shingenx
|j|☆pupugugu
|t:|1619960205
|player|p1|shingenx|volkner|
|player|p2|pupugugu|clerkf|
|teamsize|p1|6
|teamsize|p2|6
|gametype|singles
|gen|8
|tier|[Gen 8] Megas for All
|clearpoke
|poke|p1|Empoleon, M|
|poke|p1|Tangrowth, F|
|poke|p1|Moltres|
|poke|p1|Weavile, M|
|poke|p1|Landorus-Therian, M|
|poke|p1|Tapu Koko|
|poke|p2|Dragalge, M|
|poke|p2|Celesteela|
|poke|p2|Victini|
|poke|p2|Kommo-o, F|
|poke|p2|Weavile, M|
|poke|p2|Landorus-Therian, M|
|rule|HP Percentage Mod: HP is shown in percentages
|rule|Endless Battle Clause: Forcing endless battles is banned
|rule|OHKO Clause: OHKO moves are banned
|rule|Evasion Moves Clause: Evasion moves are banned
|rule|Species Clause: Limit one of each Pokémon
|rule|Dynamax Clause: You cannot dynamax
|rule|Sleep Clause Mod: Limit one foe put to sleep
|rule|Freeze Clause Mod: Limit one foe frozen
|raw|<img src="https:\/\/www.smogon.com\/forums\/attachments\/banner_2-png.302358\/" height="65" width="381">
|-message|Welcome to Megas for All!
|-message|This is a National Dex-based format where we aim to give a new Mega Evolution to every Pokémon.
|-message|Just like any official format, you can still only Mega Evolve one Pokémon per team!
|-message|You can find our thread and metagame resources here:
|-message|https:\/\/www.smogon.com\/forums\/threads\/3671140\/
|teampreview
|c|☆pupugugu|glhf!
|c|☆shingenx|woo
|c|☆shingenx|really fucking nervous
|c|☆shingenx|glhf
|c|☆pupugugu|pretty nervous too xD
|
|t:|1619960241
|start
|switch|p1a: meta boomer|Landorus-Therian, M|100\/100
|switch|p2a: Landorus|Landorus-Therian, M|100\/100
|-ability|p1a: meta boomer|Intimidate|boost
|-unboost|p2a: Landorus|atk|1
|-ability|p2a: Landorus|Intimidate|boost
|-unboost|p1a: meta boomer|atk|1
|turn|1
|
|t:|1619960260
|switch|p1a: cleopatra|Tangrowth, F|100\/100
|move|p2a: Landorus|Hidden Power|p1a: cleopatra
|-supereffective|p1a: cleopatra
|-damage|p1a: cleopatra|64\/100
|
|upkeep
|turn|2
|
|t:|1619960265
|move|p2a: Landorus|U-turn|p1a: cleopatra
|-supereffective|p1a: cleopatra
|-damage|p1a: cleopatra|48\/100
|-damage|p2a: Landorus|84\/100|[from] item: Rocky Helmet|[of] p1a: cleopatra
|
|t:|1619960268
|switch|p2a: Dragalge|Dragalge, M|100\/100|[from]move: U-turn
|move|p1a: cleopatra|Knock Off|p2a: Dragalge
|-damage|p2a: Dragalge|86\/100
|
|upkeep
|turn|3
|
|t:|1619960280
|switch|p1a: morgan freeman|Empoleon, M|100\/100
|detailschange|p2a: Dragalge|Dragalge-Mega, M
|-mega|p2a: Dragalge|Dragalge|Dragalgite
|-fieldstart|move: Acidic Terrain|[from] ability: Acidic Surge|[of] p2a: Dragalge
|-message|Poison-type moves used by grounded Pokémon will have their power increased.
|-message|Grounded Steel-type Pokémon will also lose their immunity to Poison-type moves.
|-start|p2a: Dragalge|typechange|Poison\/Dragon|[silent]
|raw|<ul class="utilichart"><li class="result"><span class="col pokemonnamecol" style="white-space: nowrap">Dragalge-Mega<\/span> <span class="col typecol"><img src="https:\/\/play.pokemonshowdown.com\/sprites\/types\/Poison.png" alt="Poison" height="14" width="32"><img src="https:\/\/play.pokemonshowdown.com\/sprites\/types\/Dragon.png" alt="Dragon" height="14" width="32"><\/span> <span style="float: left ; min-height: 26px"><span class="col abilitycol">Acidic Surge<\/span><span class="col abilitycol"><\/span><\/span><span style="float: left ; min-height: 26px"><span class="col statcol"><em>HP<\/em><br>65<\/span> <span class="col statcol"><em>Atk<\/em><br>95<\/span> <span class="col statcol"><em>Def<\/em><br>90<\/span> <span class="col statcol"><em>SpA<\/em><br>147<\/span> <span class="col statcol"><em>SpD<\/em><br>153<\/span> <span class="col statcol"><em>Spe<\/em><br>44<\/span> <\/span><\/li><li style="clear: both"><\/li><\/ul>
|move|p2a: Dragalge|Flip Turn|p1a: morgan freeman
|-resisted|p1a: morgan freeman
|-damage|p1a: morgan freeman|95\/100
|
|t:|1619960287
|switch|p2a: Landorus|Landorus-Therian, M|84\/100|[from]move: Flip Turn
|-ability|p2a: Landorus|Intimidate|boost
|-unboost|p1a: morgan freeman|atk|1
|-ability|p1a: morgan freeman|Defiant
|-boost|p1a: morgan freeman|atk|2
|
|-heal|p2a: Landorus|90\/100|[from] item: Leftovers
|upkeep
|turn|4
|
|t:|1619960296
|switch|p1a: meta boomer|Landorus-Therian, M|100\/100
|-ability|p1a: meta boomer|Intimidate|boost
|-unboost|p2a: Landorus|atk|1
|move|p2a: Landorus|U-turn|p1a: meta boomer
|-resisted|p1a: meta boomer
|-damage|p1a: meta boomer|92\/100
|
|t:|1619960307
|switch|p2a: Kommo-o|Kommo-o, F|100\/100|[from]move: U-turn
|
|upkeep
|turn|5
|
|t:|1619960327
|switch|p1a: morgan freeman|Empoleon, M|95\/100
|move|p2a: Kommo-o|Stealth Rock|p1a: morgan freeman
|-sidestart|p1: shingenx|move: Stealth Rock
|
|upkeep
|turn|6
|
|t:|1619960333
|detailschange|p1a: morgan freeman|Empoleon-Mega, M
|-mega|p1a: morgan freeman|Empoleon|Empoleonite
|-start|p1a: morgan freeman|typechange|Water\/Steel|[silent]
|raw|<ul class="utilichart"><li class="result"><span class="col pokemonnamecol" style="white-space: nowrap">Empoleon-Mega<\/span> <span class="col typecol"><img src="https:\/\/play.pokemonshowdown.com\/sprites\/types\/Water.png" alt="Water" height="14" width="32"><img src="https:\/\/play.pokemonshowdown.com\/sprites\/types\/Steel.png" alt="Steel" height="14" width="32"><\/span> <span style="float: left ; min-height: 26px"><span class="col abilitycol">Lightning Rod<\/span><span class="col abilitycol"><\/span><\/span><span style="float: left ; min-height: 26px"><span class="col statcol"><em>HP<\/em><br>84<\/span> <span class="col statcol"><em>Atk<\/em><br>86<\/span> <span class="col statcol"><em>Def<\/em><br>103<\/span> <span class="col statcol"><em>SpA<\/em><br>131<\/span> <span class="col statcol"><em>SpD<\/em><br>141<\/span> <span class="col statcol"><em>Spe<\/em><br>85<\/span> <\/span><\/li><li style="clear: both"><\/li><\/ul>
|move|p2a: Kommo-o|Close Combat|p1a: morgan freeman
|-supereffective|p1a: morgan freeman
|-damage|p1a: morgan freeman|20\/100
|-unboost|p2a: Kommo-o|def|1
|-unboost|p2a: Kommo-o|spd|1
|move|p1a: morgan freeman|Flip Turn|p2a: Kommo-o
|-resisted|p2a: Kommo-o
|-damage|p2a: Kommo-o|88\/100
|
|t:|1619960340
|switch|p1a: fake hooh|Moltres|100\/100|[from]move: Flip Turn
|
|upkeep
|turn|7
|
|t:|1619960343
|switch|p2a: Dragalge|Dragalge-Mega, M|86\/100
|-start|p2a: Dragalge|typechange|Poison\/Dragon|[silent]
|move|p1a: fake hooh|Defog|p2a: Dragalge
|-unboost|p2a: Dragalge|evasion|1
|-sideend|p1: shingenx|Stealth Rock|[from] move: Defog|[of] p1a: fake hooh
|-fieldend|move: Acidic Terrain
|
|upkeep
|turn|8
|c|☆shingenx|didnt expect it to outspeed
|c|☆shingenx|sad
|
|t:|1619960356
|switch|p1a: morgan freeman|Empoleon-Mega, M|20\/100
|-start|p1a: morgan freeman|typechange|Water\/Steel|[silent]
|move|p2a: Dragalge|Flip Turn|p1a: morgan freeman
|-resisted|p1a: morgan freeman
|-damage|p1a: morgan freeman|14\/100
|
|t:|1619960379
|switch|p2a: Landorus|Landorus-Therian, M|90\/100|[from]move: Flip Turn
|-ability|p2a: Landorus|Intimidate|boost
|-unboost|p1a: morgan freeman|atk|1
|
|-heal|p2a: Landorus|96\/100|[from] item: Leftovers
|upkeep
|turn|9
|
|t:|1619960389
|move|p2a: Landorus|Earthquake|p1a: morgan freeman
|-supereffective|p1a: morgan freeman
|-damage|p1a: morgan freeman|0 fnt
|faint|p1a: morgan freeman
|
|-heal|p2a: Landorus|100\/100|[from] item: Leftovers
|upkeep
|
|t:|1619960392
|switch|p1a: buster wolf|Weavile, M|100\/100
|-ability|p1a: buster wolf|Pressure
|turn|10
|
|t:|1619960400
|switch|p2a: Weavile|Weavile, M|100\/100
|-ability|p2a: Weavile|Pressure
|move|p1a: buster wolf|Icicle Crash|p2a: Weavile
|-resisted|p2a: Weavile
|-damage|p2a: Weavile|49\/100
|
|upkeep
|turn|11
|
|t:|1619960408
|move|p1a: buster wolf|Icicle Crash|p2a: Weavile
|-resisted|p2a: Weavile
|-damage|p2a: Weavile|0 fnt
|faint|p2a: Weavile
|
|upkeep
|
|t:|1619960410
|switch|p2a: Victini|Victini|100\/100
|turn|12
|
|t:|1619960416
|switch|p1a: fake hooh|Moltres|100\/100
|move|p2a: Victini|V-create|p1a: fake hooh
|-resisted|p1a: fake hooh
|-damage|p1a: fake hooh|76\/100
|-unboost|p2a: Victini|spe|1
|-unboost|p2a: Victini|def|1
|-unboost|p2a: Victini|spd|1
|
|upkeep
|turn|13
|
|t:|1619960427
|switch|p2a: Dragalge|Dragalge-Mega, M|86\/100
|-start|p2a: Dragalge|typechange|Poison\/Dragon|[silent]
|-fieldstart|move: Acidic Terrain|[from] ability: Acidic Surge|[of] p2a: Dragalge
|-message|Poison-type moves used by grounded Pokémon will have their power increased.
|-message|Grounded Steel-type Pokémon will also lose their immunity to Poison-type moves.
|switch|p1a: meta boomer|Landorus-Therian, M|92\/100
|-ability|p1a: meta boomer|Intimidate|boost
|-unboost|p2a: Dragalge|atk|1
|
|upkeep
|turn|14
|
|t:|1619960435
|switch|p2a: Landorus|Landorus-Therian, M|100\/100
|-ability|p2a: Landorus|Intimidate|boost
|-unboost|p1a: meta boomer|atk|1
|move|p1a: meta boomer|Swords Dance|p1a: meta boomer
|-boost|p1a: meta boomer|atk|2
|
|upkeep
|turn|15
|
|t:|1619960441
|switch|p1a: fake hooh|Moltres|76\/100
|move|p2a: Landorus|Hidden Power|p1a: fake hooh
|-damage|p1a: fake hooh|63\/100
|
|upkeep
|turn|16
|l|☆pupugugu
|player|p2|
|j|☆pupugugu
|player|p2|pupugugu|clerkf

|player|p2|pupugugu|clerkf
|
|t:|1619960487
|switch|p1a: cleopatra|Tangrowth, F|81\/100
|move|p2a: Landorus|U-turn|p1a: cleopatra
|-supereffective|p1a: cleopatra
|-damage|p1a: cleopatra|56\/100
|-damage|p2a: Landorus|319\/382|[from] item: Rocky Helmet|[of] p1a: cleopatra
|c|☆shingenx|\/log Gravity Monkey was invited (and promoted to Room Voice) by shingenx.
|
|t:|1619960497
|switch|p2a: Dragalge|Dragalge-Mega, M|287\/334
|-start|p2a: Dragalge|typechange|Poison\/Dragon|[silent]
|
|upkeep
|turn|17
|c|☆shingenx|how do i not make it invite only btw
|
|t:|1619960508
|switch|p1a: meta boomer|Landorus-Therian, M|92\/100
|-ability|p1a: meta boomer|Intimidate|boost
|-unboost|p2a: Dragalge|atk|1
|move|p2a: Dragalge|Draco Meteor|p1a: meta boomer
|-damage|p1a: meta boomer|0 fnt
|-unboost|p2a: Dragalge|spa|2
|faint|p1a: meta boomer
|
|-fieldend|move: Acidic Terrain
|upkeep
|
|t:|1619960512
|switch|p1a: buster wolf|Weavile, M|100\/100
|-ability|p1a: buster wolf|Pressure
|turn|18
|c|☆pupugugu|oh uh
|raw|<div class="broadcast-blue"><strong>This room is no longer invite only!<\/strong><br \/>Anyone may now join.<\/div>
|c|☆pupugugu|\/log pupugugu turned off modjoin.
|c|☆shingenx|aight
|
|t:|1619960530
|-activate|p2a: Dragalge|move: Pursuit
|move|p1a: buster wolf|Pursuit|p2a: Dragalge|[from]Pursuit
|-damage|p2a: Dragalge|83\/334
|switch|p2a: Celesteela|Celesteela|397\/397
|
|upkeep
|turn|19
|
|t:|1619960541
|switch|p1a: black lightning|Tapu Koko, shiny|100\/100
|-fieldstart|move: Electric Terrain|[from] ability: Electric Surge|[of] p1a: black lightning
|move|p2a: Celesteela|Leech Seed|p1a: black lightning|[miss]
|-miss|p2a: Celesteela|p1a: black lightning
|
|upkeep
|turn|20
|
|t:|1619960548
|move|p2a: Celesteela|Protect|p2a: Celesteela
|-singleturn|p2a: Celesteela|Protect
|move|p1a: black lightning|Hidden Power|p2a: Celesteela
|-activate|p2a: Celesteela|move: Protect
|
|upkeep
|turn|21
|
|t:|1619960562
|switch|p1a: fake hooh|Moltres|63\/100
|move|p2a: Celesteela|Leech Seed|p1a: fake hooh|[miss]
|-miss|p2a: Celesteela|p1a: fake hooh
|
|upkeep
|turn|22
|
|t:|1619960570
|switch|p2a: Kommo-o|Kommo-o, F|255\/291
|move|p1a: fake hooh|Roost|p1a: fake hooh
|-heal|p1a: fake hooh|100\/100
|-singleturn|p1a: fake hooh|move: Roost
|
|upkeep
|turn|23
|
|t:|1619960572
|-zpower|p2a: Kommo-o
|move|p2a: Kommo-o|Clangorous Soulblaze|p1a: fake hooh|[zeffect]
|-damage|p1a: fake hooh|19\/100
|-boost|p2a: Kommo-o|atk|1
|-boost|p2a: Kommo-o|def|1
|-boost|p2a: Kommo-o|spa|1
|-boost|p2a: Kommo-o|spd|1
|-boost|p2a: Kommo-o|spe|1
|move|p1a: fake hooh|Toxic|p2a: Kommo-o
|-status|p2a: Kommo-o|tox
|
|-damage|p2a: Kommo-o|237\/291 tox|[from] psn
|-fieldend|move: Electric Terrain
|upkeep
|turn|24
|
|t:|1619960581
|switch|p1a: cleopatra|Tangrowth, F|90\/100
|move|p2a: Kommo-o|Close Combat|p1a: cleopatra
|-damage|p1a: cleopatra|55\/100
|-unboost|p2a: Kommo-o|def|1
|-unboost|p2a: Kommo-o|spd|1
|-damage|p2a: Kommo-o|189\/291 tox|[from] item: Rocky Helmet|[of] p1a: cleopatra
|
|-damage|p2a: Kommo-o|153\/291 tox|[from] psn
|upkeep
|turn|25
|
|t:|1619960591
|switch|p1a: black lightning|Tapu Koko, shiny|100\/100
|-fieldstart|move: Electric Terrain|[from] ability: Electric Surge|[of] p1a: black lightning
|move|p2a: Kommo-o|Flamethrower|p1a: black lightning
|-damage|p1a: black lightning|42\/100
|
|-damage|p2a: Kommo-o|99\/291 tox|[from] psn
|upkeep
|turn|26
|
|t:|1619960600
|switch|p1a: fake hooh|Moltres|19\/100
|move|p2a: Kommo-o|Flamethrower|p1a: fake hooh
|-resisted|p1a: fake hooh
|-damage|p1a: fake hooh|0 fnt
|faint|p1a: fake hooh
|
|-damage|p2a: Kommo-o|27\/291 tox|[from] psn
|upkeep
|
|t:|1619960602
|switch|p1a: buster wolf|Weavile, M|100\/100
|-ability|p1a: buster wolf|Pressure
|turn|27
|j|+Gravity Monkey
|
|t:|1619960604
|move|p1a: buster wolf|Ice Shard|p2a: Kommo-o
|-supereffective|p2a: Kommo-o
|-damage|p2a: Kommo-o|0 fnt
|faint|p2a: Kommo-o
|
|upkeep
|
|t:|1619960607
|switch|p2a: Victini|Victini|341\/341
|turn|28
|
|t:|1619960612
|switch|p1a: cleopatra|Tangrowth, F|88\/100
|move|p2a: Victini|V-create|p1a: cleopatra
|-supereffective|p1a: cleopatra
|-damage|p1a: cleopatra|3\/100
|-unboost|p2a: Victini|spe|1
|-unboost|p2a: Victini|def|1
|-unboost|p2a: Victini|spd|1
|-damage|p2a: Victini|285\/341|[from] item: Rocky Helmet|[of] p1a: cleopatra
|
|upkeep
|turn|29
|c|☆shingenx|lmao
|
|t:|1619960618
|switch|p1a: black lightning|Tapu Koko, shiny|42\/100
|move|p2a: Victini|V-create|p1a: black lightning
|-damage|p1a: black lightning|0 fnt
|-unboost|p2a: Victini|spe|1
|-unboost|p2a: Victini|def|1
|-unboost|p2a: Victini|spd|1
|faint|p1a: black lightning
|
|-fieldend|move: Electric Terrain
|upkeep
|
|t:|1619960621
|switch|p1a: buster wolf|Weavile, M|100\/100
|-ability|p1a: buster wolf|Pressure
|turn|30
|
|t:|1619960623
|move|p1a: buster wolf|Pursuit|p2a: Victini
|-supereffective|p2a: Victini
|-damage|p2a: Victini|0 fnt
|faint|p2a: Victini
|
|upkeep
|
|t:|1619960626
|switch|p2a: Celesteela|Celesteela|397\/397
|turn|31
|
|t:|1619960628
|switch|p1a: cleopatra|Tangrowth, F|36\/100
|move|p2a: Celesteela|Heavy Slam|p1a: cleopatra
|-damage|p1a: cleopatra|14\/100
|-damage|p2a: Celesteela|331\/397|[from] item: Rocky Helmet|[of] p1a: cleopatra
|
|-heal|p2a: Celesteela|355\/397|[from] item: Leftovers
|upkeep
|turn|32
|
|t:|1619960631
|move|p2a: Celesteela|Flamethrower|p1a: cleopatra
|-supereffective|p1a: cleopatra
|-damage|p1a: cleopatra|0 fnt
|faint|p1a: cleopatra
|-ability|p2a: Celesteela|Beast Boost|boost
|-boost|p2a: Celesteela|spd|1
|
|-heal|p2a: Celesteela|379\/397|[from] item: Leftovers
|upkeep
|
|t:|1619960633
|switch|p1a: buster wolf|Weavile, M|100\/100
|-ability|p1a: buster wolf|Pressure
|turn|33
|c|☆shingenx|sad
|c|☆shingenx|played too risky early game, gg
|c|☆pupugugu|could still get flinched xD
|
|t:|1619960648
|switch|p2a: Landorus|Landorus-Therian, M|319\/382
|-ability|p2a: Landorus|Intimidate|boost
|-unboost|p1a: buster wolf|atk|1
|move|p1a: buster wolf|Icicle Crash|p2a: Landorus
|-supereffective|p2a: Landorus
|-damage|p2a: Landorus|0 fnt
|faint|p2a: Landorus
|
|upkeep
|
|t:|1619960652
|switch|p2a: Celesteela|Celesteela|379\/397
|turn|34
|
|t:|1619960654
|move|p1a: buster wolf|Icicle Crash|p2a: Celesteela
|-damage|p2a: Celesteela|240\/397
|move|p2a: Celesteela|Heavy Slam|p1a: buster wolf
|-supereffective|p1a: buster wolf
|-damage|p1a: buster wolf|0 fnt
|faint|p1a: buster wolf
|
|win|pupugugu
|c|☆pupugugu|gg!
|c|☆shingenx|wp
|c|☆pupugugu|fun game :')</script>
</div>
<div class="battle-log battle-log-inline"><div class="inner"><div class="battle-options"><div style="padding-top: 3px; padding-right: 3px; text-align: right"><button class="icon button" name="openBattleOptions" title="Options">Battle Options</button></div></div><div class="inner message-log"><div class="chat"><div class="broadcast-red"><strong>This battle is invite-only!</strong><br>Users must be invited with <code>/invite</code> (or be staff) to join</div></div><div class="chat"><small>☆shingenx and ☆pupugugu joined</small></div><div class=""><small>Format:</small> <br><strong>[Gen 8] Megas for All</strong></div><div class=""><small><em>HP Percentage Mod:</em> HP is shown in percentages</small></div><div class=""><small><em>Endless Battle Clause:</em> Forcing endless battles is banned</small></div><div class=""><small><em>OHKO Clause:</em> OHKO moves are banned</small></div><div class=""><small><em>Evasion Moves Clause:</em> Evasion moves are banned</small></div><div class=""><small><em>Species Clause:</em> Limit one of each Pokémon</small></div><div class=""><small><em>Dynamax Clause:</em> You cannot dynamax</small></div><div class=""><small><em>Sleep Clause Mod:</em> Limit one foe put to sleep</small></div><div class=""><small><em>Freeze Clause Mod:</em> Limit one foe frozen</small></div><div class="chat"><img src="https://www.smogon.com/forums/attachments/banner_2-png.302358/" width="381" height="65"></div><div class="spacer battle-history"><br></div><div class="battle-history"><small>Welcome to Megas for All!</small><br></div><div class="battle-history"><small>This is a National Dex-based format where we aim to give a new Mega Evolution to every Pokémon.</small><br></div><div class="battle-history"><small>Just like any official format, you can still only Mega Evolve one Pokémon per team!</small><br></div><div class="battle-history"><small>You can find our thread and metagame resources here:</small><br></div><div class="battle-history"><small>https://www.smogon.com/forums/threads/3671140/</small><br></div><div class="chat battle-history"><strong>shingenx's team:</strong> <em style="color:#445566;display:block;">Empoleon / Tangrowth / Moltres / Weavile / Landorus-Therian / Tapu Koko</em></div><div class="chat battle-history"><strong>pupugugu's team:</strong> <em style="color:#445566;display:block;">Dragalge / Celesteela / Victini / Kommo-o / Weavile / Landorus-Therian</em></div><div class="chat chatmessage-pupugugu mine"><strong style="color:#2b7b91"><small>☆</small><span class="username" data-name="pupugugu">pupugugu</span>:</strong> <em>glhf!</em></div><div class="chat chatmessage-shingenx"><strong style="color:#786ed7"><small>☆</small><span class="username" data-name="shingenx">shingenx</span>:</strong> <em>woo</em></div><div class="chat chatmessage-shingenx"><strong style="color:#786ed7"><small>☆</small><span class="username" data-name="shingenx">shingenx</span>:</strong> <em>really fucking nervous</em></div><div class="chat chatmessage-shingenx"><strong style="color:#786ed7"><small>☆</small><span class="username" data-name="shingenx">shingenx</span>:</strong> <em>glhf</em></div><div class="chat chatmessage-pupugugu mine"><strong style="color:#2b7b91"><small>☆</small><span class="username" data-name="pupugugu">pupugugu</span>:</strong> <em>pretty nervous too xD</em></div><div class="spacer battle-history"><br></div><div class="battle-history">Battle started between shingenx and pupugugu!<br></div><div class="spacer battle-history"><br></div><div class="battle-history">shingenx sent out meta boomer (<strong>Landorus-Therian</strong>)!<br></div><div class="spacer battle-history"><br></div><div class="battle-history">Go! Landorus (<strong>Landorus-Therian</strong>)!<br></div><div class="battle-history">[The opposing meta boomer's Intimidate]<br></div><div class="battle-history"><small>Landorus's Attack fell!</small><br></div><div class="battle-history">[Landorus's Intimidate]<br></div><div class="battle-history"><small>The opposing meta boomer's Attack fell!</small><br></div><div class="spacer battle-history"><br></div><h2 class="battle-history">Turn 1</h2><div class="spacer battle-history"><br></div><div class="battle-history">shingenx withdrew meta boomer!<br></div><div class="battle-history">shingenx sent out cleopatra (<strong>Tangrowth</strong>)!<br></div><div class="spacer battle-history"><br></div><div class="battle-history">Landorus used <strong>Hidden Power</strong>!<br></div><div class="battle-history"><small>It's super effective!</small><br></div><div class="battle-history"><small>(The opposing cleopatra lost 36% of its health!)</small><br></div><div class="spacer battle-history"><br></div><h2 class="battle-history">Turn 2</h2><div class="spacer battle-history"><br></div><div class="battle-history">Landorus used <strong>U-turn</strong>!<br></div><div class="battle-history"><small>It's super effective!</small><br></div><div class="battle-history"><small>(The opposing cleopatra lost 16% of its health!)</small><br></div><div class="battle-history"><small>Landorus was hurt by the Rocky Helmet!</small><br></div><div class="spacer battle-history"><br></div><div class="battle-history">Landorus went back to pupugugu!<br></div><div class="battle-history">Go! <strong>Dragalge</strong>!<br></div><div class="spacer battle-history"><br></div><div class="battle-history">The opposing cleopatra used <strong>Knock Off</strong>!<br></div><div class="battle-history"><small>(Dragalge lost 14% of its health!)</small><br></div><div class="spacer battle-history"><br></div><h2 class="battle-history">Turn 3</h2><div class="spacer battle-history"><br></div><div class="battle-history">shingenx withdrew cleopatra!<br></div><div class="battle-history">shingenx sent out morgan freeman (<strong>Empoleon</strong>)!<br></div><div class="spacer battle-history"><br></div><div class="battle-history"><small>Dragalge's Dragalgite is reacting to the Key Stone!</small><br>Dragalge has Mega Evolved into Mega Dragalge!<br></div><div class="battle-history">[Dragalge's Acidic Surge]<br><small>(Acidic Terrain started!)</small><br></div><div class="battle-history"><small>Poison-type moves used by grounded Pokémon will have their power increased.</small><br></div><div class="battle-history"><small>Grounded Steel-type Pokémon will also lose their immunity to Poison-type moves.</small><br></div><div class="chat"><ul class="utilichart"><li class="result"><span class="col pokemonnamecol" style="white-space: nowrap">Dragalge-Mega</span> <span class="col typecol"><img src="https://play.pokemonshowdown.com/sprites/types/Poison.png" alt="Poison" width="32" height="14"><img src="https://play.pokemonshowdown.com/sprites/types/Dragon.png" alt="Dragon" width="32" height="14"></span> <span style="float: left ; min-height: 26px"><span class="col abilitycol">Acidic Surge</span><span class="col abilitycol"></span></span><span style="float: left ; min-height: 26px"><span class="col statcol"><em>HP</em><br>65</span> <span class="col statcol"><em>Atk</em><br>95</span> <span class="col statcol"><em>Def</em><br>90</span> <span class="col statcol"><em>SpA</em><br>147</span> <span class="col statcol"><em>SpD</em><br>153</span> <span class="col statcol"><em>Spe</em><br>44</span> </span></li><li style="clear: both"></li></ul></div><div class="spacer battle-history"><br></div><div class="battle-history">Dragalge used <strong>Flip Turn</strong>!<br></div><div class="battle-history"><small>It's not very effective...</small><br></div><div class="battle-history"><small>(The opposing morgan freeman lost 5% of its health!)</small><br></div><div class="spacer battle-history"><br></div><div class="battle-history">Dragalge, come back!<br></div><div class="battle-history">Go! Landorus (<strong>Landorus-Therian</strong>)!<br></div><div class="battle-history">[Landorus's Intimidate]<br></div><div class="battle-history"><small>The opposing morgan freeman's Attack fell!</small><br></div><div class="battle-history">[The opposing morgan freeman's Defiant]<br></div><div class="battle-history"><small>The opposing morgan freeman's Attack rose sharply!</small><br></div><div class="spacer battle-history"><br></div><div class="battle-history"><small>Landorus restored a little HP using its Leftovers!</small><br></div><div class="spacer battle-history"><br></div><h2 class="battle-history">Turn 4</h2><div class="spacer battle-history"><br></div><div class="battle-history">shingenx withdrew morgan freeman!<br></div><div class="battle-history">shingenx sent out meta boomer (<strong>Landorus-Therian</strong>)!<br></div><div class="battle-history">[The opposing meta boomer's Intimidate]<br></div><div class="battle-history"><small>Landorus's Attack fell!</small><br></div><div class="spacer battle-history"><br></div><div class="battle-history">Landorus used <strong>U-turn</strong>!<br></div><div class="battle-history"><small>It's not very effective...</small><br></div><div class="battle-history"><small>(The opposing meta boomer lost 8% of its health!)</small><br></div><div class="spacer battle-history"><br></div><div class="battle-history">Landorus went back to pupugugu!<br></div><div class="battle-history">Go! <strong>Kommo-o</strong>!<br></div><div class="spacer battle-history"><br></div><h2 class="battle-history">Turn 5</h2><div class="spacer battle-history"><br></div><div class="battle-history">shingenx withdrew meta boomer!<br></div><div class="battle-history">shingenx sent out morgan freeman (<strong>Empoleon</strong>)!<br></div><div class="spacer battle-history"><br></div><div class="battle-history">Kommo-o used <strong>Stealth Rock</strong>!<br></div><div class="battle-history"><small>Pointed stones float in the air around the opposing team!</small><br></div><div class="spacer battle-history"><br></div><h2 class="battle-history">Turn 6</h2><div class="spacer battle-history"><br></div><div class="battle-history"><small>The opposing morgan freeman's Empoleonite is reacting to the Key Stone!</small><br>The opposing morgan freeman has Mega Evolved into Mega Empoleon!<br></div><div class="chat"><ul class="utilichart"><li class="result"><span class="col pokemonnamecol" style="white-space: nowrap">Empoleon-Mega</span> <span class="col typecol"><img src="https://play.pokemonshowdown.com/sprites/types/Water.png" alt="Water" width="32" height="14"><img src="https://play.pokemonshowdown.com/sprites/types/Steel.png" alt="Steel" width="32" height="14"></span> <span style="float: left ; min-height: 26px"><span class="col abilitycol">Lightning Rod</span><span class="col abilitycol"></span></span><span style="float: left ; min-height: 26px"><span class="col statcol"><em>HP</em><br>84</span> <span class="col statcol"><em>Atk</em><br>86</span> <span class="col statcol"><em>Def</em><br>103</span> <span class="col statcol"><em>SpA</em><br>131</span> <span class="col statcol"><em>SpD</em><br>141</span> <span class="col statcol"><em>Spe</em><br>85</span> </span></li><li style="clear: both"></li></ul></div><div class="spacer battle-history"><br></div><div class="battle-history">Kommo-o used <strong>Close Combat</strong>!<br></div><div class="battle-history"><small>It's super effective!</small><br></div><div class="battle-history"><small>(The opposing morgan freeman lost 75% of its health!)</small><br></div><div class="battle-history"><small>Kommo-o's Defense fell!</small><br></div><div class="battle-history"><small>Kommo-o's Sp. Def fell!</small><br></div><div class="spacer battle-history"><br></div><div class="battle-history">The opposing morgan freeman used <strong>Flip Turn</strong>!<br></div><div class="battle-history"><small>It's not very effective...</small><br></div><div class="battle-history"><small>(Kommo-o lost 12% of its health!)</small><br></div><div class="spacer battle-history"><br></div><div class="battle-history">shingenx withdrew morgan freeman!<br></div><div class="battle-history">shingenx sent out fake hooh (<strong>Moltres</strong>)!<br></div><div class="spacer battle-history"><br></div><h2 class="battle-history">Turn 7</h2><div class="spacer battle-history"><br></div><div class="battle-history">Kommo-o, come back!<br></div><div class="battle-history">Go! Dragalge (<strong>Dragalge-Mega</strong>)!<br></div><div class="spacer battle-history"><br></div><div class="battle-history">The opposing fake hooh used <strong>Defog</strong>!<br></div><div class="battle-history"><small>Dragalge's evasiveness fell!</small><br></div><div class="battle-history"><small>The pointed stones disappeared from around the opposing team!</small><br></div><div class="battle-history"><small>(Acidic Terrain ended!)</small><br></div><div class="spacer battle-history"><br></div><h2 class="battle-history">Turn 8</h2><div class="chat chatmessage-shingenx"><strong style="color:#786ed7"><small>☆</small><span class="username" data-name="shingenx">shingenx</span>:</strong> <em>didnt expect it to outspeed</em></div><div class="chat chatmessage-shingenx"><strong style="color:#786ed7"><small>☆</small><span class="username" data-name="shingenx">shingenx</span>:</strong> <em>sad</em></div><div class="spacer battle-history"><br></div><div class="battle-history">shingenx withdrew fake hooh!<br></div><div class="battle-history">shingenx sent out morgan freeman (<strong>Empoleon-Mega</strong>)!<br></div><div class="spacer battle-history"><br></div><div class="battle-history">Dragalge used <strong>Flip Turn</strong>!<br></div><div class="battle-history"><small>It's not very effective...</small><br></div><div class="battle-history"><small>(The opposing morgan freeman lost 6% of its health!)</small><br></div><div class="spacer battle-history"><br></div><div class="battle-history">Dragalge, come back!<br></div><div class="battle-history">Go! Landorus (<strong>Landorus-Therian</strong>)!<br></div><div class="battle-history">[Landorus's Intimidate]<br></div><div class="battle-history"><small>The opposing morgan freeman's Attack fell!</small><br></div><div class="spacer battle-history"><br></div><div class="battle-history"><small>Landorus restored a little HP using its Leftovers!</small><br></div><div class="spacer battle-history"><br></div><h2 class="battle-history">Turn 9</h2><div class="spacer battle-history"><br></div><div class="battle-history">Landorus used <strong>Earthquake</strong>!<br></div><div class="battle-history"><small>It's super effective!</small><br></div><div class="battle-history"><small>(The opposing morgan freeman lost 14% of its health!)</small><br></div><div class="spacer battle-history"><br></div><div class="battle-history">The opposing morgan freeman fainted!<br></div><div class="spacer battle-history"><br></div><div class="battle-history"><small>Landorus restored a little HP using its Leftovers!</small><br></div><div class="spacer battle-history"><br></div><div class="battle-history">shingenx sent out buster wolf (<strong>Weavile</strong>)!<br></div><div class="battle-history">[The opposing buster wolf's Pressure]<br><small>The opposing buster wolf is exerting its pressure!</small><br></div><div class="spacer battle-history"><br></div><h2 class="battle-history">Turn 10</h2><div class="spacer battle-history"><br></div><div class="battle-history">Landorus, come back!<br></div><div class="battle-history">Go! <strong>Weavile</strong>!<br></div><div class="battle-history">[Weavile's Pressure]<br><small>Weavile is exerting its pressure!</small><br></div><div class="spacer battle-history"><br></div><div class="battle-history">The opposing buster wolf used <strong>Icicle Crash</strong>!<br></div><div class="battle-history"><small>It's not very effective...</small><br></div><div class="battle-history"><small>(Weavile lost 51% of its health!)</small><br></div><div class="spacer battle-history"><br></div><h2 class="battle-history">Turn 11</h2><div class="spacer battle-history"><br></div><div class="battle-history">The opposing buster wolf used <strong>Icicle Crash</strong>!<br></div><div class="battle-history"><small>It's not very effective...</small><br></div><div class="battle-history"><small>(Weavile lost 49% of its health!)</small><br></div><div class="spacer battle-history"><br></div><div class="battle-history">Weavile fainted!<br></div><div class="spacer battle-history"><br></div><div class="battle-history">Go! <strong>Victini</strong>!<br></div><div class="spacer battle-history"><br></div><h2 class="battle-history">Turn 12</h2><div class="spacer battle-history"><br></div><div class="battle-history">shingenx withdrew buster wolf!<br></div><div class="battle-history">shingenx sent out fake hooh (<strong>Moltres</strong>)!<br></div><div class="spacer battle-history"><br></div><div class="battle-history">Victini used <strong>V-create</strong>!<br></div><div class="battle-history"><small>It's not very effective...</small><br></div><div class="battle-history"><small>(The opposing fake hooh lost 24% of its health!)</small><br></div><div class="battle-history"><small>Victini's Speed fell!</small><br></div><div class="battle-history"><small>Victini's Defense fell!</small><br></div><div class="battle-history"><small>Victini's Sp. Def fell!</small><br></div><div class="spacer battle-history"><br></div><h2 class="battle-history">Turn 13</h2><div class="spacer battle-history"><br></div><div class="battle-history">Victini, come back!<br></div><div class="battle-history">Go! Dragalge (<strong>Dragalge-Mega</strong>)!<br></div><div class="battle-history">[Dragalge's Acidic Surge]<br><small>(Acidic Terrain started!)</small><br></div><div class="battle-history"><small>Poison-type moves used by grounded Pokémon will have their power increased.</small><br></div><div class="battle-history"><small>Grounded Steel-type Pokémon will also lose their immunity to Poison-type moves.</small><br></div><div class="spacer battle-history"><br></div><div class="battle-history">shingenx withdrew fake hooh!<br></div><div class="battle-history">shingenx sent out meta boomer (<strong>Landorus-Therian</strong>)!<br></div><div class="battle-history">[The opposing meta boomer's Intimidate]<br></div><div class="battle-history"><small>Dragalge's Attack fell!</small><br></div><div class="spacer battle-history"><br></div><h2 class="battle-history">Turn 14</h2><div class="spacer battle-history"><br></div><div class="battle-history">Dragalge, come back!<br></div><div class="battle-history">Go! Landorus (<strong>Landorus-Therian</strong>)!<br></div><div class="battle-history">[Landorus's Intimidate]<br></div><div class="battle-history"><small>The opposing meta boomer's Attack fell!</small><br></div><div class="spacer battle-history"><br></div><div class="battle-history">The opposing meta boomer used <strong>Swords Dance</strong>!<br></div><div class="battle-history"><small>The opposing meta boomer's Attack rose sharply!</small><br></div><div class="spacer battle-history"><br></div><h2 class="battle-history">Turn 15</h2><div class="spacer battle-history"><br></div><div class="battle-history">shingenx withdrew meta boomer!<br></div><div class="battle-history">shingenx sent out fake hooh (<strong>Moltres</strong>)!<br></div><div class="spacer battle-history"><br></div><div class="battle-history">Landorus used <strong>Hidden Power</strong>!<br></div><div class="battle-history"><small>(The opposing fake hooh lost 13% of its health!)</small><br></div><div class="spacer battle-history"><br></div><h2 class="battle-history">Turn 16</h2><div class="chat"><small>☆pupugugu left</small></div><div class="chat"><small>☆pupugugu joined</small></div><div class="spacer battle-history"><br></div><div class="battle-history">shingenx withdrew fake hooh!<br></div><div class="battle-history">shingenx sent out cleopatra (<strong>Tangrowth</strong>)!<br></div><div class="spacer battle-history"><br></div><div class="battle-history">Landorus used <strong>U-turn</strong>!<br></div><div class="battle-history"><small>It's super effective!</small><br></div><div class="battle-history"><small>(The opposing cleopatra lost 25% of its health!)</small><br></div><div class="battle-history"><small>Landorus was hurt by the Rocky Helmet!</small><br></div><div class="chat chatmessage-shingenx"><span class="message-log">Gravity Monkey was invited (and promoted to Room Voice) by shingenx.</span></div><div class="spacer battle-history"><br></div><div class="battle-history">Landorus went back to pupugugu!<br></div><div class="battle-history">Go! Dragalge (<strong>Dragalge-Mega</strong>)!<br></div><div class="spacer battle-history"><br></div><h2 class="battle-history">Turn 17</h2><div class="chat chatmessage-shingenx"><strong style="color:#786ed7"><small>☆</small><span class="username" data-name="shingenx">shingenx</span>:</strong> <em>how do i not make it invite only btw</em></div><div class="spacer battle-history"><br></div><div class="battle-history">shingenx withdrew cleopatra!<br></div><div class="battle-history">shingenx sent out meta boomer (<strong>Landorus-Therian</strong>)!<br></div><div class="battle-history">[The opposing meta boomer's Intimidate]<br></div><div class="battle-history"><small>Dragalge's Attack fell!</small><br></div><div class="spacer battle-history"><br></div><div class="battle-history">Dragalge used <strong>Draco Meteor</strong>!<br></div><div class="battle-history"><small>(The opposing meta boomer lost 92% of its health!)</small><br></div><div class="battle-history"><small>Dragalge's Sp. Atk fell harshly!</small><br></div><div class="spacer battle-history"><br></div><div class="battle-history">The opposing meta boomer fainted!<br></div><div class="spacer battle-history"><br></div><div class="battle-history"><small>(Acidic Terrain ended!)</small><br></div><div class="spacer battle-history"><br></div><div class="battle-history">shingenx sent out buster wolf (<strong>Weavile</strong>)!<br></div><div class="battle-history">[The opposing buster wolf's Pressure]<br><small>The opposing buster wolf is exerting its pressure!</small><br></div><div class="spacer battle-history"><br></div><h2 class="battle-history">Turn 18</h2><div class="chat chatmessage-pupugugu mine"><strong style="color:#2b7b91"><small>☆</small><span class="username" data-name="pupugugu">pupugugu</span>:</strong> <em>oh uh</em></div><div class="chat"><div class="broadcast-blue"><strong>This room is no longer invite only!</strong><br>Anyone may now join.</div></div><div class="chat chatmessage-pupugugu highlighted mine"><span class="message-log">pupugugu turned off modjoin.</span></div><div class="chat chatmessage-shingenx"><strong style="color:#786ed7"><small>☆</small><span class="username" data-name="shingenx">shingenx</span>:</strong> <em>aight</em></div><div class="spacer battle-history"><br></div><div class="battle-history"><small>(Dragalge is being withdrawn...)</small><br></div><div class="spacer battle-history"><br></div><div class="battle-history">The opposing buster wolf used <strong>Pursuit</strong>!<br></div><div class="battle-history"><small>(Dragalge lost <abbr title="−204/334">61.1%</abbr> of its health!)</small><br></div><div class="spacer battle-history"><br></div><div class="battle-history">Dragalge, come back!<br></div><div class="battle-history">Go! <strong>Celesteela</strong>!<br></div><div class="spacer battle-history"><br></div><h2 class="battle-history">Turn 19</h2><div class="spacer battle-history"><br></div><div class="battle-history">shingenx withdrew buster wolf!<br></div><div class="battle-history">shingenx sent out black lightning (<strong>Tapu Koko</strong>)!<br></div><div class="battle-history">[The opposing black lightning's Electric Surge]<br><small>An electric current ran across the battlefield!</small><br></div><div class="spacer battle-history"><br></div><div class="battle-history">Celesteela used <strong>Leech Seed</strong>!<br></div><div class="battle-history"><small>The opposing black lightning avoided the attack!</small><br></div><div class="spacer battle-history"><br></div><h2 class="battle-history">Turn 20</h2><div class="spacer battle-history"><br></div><div class="battle-history">Celesteela used <strong>Protect</strong>!<br></div><div class="battle-history"><small>Celesteela protected itself!</small><br></div><div class="spacer battle-history"><br></div><div class="battle-history">The opposing black lightning used <strong>Hidden Power</strong>!<br></div><div class="battle-history"><small>Celesteela protected itself!</small><br></div><div class="spacer battle-history"><br></div><h2 class="battle-history">Turn 21</h2><div class="spacer battle-history"><br></div><div class="battle-history">shingenx withdrew black lightning!<br></div><div class="battle-history">shingenx sent out fake hooh (<strong>Moltres</strong>)!<br></div><div class="spacer battle-history"><br></div><div class="battle-history">Celesteela used <strong>Leech Seed</strong>!<br></div><div class="battle-history"><small>The opposing fake hooh avoided the attack!</small><br></div><div class="spacer battle-history"><br></div><h2 class="battle-history">Turn 22</h2><div class="spacer battle-history"><br></div><div class="battle-history">Celesteela, come back!<br></div><div class="battle-history">Go! <strong>Kommo-o</strong>!<br></div><div class="spacer battle-history"><br></div><div class="battle-history">The opposing fake hooh used <strong>Roost</strong>!<br></div><div class="battle-history"><small>The opposing fake hooh had its HP restored.</small><br></div><div class="battle-history"><small>(The opposing fake hooh loses Flying type this turn.)</small><br></div><div class="spacer battle-history"><br></div><h2 class="battle-history">Turn 23</h2><div class="spacer battle-history"><br></div><div class="battle-history"><small>Kommo-o surrounded itself with its Z-Power!</small><br></div><div class="spacer battle-history"><br></div><div class="battle-history"><small>Kommo-o unleashes its full-force Z-Move!</small><br>Kommo-o used <strong>Clangorous Soulblaze</strong>!<br></div><div class="battle-history"><small>(The opposing fake hooh lost 81% of its health!)</small><br></div><div class="battle-history"><small>Kommo-o's Attack rose!</small><br></div><div class="battle-history"><small>Kommo-o's Defense rose!</small><br></div><div class="battle-history"><small>Kommo-o's Sp. Atk rose!</small><br></div><div class="battle-history"><small>Kommo-o's Sp. Def rose!</small><br></div><div class="battle-history"><small>Kommo-o's Speed rose!</small><br></div><div class="spacer battle-history"><br></div><div class="battle-history">The opposing fake hooh used <strong>Toxic</strong>!<br></div><div class="battle-history"><small>Kommo-o was badly poisoned!</small><br></div><div class="spacer battle-history"><br></div><div class="battle-history"><small>Kommo-o was hurt by poison!</small><br></div><div class="battle-history"><small>The electricity disappeared from the battlefield.</small><br></div><div class="spacer battle-history"><br></div><h2 class="battle-history">Turn 24</h2><div class="spacer battle-history"><br></div><div class="battle-history">shingenx withdrew fake hooh!<br></div><div class="battle-history">shingenx sent out cleopatra (<strong>Tangrowth</strong>)!<br></div><div class="spacer battle-history"><br></div><div class="battle-history">Kommo-o used <strong>Close Combat</strong>!<br></div><div class="battle-history"><small>(The opposing cleopatra lost 35% of its health!)</small><br></div><div class="battle-history"><small>Kommo-o's Defense fell!</small><br></div><div class="battle-history"><small>Kommo-o's Sp. Def fell!</small><br></div><div class="battle-history"><small>Kommo-o was hurt by the Rocky Helmet!</small><br></div><div class="spacer battle-history"><br></div><div class="battle-history"><small>Kommo-o was hurt by poison!</small><br></div><div class="spacer battle-history"><br></div><h2 class="battle-history">Turn 25</h2><div class="spacer battle-history"><br></div><div class="battle-history">shingenx withdrew cleopatra!<br></div><div class="battle-history">shingenx sent out black lightning (<strong>Tapu Koko</strong>)!<br></div><div class="battle-history">[The opposing black lightning's Electric Surge]<br><small>An electric current ran across the battlefield!</small><br></div><div class="spacer battle-history"><br></div><div class="battle-history">Kommo-o used <strong>Flamethrower</strong>!<br></div><div class="battle-history"><small>(The opposing black lightning lost 58% of its health!)</small><br></div><div class="spacer battle-history"><br></div><div class="battle-history"><small>Kommo-o was hurt by poison!</small><br></div><div class="spacer battle-history"><br></div><h2 class="battle-history">Turn 26</h2><div class="spacer battle-history"><br></div><div class="battle-history">shingenx withdrew black lightning!<br></div><div class="battle-history">shingenx sent out fake hooh (<strong>Moltres</strong>)!<br></div><div class="spacer battle-history"><br></div><div class="battle-history">Kommo-o used <strong>Flamethrower</strong>!<br></div><div class="battle-history"><small>It's not very effective...</small><br></div><div class="battle-history"><small>(The opposing fake hooh lost 19% of its health!)</small><br></div><div class="spacer battle-history"><br></div><div class="battle-history">The opposing fake hooh fainted!<br></div><div class="spacer battle-history"><br></div><div class="battle-history"><small>Kommo-o was hurt by poison!</small><br></div><div class="spacer battle-history"><br></div><div class="battle-history">shingenx sent out buster wolf (<strong>Weavile</strong>)!<br></div><div class="battle-history">[The opposing buster wolf's Pressure]<br><small>The opposing buster wolf is exerting its pressure!</small><br></div><div class="spacer battle-history"><br></div><h2 class="battle-history">Turn 27</h2><div class="chat"><small>+Gravity Monkey joined</small></div><div class="spacer battle-history"><br></div><div class="battle-history">The opposing buster wolf used <strong>Ice Shard</strong>!<br></div><div class="battle-history"><small>It's super effective!</small><br></div><div class="battle-history"><small>(Kommo-o lost <abbr title="−27/291">9.3%</abbr> of its health!)</small><br></div><div class="spacer battle-history"><br></div><div class="battle-history">Kommo-o fainted!<br></div><div class="spacer battle-history"><br></div><div class="battle-history">Go! <strong>Victini</strong>!<br></div><div class="spacer battle-history"><br></div><h2 class="battle-history">Turn 28</h2><div class="spacer battle-history"><br></div><div class="battle-history">shingenx withdrew buster wolf!<br></div><div class="battle-history">shingenx sent out cleopatra (<strong>Tangrowth</strong>)!<br></div><div class="spacer battle-history"><br></div><div class="battle-history">Victini used <strong>V-create</strong>!<br></div><div class="battle-history"><small>It's super effective!</small><br></div><div class="battle-history"><small>(The opposing cleopatra lost 85% of its health!)</small><br></div><div class="battle-history"><small>Victini's Speed fell!</small><br></div><div class="battle-history"><small>Victini's Defense fell!</small><br></div><div class="battle-history"><small>Victini's Sp. Def fell!</small><br></div><div class="battle-history"><small>Victini was hurt by the Rocky Helmet!</small><br></div><div class="spacer battle-history"><br></div><h2 class="battle-history">Turn 29</h2><div class="chat chatmessage-shingenx"><strong style="color:#786ed7"><small>☆</small><span class="username" data-name="shingenx">shingenx</span>:</strong> <em>lmao</em></div><div class="spacer battle-history"><br></div><div class="battle-history">shingenx withdrew cleopatra!<br></div><div class="battle-history">shingenx sent out black lightning (<strong>Tapu Koko</strong>)!<br></div><div class="spacer battle-history"><br></div><div class="battle-history">Victini used <strong>V-create</strong>!<br></div><div class="battle-history"><small>(The opposing black lightning lost 42% of its health!)</small><br></div><div class="battle-history"><small>Victini's Speed fell!</small><br></div><div class="battle-history"><small>Victini's Defense fell!</small><br></div><div class="battle-history"><small>Victini's Sp. Def fell!</small><br></div><div class="spacer battle-history"><br></div><div class="battle-history">The opposing black lightning fainted!<br></div><div class="spacer battle-history"><br></div><div class="battle-history"><small>The electricity disappeared from the battlefield.</small><br></div><div class="spacer battle-history"><br></div><div class="battle-history">shingenx sent out buster wolf (<strong>Weavile</strong>)!<br></div><div class="battle-history">[The opposing buster wolf's Pressure]<br><small>The opposing buster wolf is exerting its pressure!</small><br></div><div class="spacer battle-history"><br></div><h2 class="battle-history">Turn 30</h2><div class="spacer battle-history"><br></div><div class="battle-history">The opposing buster wolf used <strong>Pursuit</strong>!<br></div><div class="battle-history"><small>It's super effective!</small><br></div><div class="battle-history"><small>(Victini lost <abbr title="−285/341">83.6%</abbr> of its health!)</small><br></div><div class="spacer battle-history"><br></div><div class="battle-history">Victini fainted!<br></div><div class="spacer battle-history"><br></div><div class="battle-history">Go! <strong>Celesteela</strong>!<br></div><div class="spacer battle-history"><br></div><h2 class="battle-history">Turn 31</h2><div class="spacer battle-history"><br></div><div class="battle-history">shingenx withdrew buster wolf!<br></div><div class="battle-history">shingenx sent out cleopatra (<strong>Tangrowth</strong>)!<br></div><div class="spacer battle-history"><br></div><div class="battle-history">Celesteela used <strong>Heavy Slam</strong>!<br></div><div class="battle-history"><small>(The opposing cleopatra lost 22% of its health!)</small><br></div><div class="battle-history"><small>Celesteela was hurt by the Rocky Helmet!</small><br></div><div class="spacer battle-history"><br></div><div class="battle-history"><small>Celesteela restored a little HP using its Leftovers!</small><br></div><div class="spacer battle-history"><br></div><h2 class="battle-history">Turn 32</h2><div class="spacer battle-history"><br></div><div class="battle-history">Celesteela used <strong>Flamethrower</strong>!<br></div><div class="battle-history"><small>It's super effective!</small><br></div><div class="battle-history"><small>(The opposing cleopatra lost 14% of its health!)</small><br></div><div class="spacer battle-history"><br></div><div class="battle-history">The opposing cleopatra fainted!<br></div><div class="battle-history">[Celesteela's Beast Boost]<br></div><div class="battle-history"><small>Celesteela's Sp. Def rose!</small><br></div><div class="spacer battle-history"><br></div><div class="battle-history"><small>Celesteela restored a little HP using its Leftovers!</small><br></div><div class="spacer battle-history"><br></div><div class="battle-history">shingenx sent out buster wolf (<strong>Weavile</strong>)!<br></div><div class="battle-history">[The opposing buster wolf's Pressure]<br><small>The opposing buster wolf is exerting its pressure!</small><br></div><div class="spacer battle-history"><br></div><h2 class="battle-history">Turn 33</h2><div class="chat chatmessage-shingenx"><strong style="color:#786ed7"><small>☆</small><span class="username" data-name="shingenx">shingenx</span>:</strong> <em>sad</em></div><div class="chat chatmessage-shingenx"><strong style="color:#786ed7"><small>☆</small><span class="username" data-name="shingenx">shingenx</span>:</strong> <em>played too risky early game, gg</em></div><div class="chat chatmessage-pupugugu mine"><strong style="color:#2b7b91"><small>☆</small><span class="username" data-name="pupugugu">pupugugu</span>:</strong> <em>could still get flinched xD</em></div><div class="spacer battle-history"><br></div><div class="battle-history">Celesteela, come back!<br></div><div class="battle-history">Go! Landorus (<strong>Landorus-Therian</strong>)!<br></div><div class="battle-history">[Landorus's Intimidate]<br></div><div class="battle-history"><small>The opposing buster wolf's Attack fell!</small><br></div><div class="spacer battle-history"><br></div><div class="battle-history">The opposing buster wolf used <strong>Icicle Crash</strong>!<br></div><div class="battle-history"><small>It's super effective!</small><br></div><div class="battle-history"><small>(Landorus lost <abbr title="−319/382">83.5%</abbr> of its health!)</small><br></div><div class="spacer battle-history"><br></div><div class="battle-history">Landorus fainted!<br></div><div class="spacer battle-history"><br></div><div class="battle-history">Go! <strong>Celesteela</strong>!<br></div><div class="spacer battle-history"><br></div><h2 class="battle-history">Turn 34</h2><div class="spacer battle-history"><br></div><div class="battle-history">The opposing buster wolf used <strong>Icicle Crash</strong>!<br></div><div class="battle-history"><small>(Celesteela lost <abbr title="−139/397">35.0%</abbr> of its health!)</small><br></div><div class="spacer battle-history"><br></div><div class="battle-history">Celesteela used <strong>Heavy Slam</strong>!<br></div><div class="battle-history"><small>It's super effective!</small><br></div><div class="battle-history"><small>(The opposing buster wolf lost 100% of its health!)</small><br></div><div class="spacer battle-history"><br></div><div class="battle-history">The opposing buster wolf fainted!<br></div><div class="spacer battle-history"><br></div><div class="battle-history"><strong>pupugugu</strong> won the battle!<br></div><div class="chat chatmessage-pupugugu mine"><strong style="color:#2b7b91"><small>☆</small><span class="username" data-name="pupugugu">pupugugu</span>:</strong> <em>gg!</em></div><div class="chat chatmessage-shingenx"><strong style="color:#786ed7"><small>☆</small><span class="username" data-name="shingenx">shingenx</span>:</strong> <em>wp</em></div><div class="chat chatmessage-pupugugu mine"><strong style="color:#2b7b91"><small>☆</small><span class="username" data-name="pupugugu">pupugugu</span>:</strong> <em>fun game :')</em></div></div><div class="inner-preempt message-log"></div></div></div>
</div>
<script>
let daily = Math.floor(Date.now()/1000/60/60/24);document.write('<script src="https://dragonheaven.herokuapp.com/js/replay-embed.js?version'+daily+'"></'+'script>');
</script>
