<!DOCTYPE html>
<meta charset="utf-8" />
<!-- version 1 -->
<title>[Gen 8] Megas for All replay: inkbug1 vs. IsoCon</title>
<style>
html,body {font-family:Verdana, sans-serif;font-size:10pt;margin:0;padding:0;}body{padding:12px 0;} .battle-log {font-family:Verdana, sans-serif;font-size:10pt;} .battle-log-inline {border:1px solid #AAAAAA;background:#EEF2F5;color:black;max-width:640px;margin:0 auto 80px;padding-bottom:5px;} .battle-log .inner {padding:4px 8px 0px 8px;} .battle-log .inner-preempt {padding:0 8px 4px 8px;} .battle-log .inner-after {margin-top:0.5em;} .battle-log h2 {margin:0.5em -8px;padding:4px 8px;border:1px solid #AAAAAA;background:#E0E7EA;border-left:0;border-right:0;font-family:Verdana, sans-serif;font-size:13pt;} .battle-log .chat {vertical-align:middle;padding:3px 0 3px 0;font-size:8pt;} .battle-log .chat strong {color:#40576A;} .battle-log .chat em {padding:1px 4px 1px 3px;color:#000000;font-style:normal;} .chat.mine {background:rgba(0,0,0,0.05);margin-left:-8px;margin-right:-8px;padding-left:8px;padding-right:8px;} .spoiler {color:#BBBBBB;background:#BBBBBB;padding:0px 3px;} .spoiler:hover, .spoiler:active, .spoiler-shown {color:#000000;background:#E2E2E2;padding:0px 3px;} .spoiler a {color:#BBBBBB;} .spoiler:hover a, .spoiler:active a, .spoiler-shown a {color:#2288CC;} .chat code, .chat .spoiler:hover code, .chat .spoiler:active code, .chat .spoiler-shown code {border:1px solid #C0C0C0;background:#EEEEEE;color:black;padding:0 2px;} .chat .spoiler code {border:1px solid #CCCCCC;background:#CCCCCC;color:#CCCCCC;} .battle-log .rated {padding:3px 4px;} .battle-log .rated strong {color:white;background:#89A;padding:1px 4px;border-radius:4px;} .spacer {margin-top:0.5em;} .message-announce {background:#6688AA;color:white;padding:1px 4px 2px;} .message-announce a, .broadcast-green a, .broadcast-blue a, .broadcast-red a {color:#DDEEFF;} .broadcast-green {background-color:#559955;color:white;padding:2px 4px;} .broadcast-blue {background-color:#6688AA;color:white;padding:2px 4px;} .infobox {border:1px solid #6688AA;padding:2px 4px;} .infobox-limited {max-height:200px;overflow:auto;overflow-x:hidden;} .broadcast-red {background-color:#AA5544;color:white;padding:2px 4px;} .message-learn-canlearn {font-weight:bold;color:#228822;text-decoration:underline;} .message-learn-cannotlearn {font-weight:bold;color:#CC2222;text-decoration:underline;} .message-effect-weak {font-weight:bold;color:#CC2222;} .message-effect-resist {font-weight:bold;color:#6688AA;} .message-effect-immune {font-weight:bold;color:#666666;} .message-learn-list {margin-top:0;margin-bottom:0;} .message-throttle-notice, .message-error {color:#992222;} .message-overflow, .chat small.message-overflow {font-size:0pt;} .message-overflow::before {font-size:9pt;content:'...';} .subtle {color:#3A4A66;}
</style>
<div class="wrapper replay-wrapper" style="max-width:1180px;margin:0 auto">
<input type="hidden" name="replayid" value="dragonheaven-gen8megasforall-4988" />
<div class="battle"></div><div class="battle-log"></div><div class="replay-controls"></div><div class="replay-controls-2"></div>
<h1 style="font-weight:normal;text-align:center"><strong>[Gen 8] Megas for All</strong><br /><a href="http://pokemonshowdown.com/users/inkbug1" class="subtle" target="_blank">inkbug1</a> vs. <a href="http://pokemonshowdown.com/users/isocon" class="subtle" target="_blank">IsoCon</a></h1>
<script type="text/plain" class="battle-log-data">|j|☆inkbug1
|j|☆IsoCon
|player|p1|inkbug1|burgh|
|player|p2|IsoCon|evelyn|
|teamsize|p1|6
|teamsize|p2|6
|gametype|singles
|gen|8
|tier|[Gen 8] Megas for All
|clearpoke
|poke|p1|Ninetales, F|
|poke|p1|Gigalith, M|
|poke|p1|Leavanny, M|
|poke|p1|Cradily, F|
|poke|p1|Hawlucha, F|
|poke|p1|Bisharp, M|
|poke|p2|Lycanroc-Dusk, M|
|poke|p2|Tapu Lele|
|poke|p2|Cinderace, F|
|poke|p2|Kartana|
|poke|p2|Clefable, F|
|poke|p2|Diggersby, M|
|rule|HP Percentage Mod: HP is shown in percentages
|rule|Endless Battle Clause: Forcing endless battles is banned
|rule|OHKO Clause: OHKO moves are banned
|rule|Evasion Moves Clause: Evasion moves are banned
|rule|Species Clause: Limit one of each Pokémon
|rule|Dynamax Clause: You cannot dynamax
|rule|Sleep Clause Mod: Limit one foe put to sleep
|teampreview
|c|☆IsoCon|i have not seen mega lycandusk even mentioned at all so i wanted to build with it
|
|start
|switch|p1a: Alice|Ninetales, F|100\/100
|switch|p2a: him|Diggersby, M|100\/100
|-weather|SunnyDay|[from] ability: Drought|[of] p1a: Alice
|turn|1
|c|☆inkbug1|ooh fun ! 
|
|move|p1a: Alice|Overheat|p2a: him
|-damage|p2a: him|26\/100
|-unboost|p1a: Alice|spa|2
|-enditem|p1a: Alice|Eject Pack
|
|switch|p1a: Holly|Hawlucha, F|100\/100
|-ability|p1a: Holly|Mold Breaker
|move|p2a: him|Thunder Punch|p1a: Holly
|-supereffective|p1a: Holly
|-damage|p1a: Holly|0 fnt
|faint|p1a: Holly
|
|-weather|SunnyDay|[upkeep]
|upkeep
|j| BotwNerd745
|c|☆inkbug1|thats
|c|☆inkbug1|fair
|
|switch|p1a: Trillium|Leavanny, M, shiny|100\/100
|turn|2
|
|switch|p2a: Hudson-Odoi|Cinderace, F|100\/100
|move|p1a: Trillium|Leaf Blade|p2a: Hudson-Odoi
|-resisted|p2a: Hudson-Odoi
|-damage|p2a: Hudson-Odoi|52\/100
|
|-weather|SunnyDay|[upkeep]
|upkeep
|turn|3
|
|switch|p1a: Corundum|Gigalith, M|100\/100
|move|p2a: Hudson-Odoi|U-turn|p1a: Corundum
|-start|p2a: Hudson-Odoi|typechange|Bug|[from] ability: Libero
|-damage|p1a: Corundum|74\/100
|
|switch|p2a: Alaska|Lycanroc-Dusk, M|100\/100|[from]move: U-turn
|
|-weather|SunnyDay|[upkeep]
|upkeep
|turn|4
|c|☆IsoCon|what
|c|☆IsoCon|i cant mega
|c|☆inkbug1|huh ? 
|c|☆IsoCon|this wasnt part of the bug was it?
|c|☆inkbug1|hm
|
|detailschange|p1a: Corundum|Gigalith-Mega, M
|-mega|p1a: Corundum|Gigalith|Gigalite
|move|p2a: Alaska|Close Combat|p1a: Corundum
|-supereffective|p1a: Corundum
|-damage|p1a: Corundum|6\/100
|-unboost|p2a: Alaska|def|1
|-unboost|p2a: Alaska|spd|1
|move|p1a: Corundum|Solar Beam||[still]
|-prepare|p1a: Corundum|Solar Beam|p2a: Alaska
|-anim|p1a: Corundum|Solar Beam|p2a: Alaska
|-supereffective|p2a: Alaska
|-damage|p2a: Alaska|0 fnt
|faint|p2a: Alaska
|
|-weather|SunnyDay|[upkeep]
|upkeep
|c|☆inkbug1|thats really weird 
|
|switch|p2a: Hudson-Odoi|Cinderace, F|52\/100
|turn|5
|
|move|p2a: Hudson-Odoi|U-turn|p1a: Corundum
|-start|p2a: Hudson-Odoi|typechange|Bug|[from] ability: Libero
|-damage|p1a: Corundum|0 fnt
|faint|p1a: Corundum
|
|switch|p2a: uber.|Tapu Lele|100\/100|[from]move: U-turn
|-fieldstart|move: Psychic Terrain|[from] ability: Psychic Surge|[of] p2a: uber.
|
|-weather|none
|upkeep
|j| H2OPulse
|
|switch|p1a: Alice|Ninetales, F|100\/100
|-weather|SunnyDay|[from] ability: Drought|[of] p1a: Alice
|turn|6
|
|move|p2a: uber.|Psyshock|p1a: Alice
|-damage|p1a: Alice|34\/100
|move|p1a: Alice|Nasty Plot|p1a: Alice
|-boost|p1a: Alice|spa|2
|
|-weather|SunnyDay|[upkeep]
|upkeep
|turn|7
|c| H2OPulse|Hi! Juuust here to check on the bug uh
|
|switch|p2a: paper cut|Kartana|100\/100
|-enditem|p2a: paper cut|Psychic Seed
|-boost|p2a: paper cut|spd|1|[from] item: Psychic Seed
|move|p1a: Alice|Overheat|p2a: paper cut
|-supereffective|p2a: paper cut
|-damage|p2a: paper cut|0 fnt
|-unboost|p1a: Alice|spa|2
|faint|p2a: paper cut
|
|-weather|SunnyDay|[upkeep]
|upkeep
|c| H2OPulse|so the Dusk Lycanite isn't doing anything at all I see
|c|☆IsoCon|yeah
|
|switch|p2a: Hudson-Odoi|Cinderace, F|52\/100
|turn|8
|
|move|p2a: Hudson-Odoi|Gunk Shot|p1a: Alice|[miss]
|-start|p2a: Hudson-Odoi|typechange|Poison|[from] ability: Libero
|-miss|p2a: Hudson-Odoi|p1a: Alice
|move|p1a: Alice|Memento|p2a: Hudson-Odoi
|-unboost|p2a: Hudson-Odoi|atk|2
|-unboost|p2a: Hudson-Odoi|spa|2
|faint|p1a: Alice
|
|-weather|SunnyDay|[upkeep]
|upkeep
|l|☆inkbug1
|player|p1|


|player|p1|
|j|☆inkbug1


|player|p1|inkbug1|burgh
|c| H2OPulse|okay that's a problem


|c| H2OPulse|I wonder why that is


|
|switch|p1a: Aby|Cradily, F|375\/375
|turn|9


|c| H2OPulse|I will go see if there are any obvious causes


|
|move|p2a: Hudson-Odoi|Pyro Ball|p1a: Aby
|-start|p2a: Hudson-Odoi|typechange|Fire|[from] ability: Libero
|-damage|p1a: Aby|227\/375
|move|p1a: Aby|Ancient Power|p2a: Hudson-Odoi
|-supereffective|p2a: Hudson-Odoi
|-damage|p2a: Hudson-Odoi|2\/100
|
|-weather|SunnyDay|[upkeep]
|-fieldend|move: Psychic Terrain
|upkeep
|turn|10


|
|move|p2a: Hudson-Odoi|U-turn|p1a: Aby
|-start|p2a: Hudson-Odoi|typechange|Bug|[from] ability: Libero
|-supereffective|p1a: Aby
|-damage|p1a: Aby|105\/375


|c| H2OPulse|I knew Lycanroc was causing some problems so I'm not terribly surprised


|c| H2OPulse|but I did not know this was among them


|
|switch|p2a: uber.|Tapu Lele|100\/100|[from]move: U-turn
|-fieldstart|move: Psychic Terrain|[from] ability: Psychic Surge|[of] p2a: uber.
|move|p1a: Aby|Ancient Power|p2a: uber.
|-damage|p2a: uber.|82\/100
|
|-weather|none
|upkeep
|turn|11


|c|☆inkbug1|weird 


|
|move|p2a: uber.|Moonblast|p1a: Aby
|-damage|p1a: Aby|0 fnt
|faint|p1a: Aby
|
|upkeep


|
|switch|p1a: Trillium|Leavanny, M, shiny|291\/291
|turn|12


|
|move|p2a: uber.|Moonblast|p1a: Trillium
|-damage|p1a: Trillium|96\/291
|-unboost|p1a: Trillium|spa|1
|move|p1a: Trillium|Shadow Claw|p2a: uber.
|-supereffective|p2a: uber.
|-damage|p2a: uber.|0 fnt
|faint|p2a: uber.
|
|upkeep


|
|switch|p2a: Hudson-Odoi|Cinderace, F|2\/100
|turn|13


|
|move|p2a: Hudson-Odoi|Gunk Shot|p1a: Trillium|[miss]
|-start|p2a: Hudson-Odoi|typechange|Poison|[from] ability: Libero
|-miss|p2a: Hudson-Odoi|p1a: Trillium
|move|p1a: Trillium|Shadow Claw|p2a: Hudson-Odoi
|-damage|p2a: Hudson-Odoi|0 fnt
|faint|p2a: Hudson-Odoi
|
|upkeep


|c|☆inkbug1|why 


|
|switch|p2a: clef momento|Clefable, F|100\/100
|turn|14


|
|move|p1a: Trillium|Shadow Claw|p2a: clef momento
|-damage|p2a: clef momento|75\/100
|move|p2a: clef momento|Moonblast|p1a: Trillium
|-damage|p1a: Trillium|0 fnt
|faint|p1a: Trillium
|
|-heal|p2a: clef momento|81\/100|[from] item: Leftovers
|-fieldend|move: Psychic Terrain
|upkeep


|
|switch|p1a: Zasp|Bisharp, M|334\/334
|turn|15


|
|move|p1a: Zasp|Knock Off|p2a: clef momento
|-resisted|p2a: clef momento
|-damage|p2a: clef momento|65\/100
|-enditem|p2a: clef momento|Leftovers|[from] move: Knock Off|[of] p1a: Zasp
|move|p2a: clef momento|Moonblast|p1a: Zasp
|-damage|p1a: Zasp|235\/334
|
|-heal|p1a: Zasp|255\/334|[from] item: Leftovers
|upkeep
|turn|16


|c| BotwNerd745|Oh that


|c|☆IsoCon|oh


|c|☆IsoCon|is that


|c|☆IsoCon|av


|c| BotwNerd745|also works for zasp


|
|move|p1a: Zasp|Taunt|p2a: clef momento
|-start|p2a: clef momento|move: Taunt
|move|p2a: clef momento|Moonblast|p1a: Zasp
|-damage|p1a: Zasp|146\/334
|
|-heal|p1a: Zasp|166\/334|[from] item: Leftovers
|upkeep
|turn|17


|
|move|p1a: Zasp|Psycho Cut|p2a: clef momento
|-damage|p2a: clef momento|50\/100
|move|p2a: clef momento|Moonblast|p1a: Zasp
|-damage|p1a: Zasp|61\/334
|
|-heal|p1a: Zasp|81\/334|[from] item: Leftovers
|upkeep
|turn|18


|
|move|p1a: Zasp|Psycho Cut|p2a: clef momento
|-damage|p2a: clef momento|34\/100
|move|p2a: clef momento|Moonblast|p1a: Zasp
|-damage|p1a: Zasp|0 fnt
|faint|p1a: Zasp
|
|win|IsoCon


|c|☆IsoCon|gg


|c|☆inkbug1|yea ok well almost none of that worked


|c| H2OPulse|(uuuugh this is why there are no canon Megas based on Pokémon with multiple forms)


|c|☆inkbug1|i


|c|☆inkbug1|didnt expect it to


|c|☆inkbug1|so


|l| BotwNerd745


|c| H2OPulse|sorry that I prevented you from Mega Evolving your Lycanroc;;; I will try to fix it


|c|☆IsoCon|its fine


|l|☆IsoCon


|j|☆IsoCon
</script>
</div>
<div class="battle-log battle-log-inline"><div class="inner"><div class="battle-options"><div style="padding-top: 3px; padding-right: 3px; text-align: right"><button class="icon button" name="openBattleOptions" title="Options">Battle Options</button></div></div><div class="inner message-log"><div class="chat"><small>☆inkbug1 and ☆IsoCon joined</small></div><div class=""><small>Format:</small> <br><strong>[Gen 8] Megas for All</strong></div><div class=""><small><em>HP Percentage Mod:</em> HP is shown in percentages</small></div><div class=""><small><em>Endless Battle Clause:</em> Forcing endless battles is banned</small></div><div class=""><small><em>OHKO Clause:</em> OHKO moves are banned</small></div><div class=""><small><em>Evasion Moves Clause:</em> Evasion moves are banned</small></div><div class=""><small><em>Species Clause:</em> Limit one of each Pokémon</small></div><div class=""><small><em>Dynamax Clause:</em> You cannot dynamax</small></div><div class=""><small><em>Sleep Clause Mod:</em> Limit one foe put to sleep</small></div><div class="chat battle-history"><strong>inkbug1's team:</strong> <em style="color:#445566;display:block;">Ninetales / Gigalith / Leavanny / Cradily / Hawlucha / Bisharp</em></div><div class="chat battle-history"><strong>IsoCon's team:</strong> <em style="color:#445566;display:block;">Lycanroc-Dusk / Tapu Lele / Cinderace / Kartana / Clefable / Diggersby</em></div><div class="chat chatmessage-isocon"><strong style="color:#616adf"><small>☆</small><span class="username" data-name="IsoCon">IsoCon</span>:</strong> <em>i have not seen mega lycandusk even mentioned at all so i wanted to build with it</em></div><div class="spacer battle-history"><br></div><div class="battle-history">Battle started between inkbug1 and IsoCon!<br></div><div class="spacer battle-history"><br></div><div class="battle-history">Go! Alice (<strong>Ninetales</strong>)!<br></div><div class="spacer battle-history"><br></div><div class="battle-history">IsoCon sent out him (<strong>Diggersby</strong>)!<br></div><div class="battle-history">[Alice's Drought]<br><small>The sunlight turned harsh!</small><br></div><div class="spacer battle-history"><br></div><h2 class="battle-history">Turn 1</h2><div class="chat chatmessage-inkbug1"><strong style="color:#e46e0f"><small>☆</small><span class="username" data-name="inkbug1">inkbug1</span>:</strong> <em>ooh fun ! </em></div><div class="spacer battle-history"><br></div><div class="battle-history">Alice used <strong>Overheat</strong>!<br></div><div class="battle-history"><small>(The opposing him lost 74% of its health!)</small><br></div><div class="battle-history"><small>Alice's Sp. Atk fell harshly!</small><br></div><div class="battle-history"><small>(Alice used its Eject Pack!)</small><br></div><div class="spacer battle-history"><br></div><div class="battle-history">Alice, come back!<br></div><div class="battle-history">Go! Holly (<strong>Hawlucha</strong>)!<br></div><div class="battle-history">[Holly's Mold Breaker]<br><small>Holly breaks the mold!</small><br></div><div class="spacer battle-history"><br></div><div class="battle-history">The opposing him used <strong>Thunder Punch</strong>!<br></div><div class="battle-history"><small>It's super effective!</small><br></div><div class="battle-history"><small>(Holly lost 100% of its health!)</small><br></div><div class="spacer battle-history"><br></div><div class="battle-history">Holly fainted!<br></div><div class="spacer battle-history"><br></div><div class="battle-history"><small>(The sunlight is strong.)</small><br></div><div class="chat"><small> BotwNerd745 joined</small></div><div class="chat chatmessage-inkbug1"><strong style="color:#e46e0f"><small>☆</small><span class="username" data-name="inkbug1">inkbug1</span>:</strong> <em>thats</em></div><div class="chat chatmessage-inkbug1"><strong style="color:#e46e0f"><small>☆</small><span class="username" data-name="inkbug1">inkbug1</span>:</strong> <em>fair</em></div><div class="spacer battle-history"><br></div><div class="battle-history">Go! Trillium (<strong>Leavanny</strong>)!<br></div><div class="spacer battle-history"><br></div><h2 class="battle-history">Turn 2</h2><div class="spacer battle-history"><br></div><div class="battle-history">IsoCon withdrew him!<br></div><div class="battle-history">IsoCon sent out Hudson-Odoi (<strong>Cinderace</strong>)!<br></div><div class="spacer battle-history"><br></div><div class="battle-history">Trillium used <strong>Leaf Blade</strong>!<br></div><div class="battle-history"><small>It's not very effective...</small><br></div><div class="battle-history"><small>(The opposing Hudson-Odoi lost 48% of its health!)</small><br></div><div class="spacer battle-history"><br></div><div class="battle-history"><small>(The sunlight is strong.)</small><br></div><div class="spacer battle-history"><br></div><h2 class="battle-history">Turn 3</h2><div class="spacer battle-history"><br></div><div class="battle-history">Trillium, come back!<br></div><div class="battle-history">Go! Corundum (<strong>Gigalith</strong>)!<br></div><div class="spacer battle-history"><br></div><div class="battle-history">The opposing Hudson-Odoi used <strong>U-turn</strong>!<br></div><div class="battle-history">[The opposing Hudson-Odoi's Libero]<br><small>The opposing Hudson-Odoi's type changed to Bug!</small><br></div><div class="battle-history"><small>(Corundum lost 26% of its health!)</small><br></div><div class="spacer battle-history"><br></div><div class="battle-history">The opposing Hudson-Odoi went back to IsoCon!<br></div><div class="battle-history">IsoCon sent out Alaska (<strong>Lycanroc-Dusk</strong>)!<br></div><div class="spacer battle-history"><br></div><div class="battle-history"><small>(The sunlight is strong.)</small><br></div><div class="spacer battle-history"><br></div><h2 class="battle-history">Turn 4</h2><div class="chat chatmessage-isocon"><strong style="color:#616adf"><small>☆</small><span class="username" data-name="IsoCon">IsoCon</span>:</strong> <em>what</em></div><div class="chat chatmessage-isocon"><strong style="color:#616adf"><small>☆</small><span class="username" data-name="IsoCon">IsoCon</span>:</strong> <em>i cant mega</em></div><div class="chat chatmessage-inkbug1"><strong style="color:#e46e0f"><small>☆</small><span class="username" data-name="inkbug1">inkbug1</span>:</strong> <em>huh ? </em></div><div class="chat chatmessage-isocon"><strong style="color:#616adf"><small>☆</small><span class="username" data-name="IsoCon">IsoCon</span>:</strong> <em>this wasnt part of the bug was it?</em></div><div class="chat chatmessage-inkbug1"><strong style="color:#e46e0f"><small>☆</small><span class="username" data-name="inkbug1">inkbug1</span>:</strong> <em>hm</em></div><div class="spacer battle-history"><br></div><div class="battle-history"><small>Corundum's Gigalite is reacting to the Key Stone!</small><br>Corundum has Mega Evolved into Mega Gigalith!<br></div><div class="spacer battle-history"><br></div><div class="battle-history">The opposing Alaska used <strong>Close Combat</strong>!<br></div><div class="battle-history"><small>It's super effective!</small><br></div><div class="battle-history"><small>(Corundum lost 68% of its health!)</small><br></div><div class="battle-history"><small>The opposing Alaska's Defense fell!</small><br></div><div class="battle-history"><small>The opposing Alaska's Sp. Def fell!</small><br></div><div class="spacer battle-history"><br></div><div class="battle-history">Corundum used <strong>Solar Beam</strong>!<br></div><div class="battle-history"><small>Corundum absorbed light!</small><br></div><div class="battle-history"><small>It's super effective!</small><br></div><div class="battle-history"><small>(The opposing Alaska lost 100% of its health!)</small><br></div><div class="spacer battle-history"><br></div><div class="battle-history">The opposing Alaska fainted!<br></div><div class="spacer battle-history"><br></div><div class="battle-history"><small>(The sunlight is strong.)</small><br></div><div class="chat chatmessage-inkbug1"><strong style="color:#e46e0f"><small>☆</small><span class="username" data-name="inkbug1">inkbug1</span>:</strong> <em>thats really weird </em></div><div class="spacer battle-history"><br></div><div class="battle-history">IsoCon sent out Hudson-Odoi (<strong>Cinderace</strong>)!<br></div><div class="spacer battle-history"><br></div><h2 class="battle-history">Turn 5</h2><div class="spacer battle-history"><br></div><div class="battle-history">The opposing Hudson-Odoi used <strong>U-turn</strong>!<br></div><div class="battle-history">[The opposing Hudson-Odoi's Libero]<br><small>The opposing Hudson-Odoi's type changed to Bug!</small><br></div><div class="battle-history"><small>(Corundum lost 6% of its health!)</small><br></div><div class="spacer battle-history"><br></div><div class="battle-history">Corundum fainted!<br></div><div class="spacer battle-history"><br></div><div class="battle-history">The opposing Hudson-Odoi went back to IsoCon!<br></div><div class="battle-history">IsoCon sent out uber. (<strong>Tapu Lele</strong>)!<br></div><div class="battle-history">[The opposing uber.'s Psychic Surge]<br><small>The battlefield got weird!</small><br></div><div class="spacer battle-history"><br></div><div class="battle-history"><small>The harsh sunlight faded.</small><br></div><div class="chat"><small> H2OPulse joined</small></div><div class="spacer battle-history"><br></div><div class="battle-history">Go! Alice (<strong>Ninetales</strong>)!<br></div><div class="battle-history">[Alice's Drought]<br><small>The sunlight turned harsh!</small><br></div><div class="spacer battle-history"><br></div><h2 class="battle-history">Turn 6</h2><div class="spacer battle-history"><br></div><div class="battle-history">The opposing uber. used <strong>Psyshock</strong>!<br></div><div class="battle-history"><small>(Alice lost 66% of its health!)</small><br></div><div class="spacer battle-history"><br></div><div class="battle-history">Alice used <strong>Nasty Plot</strong>!<br></div><div class="battle-history"><small>Alice's Sp. Atk rose sharply!</small><br></div><div class="spacer battle-history"><br></div><div class="battle-history"><small>(The sunlight is strong.)</small><br></div><div class="spacer battle-history"><br></div><h2 class="battle-history">Turn 7</h2><div class="chat chatmessage-h2opulse"><strong style="color:#6e8c2b"><small> </small><span class="username" data-name="H2OPulse">H2OPulse</span>:</strong> <em>Hi! Juuust here to check on the bug uh</em></div><div class="spacer battle-history"><br></div><div class="battle-history">IsoCon withdrew uber.!<br></div><div class="battle-history">IsoCon sent out paper cut (<strong>Kartana</strong>)!<br></div><div class="battle-history"><small>(The opposing paper cut used its Psychic Seed!)</small><br></div><div class="battle-history"><small>The Psychic Seed raised the opposing paper cut's Sp. Def!</small><br></div><div class="spacer battle-history"><br></div><div class="battle-history">Alice used <strong>Overheat</strong>!<br></div><div class="battle-history"><small>It's super effective!</small><br></div><div class="battle-history"><small>(The opposing paper cut lost 100% of its health!)</small><br></div><div class="battle-history"><small>Alice's Sp. Atk fell harshly!</small><br></div><div class="spacer battle-history"><br></div><div class="battle-history">The opposing paper cut fainted!<br></div><div class="spacer battle-history"><br></div><div class="battle-history"><small>(The sunlight is strong.)</small><br></div><div class="chat chatmessage-h2opulse"><strong style="color:#6e8c2b"><small> </small><span class="username" data-name="H2OPulse">H2OPulse</span>:</strong> <em>so the Dusk Lycanite isn't doing anything at all I see</em></div><div class="chat chatmessage-isocon"><strong style="color:#616adf"><small>☆</small><span class="username" data-name="IsoCon">IsoCon</span>:</strong> <em>yeah</em></div><div class="spacer battle-history"><br></div><div class="battle-history">IsoCon sent out Hudson-Odoi (<strong>Cinderace</strong>)!<br></div><div class="spacer battle-history"><br></div><h2 class="battle-history">Turn 8</h2><div class="spacer battle-history"><br></div><div class="battle-history">The opposing Hudson-Odoi used <strong>Gunk Shot</strong>!<br></div><div class="battle-history">[The opposing Hudson-Odoi's Libero]<br><small>The opposing Hudson-Odoi's type changed to Poison!</small><br></div><div class="battle-history"><small>Alice avoided the attack!</small><br></div><div class="spacer battle-history"><br></div><div class="battle-history">Alice used <strong>Memento</strong>!<br></div><div class="battle-history"><small>The opposing Hudson-Odoi's Attack fell harshly!</small><br></div><div class="battle-history"><small>The opposing Hudson-Odoi's Sp. Atk fell harshly!</small><br></div><div class="spacer battle-history"><br></div><div class="battle-history">Alice fainted!<br></div><div class="spacer battle-history"><br></div><div class="battle-history"><small>(The sunlight is strong.)</small><br></div><div class="chat"><small>☆inkbug1 left</small></div><div class="chat"><small>☆inkbug1 joined</small></div><div class="chat chatmessage-h2opulse"><strong style="color:#6e8c2b"><small> </small><span class="username" data-name="H2OPulse">H2OPulse</span>:</strong> <em>okay that's a problem</em></div><div class="chat chatmessage-h2opulse"><strong style="color:#6e8c2b"><small> </small><span class="username" data-name="H2OPulse">H2OPulse</span>:</strong> <em>I wonder why that is</em></div><div class="spacer battle-history"><br></div><div class="battle-history">Go! Aby (<strong>Cradily</strong>)!<br></div><div class="spacer battle-history"><br></div><h2 class="battle-history">Turn 9</h2><div class="chat chatmessage-h2opulse"><strong style="color:#6e8c2b"><small> </small><span class="username" data-name="H2OPulse">H2OPulse</span>:</strong> <em>I will go see if there are any obvious causes</em></div><div class="spacer battle-history"><br></div><div class="battle-history">The opposing Hudson-Odoi used <strong>Pyro Ball</strong>!<br></div><div class="battle-history">[The opposing Hudson-Odoi's Libero]<br><small>The opposing Hudson-Odoi's type changed to Fire!</small><br></div><div class="battle-history"><small>(Aby lost <abbr title="−148/375">39.5%</abbr> of its health!)</small><br></div><div class="spacer battle-history"><br></div><div class="battle-history">Aby used <strong>Ancient Power</strong>!<br></div><div class="battle-history"><small>It's super effective!</small><br></div><div class="battle-history"><small>(The opposing Hudson-Odoi lost 50% of its health!)</small><br></div><div class="spacer battle-history"><br></div><div class="battle-history"><small>(The sunlight is strong.)</small><br></div><div class="battle-history"><small>The weirdness disappeared from the battlefield!</small><br></div><div class="spacer battle-history"><br></div><h2 class="battle-history">Turn 10</h2><div class="spacer battle-history"><br></div><div class="battle-history">The opposing Hudson-Odoi used <strong>U-turn</strong>!<br></div><div class="battle-history">[The opposing Hudson-Odoi's Libero]<br><small>The opposing Hudson-Odoi's type changed to Bug!</small><br></div><div class="battle-history"><small>It's super effective!</small><br></div><div class="battle-history"><small>(Aby lost <abbr title="−122/375">32.5%</abbr> of its health!)</small><br></div><div class="chat chatmessage-h2opulse"><strong style="color:#6e8c2b"><small> </small><span class="username" data-name="H2OPulse">H2OPulse</span>:</strong> <em>I knew Lycanroc was causing some problems so I'm not terribly surprised</em></div><div class="chat chatmessage-h2opulse"><strong style="color:#6e8c2b"><small> </small><span class="username" data-name="H2OPulse">H2OPulse</span>:</strong> <em>but I did not know this was among them</em></div><div class="spacer battle-history"><br></div><div class="battle-history">The opposing Hudson-Odoi went back to IsoCon!<br></div><div class="battle-history">IsoCon sent out uber. (<strong>Tapu Lele</strong>)!<br></div><div class="battle-history">[The opposing uber.'s Psychic Surge]<br><small>The battlefield got weird!</small><br></div><div class="spacer battle-history"><br></div><div class="battle-history">Aby used <strong>Ancient Power</strong>!<br></div><div class="battle-history"><small>(The opposing uber. lost 18% of its health!)</small><br></div><div class="spacer battle-history"><br></div><div class="battle-history"><small>The harsh sunlight faded.</small><br></div><div class="spacer battle-history"><br></div><h2 class="battle-history">Turn 11</h2><div class="chat chatmessage-inkbug1 mine"><strong style="color:#e46e0f"><small>☆</small><span class="username" data-name="inkbug1">inkbug1</span>:</strong> <em>weird </em></div><div class="spacer battle-history"><br></div><div class="battle-history">The opposing uber. used <strong>Moonblast</strong>!<br></div><div class="battle-history"><small>(Aby lost <abbr title="−105/375">28.0%</abbr> of its health!)</small><br></div><div class="spacer battle-history"><br></div><div class="battle-history">Aby fainted!<br></div><div class="spacer battle-history"><br></div><div class="battle-history">Go! Trillium (<strong>Leavanny</strong>)!<br></div><div class="spacer battle-history"><br></div><h2 class="battle-history">Turn 12</h2><div class="spacer battle-history"><br></div><div class="battle-history">The opposing uber. used <strong>Moonblast</strong>!<br></div><div class="battle-history"><small>(Trillium lost <abbr title="−195/291">67.0%</abbr> of its health!)</small><br></div><div class="battle-history"><small>Trillium's Sp. Atk fell!</small><br></div><div class="spacer battle-history"><br></div><div class="battle-history">Trillium used <strong>Shadow Claw</strong>!<br></div><div class="battle-history"><small>It's super effective!</small><br></div><div class="battle-history"><small>(The opposing uber. lost 82% of its health!)</small><br></div><div class="spacer battle-history"><br></div><div class="battle-history">The opposing uber. fainted!<br></div><div class="spacer battle-history"><br></div><div class="battle-history">IsoCon sent out Hudson-Odoi (<strong>Cinderace</strong>)!<br></div><div class="spacer battle-history"><br></div><h2 class="battle-history">Turn 13</h2><div class="spacer battle-history"><br></div><div class="battle-history">The opposing Hudson-Odoi used <strong>Gunk Shot</strong>!<br></div><div class="battle-history">[The opposing Hudson-Odoi's Libero]<br><small>The opposing Hudson-Odoi's type changed to Poison!</small><br></div><div class="battle-history"><small>Trillium avoided the attack!</small><br></div><div class="spacer battle-history"><br></div><div class="battle-history">Trillium used <strong>Shadow Claw</strong>!<br></div><div class="battle-history"><small>(The opposing Hudson-Odoi lost 2% of its health!)</small><br></div><div class="spacer battle-history"><br></div><div class="battle-history">The opposing Hudson-Odoi fainted!<br></div><div class="chat chatmessage-inkbug1 mine"><strong style="color:#e46e0f"><small>☆</small><span class="username" data-name="inkbug1">inkbug1</span>:</strong> <em>why </em></div><div class="spacer battle-history"><br></div><div class="battle-history">IsoCon sent out clef momento (<strong>Clefable</strong>)!<br></div><div class="spacer battle-history"><br></div><h2 class="battle-history">Turn 14</h2><div class="spacer battle-history"><br></div><div class="battle-history">Trillium used <strong>Shadow Claw</strong>!<br></div><div class="battle-history"><small>(The opposing clef momento lost 25% of its health!)</small><br></div><div class="spacer battle-history"><br></div><div class="battle-history">The opposing clef momento used <strong>Moonblast</strong>!<br></div><div class="battle-history"><small>(Trillium lost <abbr title="−96/291">33.0%</abbr> of its health!)</small><br></div><div class="spacer battle-history"><br></div><div class="battle-history">Trillium fainted!<br></div><div class="spacer battle-history"><br></div><div class="battle-history"><small>The opposing clef momento restored a little HP using its Leftovers!</small><br></div><div class="battle-history"><small>The weirdness disappeared from the battlefield!</small><br></div><div class="spacer battle-history"><br></div><div class="battle-history">Go! Zasp (<strong>Bisharp</strong>)!<br></div><div class="spacer battle-history"><br></div><h2 class="battle-history">Turn 15</h2><div class="spacer battle-history"><br></div><div class="battle-history">Zasp used <strong>Knock Off</strong>!<br></div><div class="battle-history"><small>It's not very effective...</small><br></div><div class="battle-history"><small>(The opposing clef momento lost 16% of its health!)</small><br></div><div class="battle-history"><small>Zasp knocked off the opposing clef momento's Leftovers!</small><br></div><div class="spacer battle-history"><br></div><div class="battle-history">The opposing clef momento used <strong>Moonblast</strong>!<br></div><div class="battle-history"><small>(Zasp lost <abbr title="−99/334">29.6%</abbr> of its health!)</small><br></div><div class="spacer battle-history"><br></div><div class="battle-history"><small>Zasp restored a little HP using its Leftovers!</small><br></div><div class="spacer battle-history"><br></div><h2 class="battle-history">Turn 16</h2><div class="chat chatmessage-botwnerd745"><strong style="color:#9835de"><small> </small><span class="username" data-name="BotwNerd745">BotwNerd745</span>:</strong> <em>Oh that</em></div><div class="chat chatmessage-isocon"><strong style="color:#616adf"><small>☆</small><span class="username" data-name="IsoCon">IsoCon</span>:</strong> <em>oh</em></div><div class="chat chatmessage-isocon"><strong style="color:#616adf"><small>☆</small><span class="username" data-name="IsoCon">IsoCon</span>:</strong> <em>is that</em></div><div class="chat chatmessage-isocon"><strong style="color:#616adf"><small>☆</small><span class="username" data-name="IsoCon">IsoCon</span>:</strong> <em>av</em></div><div class="chat chatmessage-botwnerd745"><strong style="color:#9835de"><small> </small><span class="username" data-name="BotwNerd745">BotwNerd745</span>:</strong> <em>also works for zasp</em></div><div class="spacer battle-history"><br></div><div class="battle-history">Zasp used <strong>Taunt</strong>!<br></div><div class="battle-history"><small>The opposing clef momento fell for the taunt!</small><br></div><div class="spacer battle-history"><br></div><div class="battle-history">The opposing clef momento used <strong>Moonblast</strong>!<br></div><div class="battle-history"><small>(Zasp lost <abbr title="−109/334">32.6%</abbr> of its health!)</small><br></div><div class="spacer battle-history"><br></div><div class="battle-history"><small>Zasp restored a little HP using its Leftovers!</small><br></div><div class="spacer battle-history"><br></div><h2 class="battle-history">Turn 17</h2><div class="spacer battle-history"><br></div><div class="battle-history">Zasp used <strong>Psycho Cut</strong>!<br></div><div class="battle-history"><small>(The opposing clef momento lost 15% of its health!)</small><br></div><div class="spacer battle-history"><br></div><div class="battle-history">The opposing clef momento used <strong>Moonblast</strong>!<br></div><div class="battle-history"><small>(Zasp lost <abbr title="−105/334">31.4%</abbr> of its health!)</small><br></div><div class="spacer battle-history"><br></div><div class="battle-history"><small>Zasp restored a little HP using its Leftovers!</small><br></div><div class="spacer battle-history"><br></div><h2 class="battle-history">Turn 18</h2><div class="spacer battle-history"><br></div><div class="battle-history">Zasp used <strong>Psycho Cut</strong>!<br></div><div class="battle-history"><small>(The opposing clef momento lost 16% of its health!)</small><br></div><div class="spacer battle-history"><br></div><div class="battle-history">The opposing clef momento used <strong>Moonblast</strong>!<br></div><div class="battle-history"><small>(Zasp lost <abbr title="−81/334">24.3%</abbr> of its health!)</small><br></div><div class="spacer battle-history"><br></div><div class="battle-history">Zasp fainted!<br></div><div class="spacer battle-history"><br></div><div class="battle-history"><strong>IsoCon</strong> won the battle!<br></div><div class="chat chatmessage-isocon"><strong style="color:#616adf"><small>☆</small><span class="username" data-name="IsoCon">IsoCon</span>:</strong> <em>gg</em></div><div class="chat chatmessage-inkbug1 mine"><strong style="color:#e46e0f"><small>☆</small><span class="username" data-name="inkbug1">inkbug1</span>:</strong> <em>yea ok well almost none of that worked</em></div><div class="chat chatmessage-h2opulse"><strong style="color:#6e8c2b"><small> </small><span class="username" data-name="H2OPulse">H2OPulse</span>:</strong> <em>(uuuugh this is why there are no canon Megas based on Pokémon with multiple forms)</em></div><div class="chat chatmessage-inkbug1 mine"><strong style="color:#e46e0f"><small>☆</small><span class="username" data-name="inkbug1">inkbug1</span>:</strong> <em>i</em></div><div class="chat chatmessage-inkbug1 mine"><strong style="color:#e46e0f"><small>☆</small><span class="username" data-name="inkbug1">inkbug1</span>:</strong> <em>didnt expect it to</em></div><div class="chat chatmessage-inkbug1 mine"><strong style="color:#e46e0f"><small>☆</small><span class="username" data-name="inkbug1">inkbug1</span>:</strong> <em>so</em></div><div class="chat"><small> BotwNerd745 left</small></div><div class="chat chatmessage-h2opulse"><strong style="color:#6e8c2b"><small> </small><span class="username" data-name="H2OPulse">H2OPulse</span>:</strong> <em>sorry that I prevented you from Mega Evolving your Lycanroc;;; I will try to fix it</em></div><div class="chat chatmessage-isocon"><strong style="color:#616adf"><small>☆</small><span class="username" data-name="IsoCon">IsoCon</span>:</strong> <em>its fine</em></div><div class="chat"><small></small></div></div><div class="inner-preempt message-log"></div></div></div>
</div>
<script>
let daily = Math.floor(Date.now()/1000/60/60/24);document.write('<script src="https://play.pokemonshowdown.com/js/replay-embed.js?version'+daily+'"></'+'script>');
</script>
