<!DOCTYPE html>
<meta charset="utf-8" />
<!-- version 1 -->
<title>[Gen 8] M4A Random Battle replay: inkbug1 vs. H2OPulse</title>
<style>
html,body {font-family:Verdana, sans-serif;font-size:10pt;margin:0;padding:0;}body{padding:12px 0;} .battle-log {font-family:Verdana, sans-serif;font-size:10pt;} .battle-log-inline {border:1px solid #AAAAAA;background:#EEF2F5;color:black;max-width:640px;margin:0 auto 80px;padding-bottom:5px;} .battle-log .inner {padding:4px 8px 0px 8px;} .battle-log .inner-preempt {padding:0 8px 4px 8px;} .battle-log .inner-after {margin-top:0.5em;} .battle-log h2 {margin:0.5em -8px;padding:4px 8px;border:1px solid #AAAAAA;background:#E0E7EA;border-left:0;border-right:0;font-family:Verdana, sans-serif;font-size:13pt;} .battle-log .chat {vertical-align:middle;padding:3px 0 3px 0;font-size:8pt;} .battle-log .chat strong {color:#40576A;} .battle-log .chat em {padding:1px 4px 1px 3px;color:#000000;font-style:normal;} .chat.mine {background:rgba(0,0,0,0.05);margin-left:-8px;margin-right:-8px;padding-left:8px;padding-right:8px;} .spoiler {color:#BBBBBB;background:#BBBBBB;padding:0px 3px;} .spoiler:hover, .spoiler:active, .spoiler-shown {color:#000000;background:#E2E2E2;padding:0px 3px;} .spoiler a {color:#BBBBBB;} .spoiler:hover a, .spoiler:active a, .spoiler-shown a {color:#2288CC;} .chat code, .chat .spoiler:hover code, .chat .spoiler:active code, .chat .spoiler-shown code {border:1px solid #C0C0C0;background:#EEEEEE;color:black;padding:0 2px;} .chat .spoiler code {border:1px solid #CCCCCC;background:#CCCCCC;color:#CCCCCC;} .battle-log .rated {padding:3px 4px;} .battle-log .rated strong {color:white;background:#89A;padding:1px 4px;border-radius:4px;} .spacer {margin-top:0.5em;} .message-announce {background:#6688AA;color:white;padding:1px 4px 2px;} .message-announce a, .broadcast-green a, .broadcast-blue a, .broadcast-red a {color:#DDEEFF;} .broadcast-green {background-color:#559955;color:white;padding:2px 4px;} .broadcast-blue {background-color:#6688AA;color:white;padding:2px 4px;} .infobox {border:1px solid #6688AA;padding:2px 4px;} .infobox-limited {max-height:200px;overflow:auto;overflow-x:hidden;} .broadcast-red {background-color:#AA5544;color:white;padding:2px 4px;} .message-learn-canlearn {font-weight:bold;color:#228822;text-decoration:underline;} .message-learn-cannotlearn {font-weight:bold;color:#CC2222;text-decoration:underline;} .message-effect-weak {font-weight:bold;color:#CC2222;} .message-effect-resist {font-weight:bold;color:#6688AA;} .message-effect-immune {font-weight:bold;color:#666666;} .message-learn-list {margin-top:0;margin-bottom:0;} .message-throttle-notice, .message-error {color:#992222;} .message-overflow, .chat small.message-overflow {font-size:0pt;} .message-overflow::before {font-size:9pt;content:'...';} .subtle {color:#3A4A66;}
</style>
<div class="wrapper replay-wrapper" style="max-width:1180px;margin:0 auto">
<input type="hidden" name="replayid" value="dragonheaven-gen8m4arandombattle-300" />
<div class="battle"></div><div class="battle-log"></div><div class="replay-controls"></div><div class="replay-controls-2"></div>
<h1 style="font-weight:normal;text-align:center"><strong>[Gen 8] M4A Random Battle</strong><br /><a href="http://pokemonshowdown.com/users/inkbug1" class="subtle" target="_blank">inkbug1</a> vs. <a href="http://pokemonshowdown.com/users/h2opulse" class="subtle" target="_blank">H2OPulse</a></h1>
<script type="text/plain" class="battle-log-data">|j|☆inkbug1

|j|☆H2OPulse
|t:|1608422909
|player|p1|inkbug1|burgh|
|player|p2|H2OPulse|aetherfoundation|
|teamsize|p1|6
|teamsize|p2|6
|gametype|singles
|gen|8
|tier|[Gen 8] M4A Random Battle
|rule|Dynamax Clause: You cannot dynamax
|rule|Species Clause: Limit one of each Pokémon
|rule|HP Percentage Mod: HP is shown in percentages
|rule|Sleep Clause Mod: Limit one foe put to sleep
|
|t:|1608422909
|start
|switch|p1a: Honchkrow|Honchkrow, L84, F|305\/305
|switch|p2a: Cramorant|Cramorant, L86, F|100\/100
|turn|1
|c|☆H2OPulse|OH COOL,,
|c|☆H2OPulse|is this
|
|t:|1608422947
|switch|p1a: Azumarill|Azumarill, L80, M|291\/291
|move|p2a: Cramorant|Surf|p1a: Azumarill
|-formechange|p2a: Cramorant|Cramorant-Gulping|
|-resisted|p1a: Azumarill
|-damage|p1a: Azumarill|242\/291
|
|upkeep
|turn|2
|
|t:|1608422968
|move|p2a: Cramorant|Brave Bird|p1a: Azumarill
|-damage|p1a: Azumarill|97\/291
|-damage|p2a: Cramorant|82\/100|[from] Recoil
|move|p1a: Azumarill|Knock Off|p2a: Cramorant
|-damage|p2a: Cramorant|50\/100
|-damage|p1a: Azumarill|25\/291|[from] ability: Gulp Missile|[of] p2a: Cramorant
|-unboost|p1a: Azumarill|def|1
|-formechange|p2a: Cramorant|Cramorant|
|-enditem|p2a: Cramorant|Heavy-Duty Boots|[from] move: Knock Off|[of] p1a: Azumarill
|
|upkeep
|turn|3
|
|t:|1608422989
|move|p2a: Cramorant|Surf|p1a: Azumarill
|-formechange|p2a: Cramorant|Cramorant-Gorging|
|-resisted|p1a: Azumarill
|-damage|p1a: Azumarill|0 fnt
|faint|p1a: Azumarill
|
|upkeep
|c|☆inkbug1|me getting my ass beat by cramorant
|c|☆H2OPulse|I love Cramorant,,,
|
|t:|1608423032
|switch|p1a: Hippowdon|Hippowdon, L82, F|311\/311
|-weather|Sandstorm|[from] ability: Sand Stream|[of] p1a: Hippowdon
|turn|4
|
|t:|1608423039
|move|p2a: Cramorant|Roost|p2a: Cramorant
|-heal|p2a: Cramorant|99\/100
|-singleturn|p2a: Cramorant|move: Roost
|move|p1a: Hippowdon|Toxic|p2a: Cramorant
|-status|p2a: Cramorant|tox
|
|-weather|Sandstorm|[upkeep]
|-damage|p2a: Cramorant|94\/100 tox|[from] Sandstorm
|-damage|p2a: Cramorant|88\/100 tox|[from] psn
|upkeep
|turn|5
|
|t:|1608423052
|move|p2a: Cramorant|Surf|p1a: Hippowdon
|-supereffective|p1a: Hippowdon
|-damage|p1a: Hippowdon|101\/311
|move|p1a: Hippowdon|Slack Off|p1a: Hippowdon
|-heal|p1a: Hippowdon|257\/311
|
|-weather|Sandstorm|[upkeep]
|-damage|p2a: Cramorant|82\/100 tox|[from] Sandstorm
|-heal|p1a: Hippowdon|276\/311|[from] item: Leftovers
|-damage|p2a: Cramorant|69\/100 tox|[from] psn
|upkeep
|turn|6
|
|t:|1608423075
|switch|p2a: Glalie|Glalie, L86, F|100\/100
|move|p1a: Hippowdon|Slack Off|p1a: Hippowdon
|-heal|p1a: Hippowdon|311\/311
|
|-weather|Sandstorm|[upkeep]
|-damage|p2a: Glalie|94\/100|[from] Sandstorm
|-ability|p2a: Glalie|Moody|boost
|-boost|p2a: Glalie|spa|2
|-unboost|p2a: Glalie|spd|1
|upkeep
|turn|7
|
|t:|1608423087
|move|p2a: Glalie|Ice Shard|p1a: Hippowdon
|-supereffective|p1a: Hippowdon
|-damage|p1a: Hippowdon|249\/311
|move|p1a: Hippowdon|Toxic|p2a: Glalie
|-status|p2a: Glalie|tox
|
|-weather|Sandstorm|[upkeep]
|-damage|p2a: Glalie|88\/100 tox|[from] Sandstorm
|-heal|p1a: Hippowdon|268\/311|[from] item: Leftovers
|-damage|p2a: Glalie|82\/100 tox|[from] psn
|-ability|p2a: Glalie|Moody|boost
|-boost|p2a: Glalie|atk|2
|-unboost|p2a: Glalie|spe|1
|upkeep
|turn|8
|c|☆inkbug1|no moody please god 
|c|☆inkbug1|not today
|
|t:|1608423102
|switch|p1a: Glaceon|Glaceon, L88, F|258\/258
|detailschange|p2a: Glalie|Glalie-Mega, L86, F
|-mega|p2a: Glalie|Glalie|Glalitite
|raw|<ul class="utilichart"><li class="result"><span class="col pokemonnamecol" style="white-space: nowrap">Glalie-Mega<\/span> <span class="col typecol"><img src="https:\/\/play.pokemonshowdown.com\/sprites\/types\/Ice.png" alt="Ice" height="14" width="32"><\/span> <span style="float: left ; min-height: 26px"><span class="col abilitycol">Refrigerate<\/span><span class="col abilitycol"><\/span><\/span><span style="float: left ; min-height: 26px"><span class="col statcol"><em>HP<\/em><br>80<\/span> <span class="col statcol"><em>Atk<\/em><br>120<\/span> <span class="col statcol"><em>Def<\/em><br>80<\/span> <span class="col statcol"><em>SpA<\/em><br>120<\/span> <span class="col statcol"><em>SpD<\/em><br>80<\/span> <span class="col statcol"><em>Spe<\/em><br>100<\/span> <\/span><\/li><li style="clear: both"><\/li><\/ul>
|move|p2a: Glalie|Return|p1a: Glaceon
|-resisted|p1a: Glaceon
|-damage|p1a: Glaceon|126\/258
|
|-weather|none
|-heal|p1a: Glaceon|142\/258|[from] item: Leftovers
|-damage|p2a: Glalie|70\/100 tox|[from] psn
|upkeep
|turn|9
|c|☆inkbug1|a\
|
|t:|1608423115
|move|p1a: Glaceon|Hidden Power|p2a: Glalie
|-damage|p2a: Glalie|36\/100 tox
|move|p2a: Glalie|Return|p1a: Glaceon
|-resisted|p1a: Glaceon
|-damage|p1a: Glaceon|19\/258
|
|-heal|p1a: Glaceon|35\/258|[from] item: Leftovers
|-damage|p2a: Glalie|18\/100 tox|[from] psn
|upkeep
|turn|10
|
|t:|1608423140
|switch|p2a: Ribombee|Ribombee, L84, F|100\/100
|move|p1a: Glaceon|Protect||[still]
|-fail|p1a: Glaceon
|
|-heal|p1a: Glaceon|51\/258|[from] item: Leftovers
|upkeep
|turn|11
|
|t:|1608423169
|move|p2a: Ribombee|Moonblast|p1a: Glaceon
|-damage|p1a: Glaceon|0 fnt
|faint|p1a: Glaceon
|
|upkeep
|
|t:|1608423176
|switch|p1a: Honchkrow|Honchkrow, L84, F|305\/305
|turn|12
|
|t:|1608423190
|detailschange|p1a: Honchkrow|Honchkrow-Mega, L84, F
|-mega|p1a: Honchkrow|Honchkrow|Honchkronite
|raw|<ul class="utilichart"><li class="result"><span class="col pokemonnamecol" style="white-space: nowrap">Honchkrow-Mega<\/span> <span class="col typecol"><img src="https:\/\/play.pokemonshowdown.com\/sprites\/types\/Dark.png" alt="Dark" height="14" width="32"><img src="https:\/\/play.pokemonshowdown.com\/sprites\/types\/Flying.png" alt="Flying" height="14" width="32"><\/span> <span style="float: left ; min-height: 26px"><span class="col abilitycol">Blackmail<\/span><span class="col abilitycol"><\/span><\/span><span style="float: left ; min-height: 26px"><span class="col statcol"><em>HP<\/em><br>100<\/span> <span class="col statcol"><em>Atk<\/em><br>145<\/span> <span class="col statcol"><em>Def<\/em><br>82<\/span> <span class="col statcol"><em>SpA<\/em><br>105<\/span> <span class="col statcol"><em>SpD<\/em><br>102<\/span> <span class="col statcol"><em>Spe<\/em><br>71<\/span> <\/span><\/li><li style="clear: both"><\/li><\/ul>
|move|p1a: Honchkrow|Sucker Punch|p2a: Ribombee
|-resisted|p2a: Ribombee
|-damage|p2a: Ribombee|73\/100
|-ability|p2a: Ribombee|Orderly Target|[from] Ability: Blackmail
|-ability|p1a: Honchkrow|Keen Eye|[from] Ability: Blackmail
|move|p2a: Ribombee|Moonblast|p1a: Honchkrow
|-supereffective|p1a: Honchkrow
|-damage|p1a: Honchkrow|141\/305
|
|upkeep
|turn|13
|
|t:|1608423206
|move|p2a: Ribombee|Moonblast|p1a: Honchkrow
|-supereffective|p1a: Honchkrow
|-ability|p2a: Ribombee|Orderly Target
|-damage|p1a: Honchkrow|1\/305
|move|p1a: Honchkrow|Roost|p1a: Honchkrow
|-heal|p1a: Honchkrow|154\/305
|-singleturn|p1a: Honchkrow|move: Roost
|
|upkeep
|turn|14
|
|t:|1608423217
|move|p1a: Honchkrow|Sucker Punch|p2a: Ribombee
|-resisted|p2a: Ribombee
|-damage|p2a: Ribombee|43\/100
|move|p2a: Ribombee|Moonblast|p1a: Honchkrow
|-supereffective|p1a: Honchkrow
|-ability|p2a: Ribombee|Orderly Target
|-damage|p1a: Honchkrow|1\/305
|-unboost|p1a: Honchkrow|spa|1
|
|upkeep
|turn|15
|
|t:|1608423227
|move|p2a: Ribombee|Roost|p2a: Ribombee
|-heal|p2a: Ribombee|93\/100
|-singleturn|p2a: Ribombee|move: Roost
|move|p1a: Honchkrow|Roost|p1a: Honchkrow
|-heal|p1a: Honchkrow|154\/305
|-singleturn|p1a: Honchkrow|move: Roost
|
|upkeep
|turn|16
|
|t:|1608423238
|move|p2a: Ribombee|Moonblast|p1a: Honchkrow
|-supereffective|p1a: Honchkrow
|-ability|p2a: Ribombee|Orderly Target
|-damage|p1a: Honchkrow|1\/305
|move|p1a: Honchkrow|Roost|p1a: Honchkrow
|-heal|p1a: Honchkrow|154\/305
|-singleturn|p1a: Honchkrow|move: Roost
|
|upkeep
|turn|17
|
|t:|1608423248
|move|p1a: Honchkrow|Sucker Punch|p2a: Ribombee
|-resisted|p2a: Ribombee
|-damage|p2a: Ribombee|66\/100
|move|p2a: Ribombee|Moonblast|p1a: Honchkrow
|-supereffective|p1a: Honchkrow
|-ability|p2a: Ribombee|Orderly Target
|-damage|p1a: Honchkrow|1\/305
|-unboost|p1a: Honchkrow|spa|1
|
|upkeep
|turn|18
|
|t:|1608423257
|-activate|p2a: Ribombee|move: Pursuit
|move|p1a: Honchkrow|Pursuit|p2a: Ribombee|[from]Pursuit
|-resisted|p2a: Ribombee
|-damage|p2a: Ribombee|35\/100
|switch|p2a: Diggersby|Diggersby, L82, F|100\/100
|
|upkeep
|turn|19
|c|☆inkbug1|oh i 
|c|☆inkbug1|randomly clicked that
|c|☆inkbug1|akjshdad
|c|☆H2OPulse|Fjfjjggk
|
|t:|1608423271
|switch|p1a: Salamence|Salamence, L82, M|290\/290
|-ability|p1a: Salamence|Intimidate|boost
|-unboost|p2a: Diggersby|atk|1
|move|p2a: Diggersby|Quick Attack|p1a: Salamence
|-damage|p1a: Salamence|239\/290
|-damage|p2a: Diggersby|91\/100|[from] item: Life Orb
|
|upkeep
|turn|20
|
|t:|1608423281
|switch|p2a: Cramorant|Cramorant, L86, F|69\/100 tox
|move|p1a: Salamence|Draco Meteor|p2a: Cramorant
|-damage|p2a: Cramorant|17\/100 tox
|-unboost|p1a: Salamence|spa|2
|
|-damage|p2a: Cramorant|10\/100 tox|[from] psn
|upkeep
|turn|21
|
|t:|1608423304
|move|p1a: Salamence|Roost|p1a: Salamence
|-heal|p1a: Salamence|290\/290
|-singleturn|p1a: Salamence|move: Roost
|move|p2a: Cramorant|Roost|p2a: Cramorant
|-heal|p2a: Cramorant|61\/100 tox
|-singleturn|p2a: Cramorant|move: Roost
|
|-damage|p2a: Cramorant|48\/100 tox|[from] psn
|upkeep
|turn|22
|
|t:|1608423322
|switch|p1a: Hippowdon|Hippowdon, L82, F|268\/311
|-weather|Sandstorm|[from] ability: Sand Stream|[of] p1a: Hippowdon
|move|p2a: Cramorant|Roost|p2a: Cramorant
|-heal|p2a: Cramorant|99\/100 tox
|-singleturn|p2a: Cramorant|move: Roost
|
|-weather|Sandstorm|[upkeep]
|-damage|p2a: Cramorant|92\/100 tox|[from] Sandstorm
|-heal|p1a: Hippowdon|287\/311|[from] item: Leftovers
|-damage|p2a: Cramorant|74\/100 tox|[from] psn
|upkeep
|turn|23
|
|t:|1608423344
|move|p2a: Cramorant|Surf|p1a: Hippowdon
|-formechange|p2a: Cramorant|Cramorant-Gulping|
|-supereffective|p1a: Hippowdon
|-damage|p1a: Hippowdon|87\/311
|move|p1a: Hippowdon|Whirlwind|p2a: Cramorant
|drag|p2a: Pyroar|Pyroar, L88, M|100\/100
|-ability|p2a: Pyroar|Unnerve|p1: inkbug1
|
|-weather|Sandstorm|[upkeep]
|-damage|p2a: Pyroar|94\/100|[from] Sandstorm
|-heal|p1a: Hippowdon|106\/311|[from] item: Leftovers
|upkeep
|turn|24
|
|t:|1608423362
|move|p2a: Pyroar|Fire Blast|p1a: Hippowdon
|-damage|p1a: Hippowdon|0 fnt
|-damage|p2a: Pyroar|85\/100|[from] item: Life Orb
|faint|p1a: Hippowdon
|
|-weather|Sandstorm|[upkeep]
|-damage|p2a: Pyroar|78\/100|[from] Sandstorm
|upkeep
|
|t:|1608423372
|switch|p1a: Flapple|Flapple, L88, F|266\/266
|turn|25
|
|t:|1608423376
|move|p2a: Pyroar|Will-O-Wisp|p1a: Flapple
|-status|p1a: Flapple|brn
|move|p1a: Flapple|Dragon Dance|p1a: Flapple
|-boost|p1a: Flapple|atk|1
|-boost|p1a: Flapple|spe|1
|
|-weather|Sandstorm|[upkeep]
|-damage|p1a: Flapple|250\/266 brn|[from] Sandstorm
|-damage|p2a: Pyroar|72\/100|[from] Sandstorm
|-damage|p1a: Flapple|234\/266 brn|[from] brn
|upkeep
|turn|26
|
|t:|1608423391
|move|p1a: Flapple|Dragon Dance|p1a: Flapple
|-boost|p1a: Flapple|atk|1
|-boost|p1a: Flapple|spe|1
|move|p2a: Pyroar|Fire Blast|p1a: Flapple
|-damage|p1a: Flapple|14\/266 brn
|-damage|p2a: Pyroar|63\/100|[from] item: Life Orb
|
|-weather|none
|-damage|p1a: Flapple|0 fnt|[from] brn
|faint|p1a: Flapple
|upkeep
|c|☆inkbug1|ok thats fair
|
|t:|1608423402
|switch|p1a: Salamence|Salamence, L82, M|290\/290
|-ability|p1a: Salamence|Intimidate|boost
|-unboost|p2a: Pyroar|atk|1
|turn|27
|
|t:|1608423412
|move|p2a: Pyroar|Hyper Voice|p1a: Salamence
|-damage|p1a: Salamence|133\/290
|-damage|p2a: Pyroar|53\/100|[from] item: Life Orb
|move|p1a: Salamence|Earthquake|p2a: Pyroar
|-supereffective|p2a: Pyroar
|-damage|p2a: Pyroar|0 fnt
|faint|p2a: Pyroar
|
|upkeep
|
|t:|1608423424
|switch|p2a: Ribombee|Ribombee, L84, F|35\/100
|turn|28
|
|t:|1608423433
|move|p2a: Ribombee|Moonblast|p1a: Salamence
|-supereffective|p1a: Salamence
|-damage|p1a: Salamence|0 fnt
|faint|p1a: Salamence
|
|upkeep
|c|☆inkbug1|shulda switched
|c|☆inkbug1|sighs
|
|t:|1608423441
|switch|p1a: Honchkrow|Honchkrow-Mega, L84, F|1\/305
|turn|29
|
|t:|1608423451
|-activate|p2a: Ribombee|move: Pursuit
|move|p1a: Honchkrow|Pursuit|p2a: Ribombee|[from]Pursuit
|-resisted|p2a: Ribombee
|-damage|p2a: Ribombee|4\/100
|switch|p2a: Cramorant|Cramorant, L86, F|74\/100 tox
|
|-damage|p2a: Cramorant|68\/100 tox|[from] psn
|upkeep
|turn|30
|
|t:|1608423459
|move|p2a: Cramorant|Surf|p1a: Honchkrow
|-formechange|p2a: Cramorant|Cramorant-Gulping|
|-damage|p1a: Honchkrow|0 fnt
|faint|p1a: Honchkrow
|
|win|H2OPulse
|c|☆inkbug1|gg :'D 
|c|☆H2OPulse|Good game!!!</script>
</div>
<div class="battle-log battle-log-inline"><div class="inner"><div class="battle-options"><div style="padding-top: 3px; padding-right: 3px; text-align: right"><button class="icon button" name="openBattleOptions" title="Options">Battle Options</button></div></div><div class="inner message-log"><div class="chat"><small>☆inkbug1 and ☆H2OPulse joined</small></div><div class=""><small>Format:</small> <br><strong>[Gen 8] M4A Random Battle</strong></div><div class=""><small><em>Dynamax Clause:</em> You cannot dynamax</small></div><div class=""><small><em>Species Clause:</em> Limit one of each Pokémon</small></div><div class=""><small><em>HP Percentage Mod:</em> HP is shown in percentages</small></div><div class=""><small><em>Sleep Clause Mod:</em> Limit one foe put to sleep</small></div><div class="spacer battle-history"><br></div><div class="battle-history">Battle started between inkbug1 and H2OPulse!<br></div><div class="spacer battle-history"><br></div><div class="battle-history">Go! <strong>Honchkrow</strong>!<br></div><div class="spacer battle-history"><br></div><div class="battle-history">H2OPulse sent out <strong>Cramorant</strong>!<br></div><div class="spacer battle-history"><br></div><h2 class="battle-history">Turn 1</h2><div class="chat chatmessage-h2opulse"><strong style="color:#6e8c2b"><small>☆</small><span class="username" data-name="H2OPulse">H2OPulse</span>:</strong> <em>OH COOL,,</em></div><div class="chat chatmessage-h2opulse"><strong style="color:#6e8c2b"><small>☆</small><span class="username" data-name="H2OPulse">H2OPulse</span>:</strong> <em>is this</em></div><div class="spacer battle-history"><br></div><div class="battle-history">Honchkrow, come back!<br></div><div class="battle-history">Go! <strong>Azumarill</strong>!<br></div><div class="spacer battle-history"><br></div><div class="battle-history">The opposing Cramorant used <strong>Surf</strong>!<br></div><div class="battle-history"><small>It's not very effective...</small><br></div><div class="battle-history"><small>(Azumarill lost <abbr title="−49/291">16.8%</abbr> of its health!)</small><br></div><div class="spacer battle-history"><br></div><h2 class="battle-history">Turn 2</h2><div class="spacer battle-history"><br></div><div class="battle-history">The opposing Cramorant used <strong>Brave Bird</strong>!<br></div><div class="battle-history"><small>(Azumarill lost <abbr title="−145/291">49.8%</abbr> of its health!)</small><br></div><div class="battle-history"><small>The opposing Cramorant was damaged by the recoil!</small><br></div><div class="spacer battle-history"><br></div><div class="battle-history">Azumarill used <strong>Knock Off</strong>!<br></div><div class="battle-history"><small>(The opposing Cramorant lost 32% of its health!)</small><br></div><div class="battle-history">[The opposing Cramorant's Gulp Missile]<br><small>(Azumarill was hurt!)</small><br></div><div class="battle-history"><small>Azumarill's Defense fell!</small><br></div><div class="battle-history"><small>Azumarill knocked off the opposing Cramorant's Heavy-Duty Boots!</small><br></div><div class="spacer battle-history"><br></div><h2 class="battle-history">Turn 3</h2><div class="spacer battle-history"><br></div><div class="battle-history">The opposing Cramorant used <strong>Surf</strong>!<br></div><div class="battle-history"><small>It's not very effective...</small><br></div><div class="battle-history"><small>(Azumarill lost <abbr title="−25/291">8.6%</abbr> of its health!)</small><br></div><div class="spacer battle-history"><br></div><div class="battle-history">Azumarill fainted!<br></div><div class="chat chatmessage-inkbug1 mine"><strong style="color:#e46e0f"><small>☆</small><span class="username" data-name="inkbug1">inkbug1</span>:</strong> <em>me getting my ass beat by cramorant</em></div><div class="chat chatmessage-h2opulse"><strong style="color:#6e8c2b"><small>☆</small><span class="username" data-name="H2OPulse">H2OPulse</span>:</strong> <em>I love Cramorant,,,</em></div><div class="spacer battle-history"><br></div><div class="battle-history">Go! <strong>Hippowdon</strong>!<br></div><div class="battle-history">[Hippowdon's Sand Stream]<br><small>A sandstorm kicked up!</small><br></div><div class="spacer battle-history"><br></div><h2 class="battle-history">Turn 4</h2><div class="spacer battle-history"><br></div><div class="battle-history">The opposing Cramorant used <strong>Roost</strong>!<br></div><div class="battle-history"><small>The opposing Cramorant had its HP restored.</small><br></div><div class="battle-history"><small>(The opposing Cramorant loses Flying type this turn.)</small><br></div><div class="spacer battle-history"><br></div><div class="battle-history">Hippowdon used <strong>Toxic</strong>!<br></div><div class="battle-history"><small>The opposing Cramorant was badly poisoned!</small><br></div><div class="spacer battle-history"><br></div><div class="battle-history"><small>(The sandstorm is raging.)</small><br></div><div class="battle-history"><small>The opposing Cramorant is buffeted by the sandstorm!</small><br></div><div class="battle-history"><small>The opposing Cramorant was hurt by poison!</small><br></div><div class="spacer battle-history"><br></div><h2 class="battle-history">Turn 5</h2><div class="spacer battle-history"><br></div><div class="battle-history">The opposing Cramorant used <strong>Surf</strong>!<br></div><div class="battle-history"><small>It's super effective!</small><br></div><div class="battle-history"><small>(Hippowdon lost <abbr title="−210/311">67.5%</abbr> of its health!)</small><br></div><div class="spacer battle-history"><br></div><div class="battle-history">Hippowdon used <strong>Slack Off</strong>!<br></div><div class="battle-history"><small>Hippowdon had its HP restored.</small><br></div><div class="spacer battle-history"><br></div><div class="battle-history"><small>(The sandstorm is raging.)</small><br></div><div class="battle-history"><small>The opposing Cramorant is buffeted by the sandstorm!</small><br></div><div class="battle-history"><small>Hippowdon restored a little HP using its Leftovers!</small><br></div><div class="battle-history"><small>The opposing Cramorant was hurt by poison!</small><br></div><div class="spacer battle-history"><br></div><h2 class="battle-history">Turn 6</h2><div class="spacer battle-history"><br></div><div class="battle-history">H2OPulse withdrew Cramorant!<br></div><div class="battle-history">H2OPulse sent out <strong>Glalie</strong>!<br></div><div class="spacer battle-history"><br></div><div class="battle-history">Hippowdon used <strong>Slack Off</strong>!<br></div><div class="battle-history"><small>Hippowdon had its HP restored.</small><br></div><div class="spacer battle-history"><br></div><div class="battle-history"><small>(The sandstorm is raging.)</small><br></div><div class="battle-history"><small>The opposing Glalie is buffeted by the sandstorm!</small><br></div><div class="battle-history">[The opposing Glalie's Moody]<br></div><div class="battle-history"><small>The opposing Glalie's Sp. Atk rose sharply!</small><br></div><div class="battle-history"><small>The opposing Glalie's Sp. Def fell!</small><br></div><div class="spacer battle-history"><br></div><h2 class="battle-history">Turn 7</h2><div class="spacer battle-history"><br></div><div class="battle-history">The opposing Glalie used <strong>Ice Shard</strong>!<br></div><div class="battle-history"><small>It's super effective!</small><br></div><div class="battle-history"><small>(Hippowdon lost <abbr title="−62/311">19.9%</abbr> of its health!)</small><br></div><div class="spacer battle-history"><br></div><div class="battle-history">Hippowdon used <strong>Toxic</strong>!<br></div><div class="battle-history"><small>The opposing Glalie was badly poisoned!</small><br></div><div class="spacer battle-history"><br></div><div class="battle-history"><small>(The sandstorm is raging.)</small><br></div><div class="battle-history"><small>The opposing Glalie is buffeted by the sandstorm!</small><br></div><div class="battle-history"><small>Hippowdon restored a little HP using its Leftovers!</small><br></div><div class="battle-history"><small>The opposing Glalie was hurt by poison!</small><br></div><div class="battle-history">[The opposing Glalie's Moody]<br></div><div class="battle-history"><small>The opposing Glalie's Attack rose sharply!</small><br></div><div class="battle-history"><small>The opposing Glalie's Speed fell!</small><br></div><div class="spacer battle-history"><br></div><h2 class="battle-history">Turn 8</h2><div class="chat chatmessage-inkbug1 mine"><strong style="color:#e46e0f"><small>☆</small><span class="username" data-name="inkbug1">inkbug1</span>:</strong> <em>no moody please god </em></div><div class="chat chatmessage-inkbug1 mine"><strong style="color:#e46e0f"><small>☆</small><span class="username" data-name="inkbug1">inkbug1</span>:</strong> <em>not today</em></div><div class="spacer battle-history"><br></div><div class="battle-history">Hippowdon, come back!<br></div><div class="battle-history">Go! <strong>Glaceon</strong>!<br></div><div class="spacer battle-history"><br></div><div class="battle-history"><small>The opposing Glalie's Glalitite is reacting to the Key Stone!</small><br>The opposing Glalie has Mega Evolved into Mega Glalie!<br></div><div class="chat"><ul class="utilichart"><li class="result"><span class="col pokemonnamecol" style="white-space: nowrap">Glalie-Mega</span> <span class="col typecol"><img src="https://play.pokemonshowdown.com/sprites/types/Ice.png" alt="Ice" height="14" width="32"></span> <span style="float: left ; min-height: 26px"><span class="col abilitycol">Refrigerate</span><span class="col abilitycol"></span></span><span style="float: left ; min-height: 26px"><span class="col statcol"><em>HP</em><br>80</span> <span class="col statcol"><em>Atk</em><br>120</span> <span class="col statcol"><em>Def</em><br>80</span> <span class="col statcol"><em>SpA</em><br>120</span> <span class="col statcol"><em>SpD</em><br>80</span> <span class="col statcol"><em>Spe</em><br>100</span> </span></li><li style="clear: both"></li></ul></div><div class="spacer battle-history"><br></div><div class="battle-history">The opposing Glalie used <strong>Return</strong>!<br></div><div class="battle-history"><small>It's not very effective...</small><br></div><div class="battle-history"><small>(Glaceon lost <abbr title="−132/258">51.2%</abbr> of its health!)</small><br></div><div class="spacer battle-history"><br></div><div class="battle-history"><small>The sandstorm subsided.</small><br></div><div class="battle-history"><small>Glaceon restored a little HP using its Leftovers!</small><br></div><div class="battle-history"><small>The opposing Glalie was hurt by poison!</small><br></div><div class="spacer battle-history"><br></div><h2 class="battle-history">Turn 9</h2><div class="chat chatmessage-inkbug1 mine"><strong style="color:#e46e0f"><small>☆</small><span class="username" data-name="inkbug1">inkbug1</span>:</strong> <em>a\</em></div><div class="spacer battle-history"><br></div><div class="battle-history">Glaceon used <strong>Hidden Power</strong>!<br></div><div class="battle-history"><small>(The opposing Glalie lost 34% of its health!)</small><br></div><div class="spacer battle-history"><br></div><div class="battle-history">The opposing Glalie used <strong>Return</strong>!<br></div><div class="battle-history"><small>It's not very effective...</small><br></div><div class="battle-history"><small>(Glaceon lost <abbr title="−123/258">47.7%</abbr> of its health!)</small><br></div><div class="spacer battle-history"><br></div><div class="battle-history"><small>Glaceon restored a little HP using its Leftovers!</small><br></div><div class="battle-history"><small>The opposing Glalie was hurt by poison!</small><br></div><div class="spacer battle-history"><br></div><h2 class="battle-history">Turn 10</h2><div class="spacer battle-history"><br></div><div class="battle-history">H2OPulse withdrew Glalie!<br></div><div class="battle-history">H2OPulse sent out <strong>Ribombee</strong>!<br></div><div class="spacer battle-history"><br></div><div class="battle-history">Glaceon used <strong>Protect</strong>!<br></div><div class="battle-history"><small>But it failed!</small><br></div><div class="spacer battle-history"><br></div><div class="battle-history"><small>Glaceon restored a little HP using its Leftovers!</small><br></div><div class="spacer battle-history"><br></div><h2 class="battle-history">Turn 11</h2><div class="spacer battle-history"><br></div><div class="battle-history">The opposing Ribombee used <strong>Moonblast</strong>!<br></div><div class="battle-history"><small>(Glaceon lost <abbr title="−51/258">19.8%</abbr> of its health!)</small><br></div><div class="spacer battle-history"><br></div><div class="battle-history">Glaceon fainted!<br></div><div class="spacer battle-history"><br></div><div class="battle-history">Go! <strong>Honchkrow</strong>!<br></div><div class="spacer battle-history"><br></div><h2 class="battle-history">Turn 12</h2><div class="spacer battle-history"><br></div><div class="battle-history"><small>Honchkrow's Honchkronite is reacting to the Key Stone!</small><br>Honchkrow has Mega Evolved into Mega Honchkrow!<br></div><div class="chat"><ul class="utilichart"><li class="result"><span class="col pokemonnamecol" style="white-space: nowrap">Honchkrow-Mega</span> <span class="col typecol"><img src="https://play.pokemonshowdown.com/sprites/types/Dark.png" alt="Dark" height="14" width="32"><img src="https://play.pokemonshowdown.com/sprites/types/Flying.png" alt="Flying" height="14" width="32"></span> <span style="float: left ; min-height: 26px"><span class="col abilitycol">Blackmail</span><span class="col abilitycol"></span></span><span style="float: left ; min-height: 26px"><span class="col statcol"><em>HP</em><br>100</span> <span class="col statcol"><em>Atk</em><br>145</span> <span class="col statcol"><em>Def</em><br>82</span> <span class="col statcol"><em>SpA</em><br>105</span> <span class="col statcol"><em>SpD</em><br>102</span> <span class="col statcol"><em>Spe</em><br>71</span> </span></li><li style="clear: both"></li></ul></div><div class="spacer battle-history"><br></div><div class="battle-history">Honchkrow used <strong>Sucker Punch</strong>!<br></div><div class="battle-history"><small>It's not very effective...</small><br></div><div class="battle-history"><small>(The opposing Ribombee lost 27% of its health!)</small><br></div><div class="battle-history">[The opposing Ribombee's Orderly Target]<br><small>The opposing Ribombee acquired Orderly Target!</small><br></div><div class="battle-history">[Honchkrow's Keen Eye]<br><small>Honchkrow acquired Keen Eye!</small><br></div><div class="spacer battle-history"><br></div><div class="battle-history">The opposing Ribombee used <strong>Moonblast</strong>!<br></div><div class="battle-history"><small>It's super effective!</small><br></div><div class="battle-history"><small>(Honchkrow lost <abbr title="−164/305">53.8%</abbr> of its health!)</small><br></div><div class="spacer battle-history"><br></div><h2 class="battle-history">Turn 13</h2><div class="spacer battle-history"><br></div><div class="battle-history">The opposing Ribombee used <strong>Moonblast</strong>!<br></div><div class="battle-history"><small>It's super effective!</small><br></div><div class="battle-history">[The opposing Ribombee's Orderly Target]<br></div><div class="battle-history"><small>(Honchkrow lost <abbr title="−140/305">45.9%</abbr> of its health!)</small><br></div><div class="spacer battle-history"><br></div><div class="battle-history">Honchkrow used <strong>Roost</strong>!<br></div><div class="battle-history"><small>Honchkrow had its HP restored.</small><br></div><div class="spacer battle-history"><br></div><h2 class="battle-history">Turn 14</h2><div class="spacer battle-history"><br></div><div class="battle-history">Honchkrow used <strong>Sucker Punch</strong>!<br></div><div class="battle-history"><small>It's not very effective...</small><br></div><div class="battle-history"><small>(The opposing Ribombee lost 30% of its health!)</small><br></div><div class="spacer battle-history"><br></div><div class="battle-history">The opposing Ribombee used <strong>Moonblast</strong>!<br></div><div class="battle-history"><small>It's super effective!</small><br></div><div class="battle-history">[The opposing Ribombee's Orderly Target]<br></div><div class="battle-history"><small>(Honchkrow lost <abbr title="−153/305">50.2%</abbr> of its health!)</small><br></div><div class="battle-history"><small>Honchkrow's Sp. Atk fell!</small><br></div><div class="spacer battle-history"><br></div><h2 class="battle-history">Turn 15</h2><div class="spacer battle-history"><br></div><div class="battle-history">The opposing Ribombee used <strong>Roost</strong>!<br></div><div class="battle-history"><small>The opposing Ribombee had its HP restored.</small><br></div><div class="spacer battle-history"><br></div><div class="battle-history">Honchkrow used <strong>Roost</strong>!<br></div><div class="battle-history"><small>Honchkrow had its HP restored.</small><br></div><div class="spacer battle-history"><br></div><h2 class="battle-history">Turn 16</h2><div class="spacer battle-history"><br></div><div class="battle-history">The opposing Ribombee used <strong>Moonblast</strong>!<br></div><div class="battle-history"><small>It's super effective!</small><br></div><div class="battle-history">[The opposing Ribombee's Orderly Target]<br></div><div class="battle-history"><small>(Honchkrow lost <abbr title="−153/305">50.2%</abbr> of its health!)</small><br></div><div class="spacer battle-history"><br></div><div class="battle-history">Honchkrow used <strong>Roost</strong>!<br></div><div class="battle-history"><small>Honchkrow had its HP restored.</small><br></div><div class="spacer battle-history"><br></div><h2 class="battle-history">Turn 17</h2><div class="spacer battle-history"><br></div><div class="battle-history">Honchkrow used <strong>Sucker Punch</strong>!<br></div><div class="battle-history"><small>It's not very effective...</small><br></div><div class="battle-history"><small>(The opposing Ribombee lost 27% of its health!)</small><br></div><div class="spacer battle-history"><br></div><div class="battle-history">The opposing Ribombee used <strong>Moonblast</strong>!<br></div><div class="battle-history"><small>It's super effective!</small><br></div><div class="battle-history">[The opposing Ribombee's Orderly Target]<br></div><div class="battle-history"><small>(Honchkrow lost <abbr title="−153/305">50.2%</abbr> of its health!)</small><br></div><div class="battle-history"><small>Honchkrow's Sp. Atk fell!</small><br></div><div class="spacer battle-history"><br></div><h2 class="battle-history">Turn 18</h2><div class="spacer battle-history"><br></div><div class="battle-history"><small>(The opposing Ribombee is being withdrawn...)</small><br></div><div class="spacer battle-history"><br></div><div class="battle-history">Honchkrow used <strong>Pursuit</strong>!<br></div><div class="battle-history"><small>It's not very effective...</small><br></div><div class="battle-history"><small>(The opposing Ribombee lost 31% of its health!)</small><br></div><div class="spacer battle-history"><br></div><div class="battle-history">H2OPulse withdrew Ribombee!<br></div><div class="battle-history">H2OPulse sent out <strong>Diggersby</strong>!<br></div><div class="spacer battle-history"><br></div><h2 class="battle-history">Turn 19</h2><div class="chat chatmessage-inkbug1 mine"><strong style="color:#e46e0f"><small>☆</small><span class="username" data-name="inkbug1">inkbug1</span>:</strong> <em>oh i </em></div><div class="chat chatmessage-inkbug1 mine"><strong style="color:#e46e0f"><small>☆</small><span class="username" data-name="inkbug1">inkbug1</span>:</strong> <em>randomly clicked that</em></div><div class="chat chatmessage-inkbug1 mine"><strong style="color:#e46e0f"><small>☆</small><span class="username" data-name="inkbug1">inkbug1</span>:</strong> <em>akjshdad</em></div><div class="chat chatmessage-h2opulse"><strong style="color:#6e8c2b"><small>☆</small><span class="username" data-name="H2OPulse">H2OPulse</span>:</strong> <em>Fjfjjggk</em></div><div class="spacer battle-history"><br></div><div class="battle-history">Honchkrow, come back!<br></div><div class="battle-history">Go! <strong>Salamence</strong>!<br></div><div class="battle-history">[Salamence's Intimidate]<br></div><div class="battle-history"><small>The opposing Diggersby's Attack fell!</small><br></div><div class="spacer battle-history"><br></div><div class="battle-history">The opposing Diggersby used <strong>Quick Attack</strong>!<br></div><div class="battle-history"><small>(Salamence lost <abbr title="−51/290">17.6%</abbr> of its health!)</small><br></div><div class="battle-history"><small>The opposing Diggersby lost some of its HP!</small><br></div><div class="spacer battle-history"><br></div><h2 class="battle-history">Turn 20</h2><div class="spacer battle-history"><br></div><div class="battle-history">H2OPulse withdrew Diggersby!<br></div><div class="battle-history">H2OPulse sent out <strong>Cramorant</strong>!<br></div><div class="spacer battle-history"><br></div><div class="battle-history">Salamence used <strong>Draco Meteor</strong>!<br></div><div class="battle-history"><small>(The opposing Cramorant lost 52% of its health!)</small><br></div><div class="battle-history"><small>Salamence's Sp. Atk fell harshly!</small><br></div><div class="spacer battle-history"><br></div><div class="battle-history"><small>The opposing Cramorant was hurt by poison!</small><br></div><div class="spacer battle-history"><br></div><h2 class="battle-history">Turn 21</h2><div class="spacer battle-history"><br></div><div class="battle-history">Salamence used <strong>Roost</strong>!<br></div><div class="battle-history"><small>Salamence had its HP restored.</small><br></div><div class="battle-history"><small>(Salamence loses Flying type this turn.)</small><br></div><div class="spacer battle-history"><br></div><div class="battle-history">The opposing Cramorant used <strong>Roost</strong>!<br></div><div class="battle-history"><small>The opposing Cramorant had its HP restored.</small><br></div><div class="battle-history"><small>(The opposing Cramorant loses Flying type this turn.)</small><br></div><div class="spacer battle-history"><br></div><div class="battle-history"><small>The opposing Cramorant was hurt by poison!</small><br></div><div class="spacer battle-history"><br></div><h2 class="battle-history">Turn 22</h2><div class="spacer battle-history"><br></div><div class="battle-history">Salamence, come back!<br></div><div class="battle-history">Go! <strong>Hippowdon</strong>!<br></div><div class="battle-history">[Hippowdon's Sand Stream]<br><small>A sandstorm kicked up!</small><br></div><div class="spacer battle-history"><br></div><div class="battle-history">The opposing Cramorant used <strong>Roost</strong>!<br></div><div class="battle-history"><small>The opposing Cramorant had its HP restored.</small><br></div><div class="battle-history"><small>(The opposing Cramorant loses Flying type this turn.)</small><br></div><div class="spacer battle-history"><br></div><div class="battle-history"><small>(The sandstorm is raging.)</small><br></div><div class="battle-history"><small>The opposing Cramorant is buffeted by the sandstorm!</small><br></div><div class="battle-history"><small>Hippowdon restored a little HP using its Leftovers!</small><br></div><div class="battle-history"><small>The opposing Cramorant was hurt by poison!</small><br></div><div class="spacer battle-history"><br></div><h2 class="battle-history">Turn 23</h2><div class="spacer battle-history"><br></div><div class="battle-history">The opposing Cramorant used <strong>Surf</strong>!<br></div><div class="battle-history"><small>It's super effective!</small><br></div><div class="battle-history"><small>(Hippowdon lost <abbr title="−200/311">64.3%</abbr> of its health!)</small><br></div><div class="spacer battle-history"><br></div><div class="battle-history">Hippowdon used <strong>Whirlwind</strong>!<br></div><div class="spacer battle-history"><br></div><div class="battle-history"><strong>Pyroar</strong> was dragged out!<br></div><div class="battle-history">[The opposing Pyroar's Unnerve]<br><small>Your team is too nervous to eat Berries!</small><br></div><div class="spacer battle-history"><br></div><div class="battle-history"><small>(The sandstorm is raging.)</small><br></div><div class="battle-history"><small>The opposing Pyroar is buffeted by the sandstorm!</small><br></div><div class="battle-history"><small>Hippowdon restored a little HP using its Leftovers!</small><br></div><div class="spacer battle-history"><br></div><h2 class="battle-history">Turn 24</h2><div class="spacer battle-history"><br></div><div class="battle-history">The opposing Pyroar used <strong>Fire Blast</strong>!<br></div><div class="battle-history"><small>(Hippowdon lost <abbr title="−106/311">34.1%</abbr> of its health!)</small><br></div><div class="battle-history"><small>The opposing Pyroar lost some of its HP!</small><br></div><div class="spacer battle-history"><br></div><div class="battle-history">Hippowdon fainted!<br></div><div class="spacer battle-history"><br></div><div class="battle-history"><small>(The sandstorm is raging.)</small><br></div><div class="battle-history"><small>The opposing Pyroar is buffeted by the sandstorm!</small><br></div><div class="spacer battle-history"><br></div><div class="battle-history">Go! <strong>Flapple</strong>!<br></div><div class="spacer battle-history"><br></div><h2 class="battle-history">Turn 25</h2><div class="spacer battle-history"><br></div><div class="battle-history">The opposing Pyroar used <strong>Will-O-Wisp</strong>!<br></div><div class="battle-history"><small>Flapple was burned!</small><br></div><div class="spacer battle-history"><br></div><div class="battle-history">Flapple used <strong>Dragon Dance</strong>!<br></div><div class="battle-history"><small>Flapple's Attack rose!</small><br></div><div class="battle-history"><small>Flapple's Speed rose!</small><br></div><div class="spacer battle-history"><br></div><div class="battle-history"><small>(The sandstorm is raging.)</small><br></div><div class="battle-history"><small>Flapple is buffeted by the sandstorm!</small><br></div><div class="battle-history"><small>The opposing Pyroar is buffeted by the sandstorm!</small><br></div><div class="battle-history"><small>Flapple was hurt by its burn!</small><br></div><div class="spacer battle-history"><br></div><h2 class="battle-history">Turn 26</h2><div class="spacer battle-history"><br></div><div class="battle-history">Flapple used <strong>Dragon Dance</strong>!<br></div><div class="battle-history"><small>Flapple's Attack rose!</small><br></div><div class="battle-history"><small>Flapple's Speed rose!</small><br></div><div class="spacer battle-history"><br></div><div class="battle-history">The opposing Pyroar used <strong>Fire Blast</strong>!<br></div><div class="battle-history"><small>(Flapple lost <abbr title="−220/266">82.7%</abbr> of its health!)</small><br></div><div class="battle-history"><small>The opposing Pyroar lost some of its HP!</small><br></div><div class="spacer battle-history"><br></div><div class="battle-history"><small>The sandstorm subsided.</small><br></div><div class="battle-history"><small>Flapple was hurt by its burn!</small><br></div><div class="spacer battle-history"><br></div><div class="battle-history">Flapple fainted!<br></div><div class="chat chatmessage-inkbug1 mine"><strong style="color:#e46e0f"><small>☆</small><span class="username" data-name="inkbug1">inkbug1</span>:</strong> <em>ok thats fair</em></div><div class="spacer battle-history"><br></div><div class="battle-history">Go! <strong>Salamence</strong>!<br></div><div class="battle-history">[Salamence's Intimidate]<br></div><div class="battle-history"><small>The opposing Pyroar's Attack fell!</small><br></div><div class="spacer battle-history"><br></div><h2 class="battle-history">Turn 27</h2><div class="spacer battle-history"><br></div><div class="battle-history">The opposing Pyroar used <strong>Hyper Voice</strong>!<br></div><div class="battle-history"><small>(Salamence lost <abbr title="−157/290">54.1%</abbr> of its health!)</small><br></div><div class="battle-history"><small>The opposing Pyroar lost some of its HP!</small><br></div><div class="spacer battle-history"><br></div><div class="battle-history">Salamence used <strong>Earthquake</strong>!<br></div><div class="battle-history"><small>It's super effective!</small><br></div><div class="battle-history"><small>(The opposing Pyroar lost 53% of its health!)</small><br></div><div class="spacer battle-history"><br></div><div class="battle-history">The opposing Pyroar fainted!<br></div><div class="spacer battle-history"><br></div><div class="battle-history">H2OPulse sent out <strong>Ribombee</strong>!<br></div><div class="spacer battle-history"><br></div><h2 class="battle-history">Turn 28</h2><div class="spacer battle-history"><br></div><div class="battle-history">The opposing Ribombee used <strong>Moonblast</strong>!<br></div><div class="battle-history"><small>It's super effective!</small><br></div><div class="battle-history"><small>(Salamence lost <abbr title="−133/290">45.9%</abbr> of its health!)</small><br></div><div class="spacer battle-history"><br></div><div class="battle-history">Salamence fainted!<br></div><div class="chat chatmessage-inkbug1 mine"><strong style="color:#e46e0f"><small>☆</small><span class="username" data-name="inkbug1">inkbug1</span>:</strong> <em>shulda switched</em></div><div class="chat chatmessage-inkbug1 mine"><strong style="color:#e46e0f"><small>☆</small><span class="username" data-name="inkbug1">inkbug1</span>:</strong> <em>sighs</em></div><div class="spacer battle-history"><br></div><div class="battle-history">Go! Honchkrow (<strong>Honchkrow-Mega</strong>)!<br></div><div class="spacer battle-history"><br></div><h2 class="battle-history">Turn 29</h2><div class="spacer battle-history"><br></div><div class="battle-history"><small>(The opposing Ribombee is being withdrawn...)</small><br></div><div class="spacer battle-history"><br></div><div class="battle-history">Honchkrow used <strong>Pursuit</strong>!<br></div><div class="battle-history"><small>It's not very effective...</small><br></div><div class="battle-history"><small>(The opposing Ribombee lost 31% of its health!)</small><br></div><div class="spacer battle-history"><br></div><div class="battle-history">H2OPulse withdrew Ribombee!<br></div><div class="battle-history">H2OPulse sent out <strong>Cramorant</strong>!<br></div><div class="spacer battle-history"><br></div><div class="battle-history"><small>The opposing Cramorant was hurt by poison!</small><br></div><div class="spacer battle-history"><br></div><h2 class="battle-history">Turn 30</h2><div class="spacer battle-history"><br></div><div class="battle-history">The opposing Cramorant used <strong>Surf</strong>!<br></div><div class="battle-history"><small>(Honchkrow lost <abbr title="−1/305">0.3%</abbr> of its health!)</small><br></div><div class="spacer battle-history"><br></div><div class="battle-history">Honchkrow fainted!<br></div><div class="spacer battle-history"><br></div><div class="battle-history"><strong>H2OPulse</strong> won the battle!<br></div><div class="chat chatmessage-inkbug1 mine"><strong style="color:#e46e0f"><small>☆</small><span class="username" data-name="inkbug1">inkbug1</span>:</strong> <em>gg :'D </em></div><div class="chat chatmessage-h2opulse"><strong style="color:#6e8c2b"><small>☆</small><span class="username" data-name="H2OPulse">H2OPulse</span>:</strong> <em>Good game!!!</em></div></div><div class="inner-preempt message-log"></div></div></div>
</div>
<script>
let daily = Math.floor(Date.now()/1000/60/60/24);document.write('<script src="https://play.pokemonshowdown.com/js/replay-embed.js?version'+daily+'"></'+'script>');
</script>
