<!DOCTYPE html>
<meta charset="utf-8" />
<!-- version 1 -->
<title>[Gen 8] Megas for All replay: TheUltraFinder vs. ViZarPKMN</title>
<style>
html,body {font-family:Verdana, sans-serif;font-size:10pt;margin:0;padding:0;}body{padding:12px 0;} .battle-log {font-family:Verdana, sans-serif;font-size:10pt;} .battle-log-inline {border:1px solid #AAAAAA;background:#EEF2F5;color:black;max-width:640px;margin:0 auto 80px;padding-bottom:5px;} .battle-log .inner {padding:4px 8px 0px 8px;} .battle-log .inner-preempt {padding:0 8px 4px 8px;} .battle-log .inner-after {margin-top:0.5em;} .battle-log h2 {margin:0.5em -8px;padding:4px 8px;border:1px solid #AAAAAA;background:#E0E7EA;border-left:0;border-right:0;font-family:Verdana, sans-serif;font-size:13pt;} .battle-log .chat {vertical-align:middle;padding:3px 0 3px 0;font-size:8pt;} .battle-log .chat strong {color:#40576A;} .battle-log .chat em {padding:1px 4px 1px 3px;color:#000000;font-style:normal;} .chat.mine {background:rgba(0,0,0,0.05);margin-left:-8px;margin-right:-8px;padding-left:8px;padding-right:8px;} .spoiler {color:#BBBBBB;background:#BBBBBB;padding:0px 3px;} .spoiler:hover, .spoiler:active, .spoiler-shown {color:#000000;background:#E2E2E2;padding:0px 3px;} .spoiler a {color:#BBBBBB;} .spoiler:hover a, .spoiler:active a, .spoiler-shown a {color:#2288CC;} .chat code, .chat .spoiler:hover code, .chat .spoiler:active code, .chat .spoiler-shown code {border:1px solid #C0C0C0;background:#EEEEEE;color:black;padding:0 2px;} .chat .spoiler code {border:1px solid #CCCCCC;background:#CCCCCC;color:#CCCCCC;} .battle-log .rated {padding:3px 4px;} .battle-log .rated strong {color:white;background:#89A;padding:1px 4px;border-radius:4px;} .spacer {margin-top:0.5em;} .message-announce {background:#6688AA;color:white;padding:1px 4px 2px;} .message-announce a, .broadcast-green a, .broadcast-blue a, .broadcast-red a {color:#DDEEFF;} .broadcast-green {background-color:#559955;color:white;padding:2px 4px;} .broadcast-blue {background-color:#6688AA;color:white;padding:2px 4px;} .infobox {border:1px solid #6688AA;padding:2px 4px;} .infobox-limited {max-height:200px;overflow:auto;overflow-x:hidden;} .broadcast-red {background-color:#AA5544;color:white;padding:2px 4px;} .message-learn-canlearn {font-weight:bold;color:#228822;text-decoration:underline;} .message-learn-cannotlearn {font-weight:bold;color:#CC2222;text-decoration:underline;} .message-effect-weak {font-weight:bold;color:#CC2222;} .message-effect-resist {font-weight:bold;color:#6688AA;} .message-effect-immune {font-weight:bold;color:#666666;} .message-learn-list {margin-top:0;margin-bottom:0;} .message-throttle-notice, .message-error {color:#992222;} .message-overflow, .chat small.message-overflow {font-size:0pt;} .message-overflow::before {font-size:9pt;content:'...';} .subtle {color:#3A4A66;}
</style>
<div class="wrapper replay-wrapper" style="max-width:1180px;margin:0 auto">
<input type="hidden" name="replayid" value="dragonheaven-gen8megasforall-812" />
<div class="battle"></div><div class="battle-log"></div><div class="replay-controls"></div><div class="replay-controls-2"></div>
<h1 style="font-weight:normal;text-align:center"><strong>[Gen 8] Megas for All</strong><br /><a href="http://pokemonshowdown.com/users/theultrafinder" class="subtle" target="_blank">TheUltraFinder</a> vs. <a href="http://pokemonshowdown.com/users/vizarpkmn" class="subtle" target="_blank">ViZarPKMN</a></h1>
<script type="text/plain" class="battle-log-data">|j|☆TheUltraFinder
|j|☆ViZarPKMN
|t:|1610823844
|player|p1|TheUltraFinder|1|
|player|p2|ViZarPKMN|benga|
|teamsize|p1|6
|teamsize|p2|6
|gametype|singles
|gen|8
|tier|[Gen 8] Megas for All
|clearpoke
|poke|p1|Torkoal, M|
|poke|p1|Gigalith, M|
|poke|p1|Tangrowth, F|
|poke|p1|Shiftry, F|
|poke|p1|Charizard, F|
|poke|p1|Cherrim, F|
|poke|p2|Bastiodon, F|
|poke|p2|Magearna|
|poke|p2|Tyranitar, F|
|poke|p2|Victini|
|poke|p2|Zapdos|
|poke|p2|Rillaboom, F|
|rule|HP Percentage Mod: HP is shown in percentages
|rule|Endless Battle Clause: Forcing endless battles is banned
|rule|OHKO Clause: OHKO moves are banned
|rule|Evasion Moves Clause: Evasion moves are banned
|rule|Species Clause: Limit one of each Pokémon
|rule|Dynamax Clause: You cannot dynamax
|rule|Sleep Clause Mod: Limit one foe put to sleep
|rule|Freeze Clause Mod: Limit one foe frozen
|raw|<img src="https:\/\/www.smogon.com\/forums\/attachments\/banner_2-png.302358\/" height="65" width="381">
|-message|Welcome to Megas for All!
|-message|This is a National Dex-based format where we aim to give a new Mega Evolution to every Pokémon.
|-message|Just like any official format, you can still only Mega Evolve one Pokémon per team!
|-message|You can find our thread and metagame resources here:
|-message|https:\/\/www.smogon.com\/forums\/threads\/3671140\/
|teampreview
|j|+inkbug1
|c|☆ViZarPKMN|glhf
|c|☆TheUltraFinder|Bo3 or bo1
|c|☆TheUltraFinder|Also u2
|c|☆TheUltraFinder|I’m bringing him back
|c|☆ViZarPKMN|I think B03
|c|☆TheUltraFinder|the legend
|c|☆TheUltraFinder|gigalith
|
|t:|1610823879
|start
|switch|p1a: Torkoal|Torkoal, M|100\/100
|switch|p2a: Tyranitar|Tyranitar, F|100\/100
|-weather|Sandstorm|[from] ability: Sand Stream|[of] p2a: Tyranitar
|-weather|SunnyDay|[from] ability: Drought|[of] p1a: Torkoal
|turn|1
|
|t:|1610823888
|move|p2a: Tyranitar|Stealth Rock|p1a: Torkoal
|-sidestart|p1: TheUltraFinder|move: Stealth Rock
|move|p1a: Torkoal|Solar Beam||[still]
|-prepare|p1a: Torkoal|Solar Beam
|-anim|p1a: Torkoal|Solar Beam|p2a: Tyranitar
|-supereffective|p2a: Tyranitar
|-damage|p2a: Tyranitar|58\/100
|
|-weather|SunnyDay|[upkeep]
|-heal|p2a: Tyranitar|65\/100|[from] item: Leftovers
|upkeep
|turn|2
|
|t:|1610823900
|switch|p2a: Zapdos|Zapdos|100\/100
|move|p1a: Torkoal|Solar Beam||[still]
|-prepare|p1a: Torkoal|Solar Beam
|-anim|p1a: Torkoal|Solar Beam|p2a: Zapdos
|-resisted|p2a: Zapdos
|-damage|p2a: Zapdos|83\/100
|
|-weather|SunnyDay|[upkeep]
|upkeep
|turn|3
|
|t:|1610823903
|move|p2a: Zapdos|Volt Switch|p1a: Torkoal
|-damage|p1a: Torkoal|65\/100
|
|t:|1610823905
|switch|p2a: Tyranitar|Tyranitar, F|65\/100|[from]move: Volt Switch
|-weather|Sandstorm|[from] ability: Sand Stream|[of] p2a: Tyranitar
|move|p1a: Torkoal|Ancient Power|p2a: Tyranitar
|-damage|p2a: Tyranitar|57\/100
|-boost|p1a: Torkoal|atk|1
|-boost|p1a: Torkoal|def|1
|-boost|p1a: Torkoal|spa|1
|-boost|p1a: Torkoal|spd|1
|-boost|p1a: Torkoal|spe|1
|
|-weather|Sandstorm|[upkeep]
|-damage|p1a: Torkoal|59\/100|[from] Sandstorm
|-heal|p2a: Tyranitar|63\/100|[from] item: Leftovers
|upkeep
|turn|4
|
|t:|1610823922
|switch|p1a: Tangrowth|Tangrowth, F|100\/100
|-damage|p1a: Tangrowth|88\/100|[from] Stealth Rock
|move|p2a: Tyranitar|Rock Blast|p1a: Tangrowth
|-damage|p1a: Tangrowth|83\/100
|-damage|p1a: Tangrowth|77\/100
|-damage|p1a: Tangrowth|72\/100
|-damage|p1a: Tangrowth|66\/100
|-damage|p1a: Tangrowth|60\/100
|-hitcount|p1a: Tangrowth|5
|
|-weather|Sandstorm|[upkeep]
|-damage|p1a: Tangrowth|53\/100|[from] Sandstorm
|-heal|p2a: Tyranitar|70\/100|[from] item: Leftovers
|upkeep
|turn|5
|
|t:|1610823938
|switch|p2a: Zapdos|Zapdos|83\/100
|move|p1a: Tangrowth|Sunny Day|p1a: Tangrowth
|-weather|SunnyDay
|
|-weather|SunnyDay|[upkeep]
|upkeep
|turn|6
|
|t:|1610823944
|move|p2a: Zapdos|Hidden Power|p1a: Tangrowth
|-supereffective|p1a: Tangrowth
|-damage|p1a: Tangrowth|3\/100
|-enditem|p1a: Tangrowth|Aguav Berry|[eat]
|-heal|p1a: Tangrowth|36\/100|[from] item: Aguav Berry
|move|p1a: Tangrowth|Toxic|p2a: Zapdos
|-status|p2a: Zapdos|tox
|
|-weather|SunnyDay|[upkeep]
|-damage|p2a: Zapdos|77\/100 tox|[from] psn
|upkeep
|turn|7
|c|☆TheUltraFinder|HP ice?
|c|☆ViZarPKMN|ye
|
|t:|1610823963
|move|p2a: Zapdos|Volt Switch|p1a: Tangrowth
|-resisted|p1a: Tangrowth
|-damage|p1a: Tangrowth|15\/100
|c|☆ViZarPKMN|cause fuck lando and gliscor
|c|☆TheUltraFinder|To nail ground types
|
|t:|1610823977
|switch|p2a: Rillaboom|Rillaboom, F|100\/100|[from]move: Volt Switch
|-fieldstart|move: Grassy Terrain|[from] ability: Grassy Surge|[of] p2a: Rillaboom
|move|p1a: Tangrowth|Synthesis|p1a: Tangrowth
|-heal|p1a: Tangrowth|82\/100
|
|-weather|SunnyDay|[upkeep]
|-heal|p1a: Tangrowth|88\/100|[from] Grassy Terrain
|upkeep
|turn|8
|
|t:|1610823985
|move|p2a: Rillaboom|U-turn|p1a: Tangrowth
|-supereffective|p1a: Tangrowth
|-damage|p1a: Tangrowth|44\/100
|
|t:|1610823988
|switch|p2a: Victini|Victini|100\/100|[from]move: U-turn
|move|p1a: Tangrowth|Sunny Day||[still]
|-fail|p1a: Tangrowth
|
|-weather|SunnyDay|[upkeep]
|-heal|p1a: Tangrowth|50\/100|[from] Grassy Terrain
|upkeep
|turn|9
|c|☆TheUltraFinder|Misclicked
|
|t:|1610823998
|move|p2a: Victini|V-create|p1a: Tangrowth
|-supereffective|p1a: Tangrowth
|-damage|p1a: Tangrowth|0 fnt
|-unboost|p2a: Victini|spe|1
|-unboost|p2a: Victini|def|1
|-unboost|p2a: Victini|spd|1
|faint|p1a: Tangrowth
|
|-weather|none
|upkeep
|
|t:|1610824006
|switch|p1a: Torkoal|Torkoal, M|59\/100
|-weather|SunnyDay|[from] ability: Drought|[of] p1a: Torkoal
|turn|10
|
|t:|1610824013
|move|p2a: Victini|U-turn|p1a: Torkoal
|-resisted|p1a: Torkoal
|-damage|p1a: Torkoal|52\/100
|
|t:|1610824016
|switch|p2a: Tyranitar|Tyranitar, F|70\/100|[from]move: U-turn
|-weather|Sandstorm|[from] ability: Sand Stream|[of] p2a: Tyranitar
|move|p1a: Torkoal|Earth Power|p2a: Tyranitar
|-supereffective|p2a: Tyranitar
|-damage|p2a: Tyranitar|48\/100
|
|-weather|Sandstorm|[upkeep]
|-damage|p1a: Torkoal|45\/100|[from] Sandstorm
|-heal|p2a: Tyranitar|54\/100|[from] item: Leftovers
|-heal|p2a: Tyranitar|60\/100|[from] Grassy Terrain
|-heal|p1a: Torkoal|52\/100|[from] Grassy Terrain
|upkeep
|turn|11
|
|t:|1610824029
|move|p2a: Tyranitar|Rock Blast|p1a: Torkoal
|-supereffective|p1a: Torkoal
|-damage|p1a: Torkoal|33\/100
|-supereffective|p1a: Torkoal
|-damage|p1a: Torkoal|15\/100
|-hitcount|p1a: Torkoal|2
|move|p1a: Torkoal|Earth Power|p2a: Tyranitar
|-supereffective|p2a: Tyranitar
|-damage|p2a: Tyranitar|40\/100
|
|-weather|Sandstorm|[upkeep]
|-damage|p1a: Torkoal|9\/100|[from] Sandstorm
|-heal|p2a: Tyranitar|47\/100|[from] item: Leftovers
|-heal|p2a: Tyranitar|53\/100|[from] Grassy Terrain
|-heal|p1a: Torkoal|15\/100|[from] Grassy Terrain
|-fieldend|move: Grassy Terrain
|upkeep
|turn|12
|c|☆TheUltraFinder|Weather war
|
|t:|1610824051
|switch|p1a: Gigalith|Gigalith, M|100\/100
|-damage|p1a: Gigalith|88\/100|[from] Stealth Rock
|move|p2a: Tyranitar|Crunch|p1a: Gigalith
|-damage|p1a: Gigalith|63\/100
|
|-weather|Sandstorm|[upkeep]
|-heal|p2a: Tyranitar|59\/100|[from] item: Leftovers
|upkeep
|turn|13
|c|☆ViZarPKMN|bw nostalgia
|
|t:|1610824062
|switch|p2a: Rillaboom|Rillaboom, F|100\/100
|-fieldstart|move: Grassy Terrain|[from] ability: Grassy Surge|[of] p2a: Rillaboom
|detailschange|p1a: Gigalith|Gigalith-Mega, M
|-mega|p1a: Gigalith|Gigalith|Gigalite
|-start|p1a: Gigalith|typechange|Rock|[silent]
|raw|<ul class="utilichart"><li class="result"><span class="col pokemonnamecol" style="white-space: nowrap">Gigalith-Mega<\/span> <span class="col typecol"><img src="https:\/\/play.pokemonshowdown.com\/sprites\/types\/Rock.png" alt="Rock" height="14" width="32"><\/span> <span style="float: left ; min-height: 26px"><span class="col abilitycol">Solar Core<\/span><span class="col abilitycol"><\/span><\/span><span style="float: left ; min-height: 26px"><span class="col statcol"><em>HP<\/em><br>85<\/span> <span class="col statcol"><em>Atk<\/em><br>135<\/span> <span class="col statcol"><em>Def<\/em><br>160<\/span> <span class="col statcol"><em>SpA<\/em><br>100<\/span> <span class="col statcol"><em>SpD<\/em><br>110<\/span> <span class="col statcol"><em>Spe<\/em><br>25<\/span> <\/span><\/li><li style="clear: both"><\/li><\/ul>
|move|p1a: Gigalith|Sunny Day|p1a: Gigalith
|-weather|SunnyDay
|
|-weather|SunnyDay|[upkeep]
|-heal|p1a: Gigalith|69\/100|[from] Grassy Terrain
|upkeep
|turn|14
|c|☆TheUltraFinder|Omae wa mou shindeiru
|
|t:|1610824078
|move|p2a: Rillaboom|Grassy Glide|p1a: Gigalith
|-supereffective|p1a: Gigalith
|-damage|p1a: Gigalith|0 fnt
|faint|p1a: Gigalith
|
|-weather|SunnyDay|[upkeep]
|upkeep
|c|☆ViZarPKMN|nani?
|c|☆TheUltraFinder|Or not
|c|☆TheUltraFinder|lmao
|
|t:|1610824091
|switch|p1a: Shiftry|Shiftry, F|100\/100
|-damage|p1a: Shiftry|88\/100|[from] Stealth Rock
|turn|15
|c|☆ViZarPKMN|bru my family is calling me
|c|☆ViZarPKMN|they want me to eat
|c|☆TheUltraFinder|9oof
|c|☆TheUltraFinder|call this a draw fn?
|-message|ViZarPKMN forfeited.
|
|win|TheUltraFinder
|c|☆ViZarPKMN|unsatisfying end
|c|☆TheUltraFinder|Yeah
|c|☆ViZarPKMN|nah you can have the win
|c|☆TheUltraFinder|Kk
|c|☆ViZarPKMN|but can you wait?
|c|☆TheUltraFinder|ypu deserve it tbh
|c|☆TheUltraFinder|i will carry your name
|c|☆TheUltraFinder|Have fun at dinner
|l|☆TheUltraFinder
|l|☆ViZarPKMN
|l|+inkbug1
|j|+inkbug1
</script>
</div>
<div class="battle-log battle-log-inline"><div class="inner"><div class="battle-options"><div style="padding-top: 3px; padding-right: 3px; text-align: right"><button class="icon button" name="openBattleOptions" title="Options">Battle Options</button></div></div><div class="inner message-log"><div class="chat"><small>☆TheUltraFinder and ☆ViZarPKMN joined</small></div><div class=""><small>Format:</small> <br><strong>[Gen 8] Megas for All</strong></div><div class=""><small><em>HP Percentage Mod:</em> HP is shown in percentages</small></div><div class=""><small><em>Endless Battle Clause:</em> Forcing endless battles is banned</small></div><div class=""><small><em>OHKO Clause:</em> OHKO moves are banned</small></div><div class=""><small><em>Evasion Moves Clause:</em> Evasion moves are banned</small></div><div class=""><small><em>Species Clause:</em> Limit one of each Pokémon</small></div><div class=""><small><em>Dynamax Clause:</em> You cannot dynamax</small></div><div class=""><small><em>Sleep Clause Mod:</em> Limit one foe put to sleep</small></div><div class=""><small><em>Freeze Clause Mod:</em> Limit one foe frozen</small></div><div class="chat"><img src="https://www.smogon.com/forums/attachments/banner_2-png.302358/" height="65" width="381"></div><div class="spacer battle-history"><br></div><div class="battle-history"><small>Welcome to Megas for All!</small><br></div><div class="battle-history"><small>This is a National Dex-based format where we aim to give a new Mega Evolution to every Pokémon.</small><br></div><div class="battle-history"><small>Just like any official format, you can still only Mega Evolve one Pokémon per team!</small><br></div><div class="battle-history"><small>You can find our thread and metagame resources here:</small><br></div><div class="battle-history"><small>https://www.smogon.com/forums/threads/3671140/</small><br></div><div class="chat battle-history"><strong>TheUltraFinder's team:</strong> <em style="color:#445566;display:block;">Torkoal / Gigalith / Tangrowth / Shiftry / Charizard / Cherrim</em></div><div class="chat battle-history"><strong>ViZarPKMN's team:</strong> <em style="color:#445566;display:block;">Bastiodon / Magearna / Tyranitar / Victini / Zapdos / Rillaboom</em></div><div class="chat"><small>+inkbug1 joined</small></div><div class="chat chatmessage-vizarpkmn"><strong style="color:#4f78c0"><small>☆</small><span class="username" data-name="ViZarPKMN">ViZarPKMN</span>:</strong> <em>glhf</em></div><div class="chat chatmessage-theultrafinder"><strong style="color:#946524"><small>☆</small><span class="username" data-name="TheUltraFinder">TheUltraFinder</span>:</strong> <em>Bo3 or bo1</em></div><div class="chat chatmessage-theultrafinder"><strong style="color:#946524"><small>☆</small><span class="username" data-name="TheUltraFinder">TheUltraFinder</span>:</strong> <em>Also u2</em></div><div class="chat chatmessage-theultrafinder"><strong style="color:#946524"><small>☆</small><span class="username" data-name="TheUltraFinder">TheUltraFinder</span>:</strong> <em>I’m bringing him back</em></div><div class="chat chatmessage-vizarpkmn"><strong style="color:#4f78c0"><small>☆</small><span class="username" data-name="ViZarPKMN">ViZarPKMN</span>:</strong> <em>I think B03</em></div><div class="chat chatmessage-theultrafinder"><strong style="color:#946524"><small>☆</small><span class="username" data-name="TheUltraFinder">TheUltraFinder</span>:</strong> <em>the legend</em></div><div class="chat chatmessage-theultrafinder"><strong style="color:#946524"><small>☆</small><span class="username" data-name="TheUltraFinder">TheUltraFinder</span>:</strong> <em>gigalith</em></div><div class="spacer battle-history"><br></div><div class="battle-history">Battle started between TheUltraFinder and ViZarPKMN!<br></div><div class="spacer battle-history"><br></div><div class="battle-history">Go! <strong>Torkoal</strong>!<br></div><div class="spacer battle-history"><br></div><div class="battle-history">ViZarPKMN sent out <strong>Tyranitar</strong>!<br></div><div class="battle-history">[The opposing Tyranitar's Sand Stream]<br><small>A sandstorm kicked up!</small><br></div><div class="battle-history">[Torkoal's Drought]<br><small>The sunlight turned harsh!</small><br></div><div class="spacer battle-history"><br></div><h2 class="battle-history">Turn 1</h2><div class="spacer battle-history"><br></div><div class="battle-history">The opposing Tyranitar used <strong>Stealth Rock</strong>!<br></div><div class="battle-history"><small>Pointed stones float in the air around your team!</small><br></div><div class="spacer battle-history"><br></div><div class="battle-history">Torkoal used <strong>Solar Beam</strong>!<br></div><div class="battle-history"><small>Torkoal absorbed light!</small><br></div><div class="battle-history"><small>It's super effective!</small><br></div><div class="battle-history"><small>(The opposing Tyranitar lost 42% of its health!)</small><br></div><div class="spacer battle-history"><br></div><div class="battle-history"><small>(The sunlight is strong.)</small><br></div><div class="battle-history"><small>The opposing Tyranitar restored a little HP using its Leftovers!</small><br></div><div class="spacer battle-history"><br></div><h2 class="battle-history">Turn 2</h2><div class="spacer battle-history"><br></div><div class="battle-history">ViZarPKMN withdrew Tyranitar!<br></div><div class="battle-history">ViZarPKMN sent out <strong>Zapdos</strong>!<br></div><div class="spacer battle-history"><br></div><div class="battle-history">Torkoal used <strong>Solar Beam</strong>!<br></div><div class="battle-history"><small>Torkoal absorbed light!</small><br></div><div class="battle-history"><small>It's not very effective...</small><br></div><div class="battle-history"><small>(The opposing Zapdos lost 17% of its health!)</small><br></div><div class="spacer battle-history"><br></div><div class="battle-history"><small>(The sunlight is strong.)</small><br></div><div class="spacer battle-history"><br></div><h2 class="battle-history">Turn 3</h2><div class="spacer battle-history"><br></div><div class="battle-history">The opposing Zapdos used <strong>Volt Switch</strong>!<br></div><div class="battle-history"><small>(Torkoal lost 35% of its health!)</small><br></div><div class="spacer battle-history"><br></div><div class="battle-history">The opposing Zapdos went back to ViZarPKMN!<br></div><div class="battle-history">ViZarPKMN sent out <strong>Tyranitar</strong>!<br></div><div class="battle-history">[The opposing Tyranitar's Sand Stream]<br><small>A sandstorm kicked up!</small><br></div><div class="spacer battle-history"><br></div><div class="battle-history">Torkoal used <strong>Ancient Power</strong>!<br></div><div class="battle-history"><small>(The opposing Tyranitar lost 8% of its health!)</small><br></div><div class="battle-history"><small>Torkoal's Attack rose!</small><br></div><div class="battle-history"><small>Torkoal's Defense rose!</small><br></div><div class="battle-history"><small>Torkoal's Sp. Atk rose!</small><br></div><div class="battle-history"><small>Torkoal's Sp. Def rose!</small><br></div><div class="battle-history"><small>Torkoal's Speed rose!</small><br></div><div class="spacer battle-history"><br></div><div class="battle-history"><small>(The sandstorm is raging.)</small><br></div><div class="battle-history"><small>Torkoal is buffeted by the sandstorm!</small><br></div><div class="battle-history"><small>The opposing Tyranitar restored a little HP using its Leftovers!</small><br></div><div class="spacer battle-history"><br></div><h2 class="battle-history">Turn 4</h2><div class="spacer battle-history"><br></div><div class="battle-history">Torkoal, come back!<br></div><div class="battle-history">Go! <strong>Tangrowth</strong>!<br></div><div class="battle-history"><small>Pointed stones dug into Tangrowth!</small><br></div><div class="spacer battle-history"><br></div><div class="battle-history">The opposing Tyranitar used <strong>Rock Blast</strong>!<br></div><div class="battle-history"><small>(Tangrowth lost 5% of its health!)</small><br></div><div class="battle-history"><small>(Tangrowth lost 6% of its health!)</small><br></div><div class="battle-history"><small>(Tangrowth lost 5% of its health!)</small><br></div><div class="battle-history"><small>(Tangrowth lost 6% of its health!)</small><br></div><div class="battle-history"><small>(Tangrowth lost 6% of its health!)</small><br></div><div class="battle-history"><small>The Pokémon was hit 5 times!</small><br></div><div class="spacer battle-history"><br></div><div class="battle-history"><small>(The sandstorm is raging.)</small><br></div><div class="battle-history"><small>Tangrowth is buffeted by the sandstorm!</small><br></div><div class="battle-history"><small>The opposing Tyranitar restored a little HP using its Leftovers!</small><br></div><div class="spacer battle-history"><br></div><h2 class="battle-history">Turn 5</h2><div class="spacer battle-history"><br></div><div class="battle-history">ViZarPKMN withdrew Tyranitar!<br></div><div class="battle-history">ViZarPKMN sent out <strong>Zapdos</strong>!<br></div><div class="spacer battle-history"><br></div><div class="battle-history">Tangrowth used <strong>Sunny Day</strong>!<br></div><div class="battle-history"><small>The sunlight turned harsh!</small><br></div><div class="spacer battle-history"><br></div><div class="battle-history"><small>(The sunlight is strong.)</small><br></div><div class="spacer battle-history"><br></div><h2 class="battle-history">Turn 6</h2><div class="spacer battle-history"><br></div><div class="battle-history">The opposing Zapdos used <strong>Hidden Power</strong>!<br></div><div class="battle-history"><small>It's super effective!</small><br></div><div class="battle-history"><small>(Tangrowth lost 50% of its health!)</small><br></div><div class="battle-history"><small>(Tangrowth ate its Aguav Berry!)</small><br></div><div class="battle-history"><small>Tangrowth restored HP using its Aguav Berry!</small><br></div><div class="spacer battle-history"><br></div><div class="battle-history">Tangrowth used <strong>Toxic</strong>!<br></div><div class="battle-history"><small>The opposing Zapdos was badly poisoned!</small><br></div><div class="spacer battle-history"><br></div><div class="battle-history"><small>(The sunlight is strong.)</small><br></div><div class="battle-history"><small>The opposing Zapdos was hurt by poison!</small><br></div><div class="spacer battle-history"><br></div><h2 class="battle-history">Turn 7</h2><div class="chat chatmessage-theultrafinder"><strong style="color:#946524"><small>☆</small><span class="username" data-name="TheUltraFinder">TheUltraFinder</span>:</strong> <em>HP ice?</em></div><div class="chat chatmessage-vizarpkmn"><strong style="color:#4f78c0"><small>☆</small><span class="username" data-name="ViZarPKMN">ViZarPKMN</span>:</strong> <em>ye</em></div><div class="spacer battle-history"><br></div><div class="battle-history">The opposing Zapdos used <strong>Volt Switch</strong>!<br></div><div class="battle-history"><small>It's not very effective...</small><br></div><div class="battle-history"><small>(Tangrowth lost 21% of its health!)</small><br></div><div class="chat chatmessage-vizarpkmn"><strong style="color:#4f78c0"><small>☆</small><span class="username" data-name="ViZarPKMN">ViZarPKMN</span>:</strong> <em>cause fuck lando and gliscor</em></div><div class="chat chatmessage-theultrafinder"><strong style="color:#946524"><small>☆</small><span class="username" data-name="TheUltraFinder">TheUltraFinder</span>:</strong> <em>To nail ground types</em></div><div class="spacer battle-history"><br></div><div class="battle-history">The opposing Zapdos went back to ViZarPKMN!<br></div><div class="battle-history">ViZarPKMN sent out <strong>Rillaboom</strong>!<br></div><div class="battle-history">[The opposing Rillaboom's Grassy Surge]<br><small>Grass grew to cover the battlefield!</small><br></div><div class="spacer battle-history"><br></div><div class="battle-history">Tangrowth used <strong>Synthesis</strong>!<br></div><div class="battle-history"><small>Tangrowth had its HP restored.</small><br></div><div class="spacer battle-history"><br></div><div class="battle-history"><small>(The sunlight is strong.)</small><br></div><div class="battle-history"><small>Tangrowth's HP was restored.</small><br></div><div class="spacer battle-history"><br></div><h2 class="battle-history">Turn 8</h2><div class="spacer battle-history"><br></div><div class="battle-history">The opposing Rillaboom used <strong>U-turn</strong>!<br></div><div class="battle-history"><small>It's super effective!</small><br></div><div class="battle-history"><small>(Tangrowth lost 44% of its health!)</small><br></div><div class="spacer battle-history"><br></div><div class="battle-history">The opposing Rillaboom went back to ViZarPKMN!<br></div><div class="battle-history">ViZarPKMN sent out <strong>Victini</strong>!<br></div><div class="spacer battle-history"><br></div><div class="battle-history">Tangrowth used <strong>Sunny Day</strong>!<br></div><div class="battle-history"><small>But it failed!</small><br></div><div class="spacer battle-history"><br></div><div class="battle-history"><small>(The sunlight is strong.)</small><br></div><div class="battle-history"><small>Tangrowth's HP was restored.</small><br></div><div class="spacer battle-history"><br></div><h2 class="battle-history">Turn 9</h2><div class="chat chatmessage-theultrafinder"><strong style="color:#946524"><small>☆</small><span class="username" data-name="TheUltraFinder">TheUltraFinder</span>:</strong> <em>Misclicked</em></div><div class="spacer battle-history"><br></div><div class="battle-history">The opposing Victini used <strong>V-create</strong>!<br></div><div class="battle-history"><small>It's super effective!</small><br></div><div class="battle-history"><small>(Tangrowth lost 50% of its health!)</small><br></div><div class="battle-history"><small>The opposing Victini's Speed fell!</small><br></div><div class="battle-history"><small>The opposing Victini's Defense fell!</small><br></div><div class="battle-history"><small>The opposing Victini's Sp. Def fell!</small><br></div><div class="spacer battle-history"><br></div><div class="battle-history">Tangrowth fainted!<br></div><div class="spacer battle-history"><br></div><div class="battle-history"><small>The harsh sunlight faded.</small><br></div><div class="spacer battle-history"><br></div><div class="battle-history">Go! <strong>Torkoal</strong>!<br></div><div class="battle-history">[Torkoal's Drought]<br><small>The sunlight turned harsh!</small><br></div><div class="spacer battle-history"><br></div><h2 class="battle-history">Turn 10</h2><div class="spacer battle-history"><br></div><div class="battle-history">The opposing Victini used <strong>U-turn</strong>!<br></div><div class="battle-history"><small>It's not very effective...</small><br></div><div class="battle-history"><small>(Torkoal lost 7% of its health!)</small><br></div><div class="spacer battle-history"><br></div><div class="battle-history">The opposing Victini went back to ViZarPKMN!<br></div><div class="battle-history">ViZarPKMN sent out <strong>Tyranitar</strong>!<br></div><div class="battle-history">[The opposing Tyranitar's Sand Stream]<br><small>A sandstorm kicked up!</small><br></div><div class="spacer battle-history"><br></div><div class="battle-history">Torkoal used <strong>Earth Power</strong>!<br></div><div class="battle-history"><small>It's super effective!</small><br></div><div class="battle-history"><small>(The opposing Tyranitar lost 22% of its health!)</small><br></div><div class="spacer battle-history"><br></div><div class="battle-history"><small>(The sandstorm is raging.)</small><br></div><div class="battle-history"><small>Torkoal is buffeted by the sandstorm!</small><br></div><div class="battle-history"><small>The opposing Tyranitar restored a little HP using its Leftovers!</small><br></div><div class="battle-history"><small>The opposing Tyranitar's HP was restored.</small><br></div><div class="battle-history"><small>Torkoal's HP was restored.</small><br></div><div class="spacer battle-history"><br></div><h2 class="battle-history">Turn 11</h2><div class="spacer battle-history"><br></div><div class="battle-history">The opposing Tyranitar used <strong>Rock Blast</strong>!<br></div><div class="battle-history"><small>It's super effective!</small><br></div><div class="battle-history"><small>(Torkoal lost 19% of its health!)</small><br></div><div class="battle-history"><small>It's super effective!</small><br></div><div class="battle-history"><small>(Torkoal lost 18% of its health!)</small><br></div><div class="battle-history"><small>The Pokémon was hit 2 times!</small><br></div><div class="spacer battle-history"><br></div><div class="battle-history">Torkoal used <strong>Earth Power</strong>!<br></div><div class="battle-history"><small>It's super effective!</small><br></div><div class="battle-history"><small>(The opposing Tyranitar lost 20% of its health!)</small><br></div><div class="spacer battle-history"><br></div><div class="battle-history"><small>(The sandstorm is raging.)</small><br></div><div class="battle-history"><small>Torkoal is buffeted by the sandstorm!</small><br></div><div class="battle-history"><small>The opposing Tyranitar restored a little HP using its Leftovers!</small><br></div><div class="battle-history"><small>The opposing Tyranitar's HP was restored.</small><br></div><div class="battle-history"><small>Torkoal's HP was restored.</small><br></div><div class="battle-history"><small>The grass disappeared from the battlefield.</small><br></div><div class="spacer battle-history"><br></div><h2 class="battle-history">Turn 12</h2><div class="chat chatmessage-theultrafinder"><strong style="color:#946524"><small>☆</small><span class="username" data-name="TheUltraFinder">TheUltraFinder</span>:</strong> <em>Weather war</em></div><div class="spacer battle-history"><br></div><div class="battle-history">Torkoal, come back!<br></div><div class="battle-history">Go! <strong>Gigalith</strong>!<br></div><div class="battle-history"><small>Pointed stones dug into Gigalith!</small><br></div><div class="spacer battle-history"><br></div><div class="battle-history">The opposing Tyranitar used <strong>Crunch</strong>!<br></div><div class="battle-history"><small>(Gigalith lost 25% of its health!)</small><br></div><div class="spacer battle-history"><br></div><div class="battle-history"><small>(The sandstorm is raging.)</small><br></div><div class="battle-history"><small>The opposing Tyranitar restored a little HP using its Leftovers!</small><br></div><div class="spacer battle-history"><br></div><h2 class="battle-history">Turn 13</h2><div class="chat chatmessage-vizarpkmn"><strong style="color:#4f78c0"><small>☆</small><span class="username" data-name="ViZarPKMN">ViZarPKMN</span>:</strong> <em>bw nostalgia</em></div><div class="spacer battle-history"><br></div><div class="battle-history">ViZarPKMN withdrew Tyranitar!<br></div><div class="battle-history">ViZarPKMN sent out <strong>Rillaboom</strong>!<br></div><div class="battle-history">[The opposing Rillaboom's Grassy Surge]<br><small>Grass grew to cover the battlefield!</small><br></div><div class="spacer battle-history"><br></div><div class="battle-history"><small>Gigalith's Gigalite is reacting to the Key Stone!</small><br>Gigalith has Mega Evolved into Mega Gigalith!<br></div><div class="chat"><ul class="utilichart"><li class="result"><span class="col pokemonnamecol" style="white-space: nowrap">Gigalith-Mega</span> <span class="col typecol"><img src="https://play.pokemonshowdown.com/sprites/types/Rock.png" alt="Rock" height="14" width="32"></span> <span style="float: left ; min-height: 26px"><span class="col abilitycol">Solar Core</span><span class="col abilitycol"></span></span><span style="float: left ; min-height: 26px"><span class="col statcol"><em>HP</em><br>85</span> <span class="col statcol"><em>Atk</em><br>135</span> <span class="col statcol"><em>Def</em><br>160</span> <span class="col statcol"><em>SpA</em><br>100</span> <span class="col statcol"><em>SpD</em><br>110</span> <span class="col statcol"><em>Spe</em><br>25</span> </span></li><li style="clear: both"></li></ul></div><div class="spacer battle-history"><br></div><div class="battle-history">Gigalith used <strong>Sunny Day</strong>!<br></div><div class="battle-history"><small>The sunlight turned harsh!</small><br></div><div class="spacer battle-history"><br></div><div class="battle-history"><small>(The sunlight is strong.)</small><br></div><div class="battle-history"><small>Gigalith's HP was restored.</small><br></div><div class="spacer battle-history"><br></div><h2 class="battle-history">Turn 14</h2><div class="chat chatmessage-theultrafinder"><strong style="color:#946524"><small>☆</small><span class="username" data-name="TheUltraFinder">TheUltraFinder</span>:</strong> <em>Omae wa mou shindeiru</em></div><div class="spacer battle-history"><br></div><div class="battle-history">The opposing Rillaboom used <strong>Grassy Glide</strong>!<br></div><div class="battle-history"><small>It's super effective!</small><br></div><div class="battle-history"><small>(Gigalith lost 69% of its health!)</small><br></div><div class="spacer battle-history"><br></div><div class="battle-history">Gigalith fainted!<br></div><div class="spacer battle-history"><br></div><div class="battle-history"><small>(The sunlight is strong.)</small><br></div><div class="chat chatmessage-vizarpkmn"><strong style="color:#4f78c0"><small>☆</small><span class="username" data-name="ViZarPKMN">ViZarPKMN</span>:</strong> <em>nani?</em></div><div class="chat chatmessage-theultrafinder"><strong style="color:#946524"><small>☆</small><span class="username" data-name="TheUltraFinder">TheUltraFinder</span>:</strong> <em>Or not</em></div><div class="chat chatmessage-theultrafinder"><strong style="color:#946524"><small>☆</small><span class="username" data-name="TheUltraFinder">TheUltraFinder</span>:</strong> <em>lmao</em></div><div class="spacer battle-history"><br></div><div class="battle-history">Go! <strong>Shiftry</strong>!<br></div><div class="battle-history"><small>Pointed stones dug into Shiftry!</small><br></div><div class="spacer battle-history"><br></div><h2 class="battle-history">Turn 15</h2><div class="chat chatmessage-vizarpkmn"><strong style="color:#4f78c0"><small>☆</small><span class="username" data-name="ViZarPKMN">ViZarPKMN</span>:</strong> <em>bru my family is calling me</em></div><div class="chat chatmessage-vizarpkmn"><strong style="color:#4f78c0"><small>☆</small><span class="username" data-name="ViZarPKMN">ViZarPKMN</span>:</strong> <em>they want me to eat</em></div><div class="chat chatmessage-theultrafinder"><strong style="color:#946524"><small>☆</small><span class="username" data-name="TheUltraFinder">TheUltraFinder</span>:</strong> <em>9oof</em></div><div class="chat chatmessage-theultrafinder"><strong style="color:#946524"><small>☆</small><span class="username" data-name="TheUltraFinder">TheUltraFinder</span>:</strong> <em>call this a draw fn?</em></div><div class="spacer battle-history"><br></div><div class="battle-history"><small>ViZarPKMN forfeited.</small><br></div><div class="spacer battle-history"><br></div><div class="battle-history"><strong>TheUltraFinder</strong> won the battle!<br></div><div class="chat chatmessage-vizarpkmn"><strong style="color:#4f78c0"><small>☆</small><span class="username" data-name="ViZarPKMN">ViZarPKMN</span>:</strong> <em>unsatisfying end</em></div><div class="chat chatmessage-theultrafinder"><strong style="color:#946524"><small>☆</small><span class="username" data-name="TheUltraFinder">TheUltraFinder</span>:</strong> <em>Yeah</em></div><div class="chat chatmessage-vizarpkmn"><strong style="color:#4f78c0"><small>☆</small><span class="username" data-name="ViZarPKMN">ViZarPKMN</span>:</strong> <em>nah you can have the win</em></div><div class="chat chatmessage-theultrafinder"><strong style="color:#946524"><small>☆</small><span class="username" data-name="TheUltraFinder">TheUltraFinder</span>:</strong> <em>Kk</em></div><div class="chat chatmessage-vizarpkmn"><strong style="color:#4f78c0"><small>☆</small><span class="username" data-name="ViZarPKMN">ViZarPKMN</span>:</strong> <em>but can you wait?</em></div><div class="chat chatmessage-theultrafinder"><strong style="color:#946524"><small>☆</small><span class="username" data-name="TheUltraFinder">TheUltraFinder</span>:</strong> <em>ypu deserve it tbh</em></div><div class="chat chatmessage-theultrafinder"><strong style="color:#946524"><small>☆</small><span class="username" data-name="TheUltraFinder">TheUltraFinder</span>:</strong> <em>i will carry your name</em></div><div class="chat chatmessage-theultrafinder"><strong style="color:#946524"><small>☆</small><span class="username" data-name="TheUltraFinder">TheUltraFinder</span>:</strong> <em>Have fun at dinner</em></div><div class="chat"><small>☆TheUltraFinder and ☆ViZarPKMN left</small></div></div><div class="inner-preempt message-log"></div></div></div>
</div>
<script>
let daily = Math.floor(Date.now()/1000/60/60/24);document.write('<script src="https://dragonheaven.herokuapp.com/js/replay-embed.js?version'+daily+'"></'+'script>');
</script>
