<!DOCTYPE html>
<meta charset="utf-8" />
<!-- version 1 -->
<title>[Gen 8] M4A VGC replay: jazzmat vs. BlaueBrause</title>
<style>
html,body {font-family:Verdana, sans-serif;font-size:10pt;margin:0;padding:0;}body{padding:12px 0;} .battle-log {font-family:Verdana, sans-serif;font-size:10pt;} .battle-log-inline {border:1px solid #AAAAAA;background:#EEF2F5;color:black;max-width:640px;margin:0 auto 80px;padding-bottom:5px;} .battle-log .inner {padding:4px 8px 0px 8px;} .battle-log .inner-preempt {padding:0 8px 4px 8px;} .battle-log .inner-after {margin-top:0.5em;} .battle-log h2 {margin:0.5em -8px;padding:4px 8px;border:1px solid #AAAAAA;background:#E0E7EA;border-left:0;border-right:0;font-family:Verdana, sans-serif;font-size:13pt;} .battle-log .chat {vertical-align:middle;padding:3px 0 3px 0;font-size:8pt;} .battle-log .chat strong {color:#40576A;} .battle-log .chat em {padding:1px 4px 1px 3px;color:#000000;font-style:normal;} .chat.mine {background:rgba(0,0,0,0.05);margin-left:-8px;margin-right:-8px;padding-left:8px;padding-right:8px;} .spoiler {color:#BBBBBB;background:#BBBBBB;padding:0px 3px;} .spoiler:hover, .spoiler:active, .spoiler-shown {color:#000000;background:#E2E2E2;padding:0px 3px;} .spoiler a {color:#BBBBBB;} .spoiler:hover a, .spoiler:active a, .spoiler-shown a {color:#2288CC;} .chat code, .chat .spoiler:hover code, .chat .spoiler:active code, .chat .spoiler-shown code {border:1px solid #C0C0C0;background:#EEEEEE;color:black;padding:0 2px;} .chat .spoiler code {border:1px solid #CCCCCC;background:#CCCCCC;color:#CCCCCC;} .battle-log .rated {padding:3px 4px;} .battle-log .rated strong {color:white;background:#89A;padding:1px 4px;border-radius:4px;} .spacer {margin-top:0.5em;} .message-announce {background:#6688AA;color:white;padding:1px 4px 2px;} .message-announce a, .broadcast-green a, .broadcast-blue a, .broadcast-red a {color:#DDEEFF;} .broadcast-green {background-color:#559955;color:white;padding:2px 4px;} .broadcast-blue {background-color:#6688AA;color:white;padding:2px 4px;} .infobox {border:1px solid #6688AA;padding:2px 4px;} .infobox-limited {max-height:200px;overflow:auto;overflow-x:hidden;} .broadcast-red {background-color:#AA5544;color:white;padding:2px 4px;} .message-learn-canlearn {font-weight:bold;color:#228822;text-decoration:underline;} .message-learn-cannotlearn {font-weight:bold;color:#CC2222;text-decoration:underline;} .message-effect-weak {font-weight:bold;color:#CC2222;} .message-effect-resist {font-weight:bold;color:#6688AA;} .message-effect-immune {font-weight:bold;color:#666666;} .message-learn-list {margin-top:0;margin-bottom:0;} .message-throttle-notice, .message-error {color:#992222;} .message-overflow, .chat small.message-overflow {font-size:0pt;} .message-overflow::before {font-size:9pt;content:'...';} .subtle {color:#3A4A66;}
</style>
<div class="wrapper replay-wrapper" style="max-width:1180px;margin:0 auto">
<input type="hidden" name="replayid" value="dragonheaven-gen8m4avgc-287" />
<div class="battle"></div><div class="battle-log"></div><div class="replay-controls"></div><div class="replay-controls-2"></div>
<h1 style="font-weight:normal;text-align:center"><strong>[Gen 8] M4A VGC</strong><br /><a href="http://pokemonshowdown.com/users/jazzmat" class="subtle" target="_blank">jazzmat</a> vs. <a href="http://pokemonshowdown.com/users/blauebrause" class="subtle" target="_blank">BlaueBrause</a></h1>
<script type="text/plain" class="battle-log-data">|j|☆jazzmat
|j|☆BlaueBrause
|t:|1615144402
|player|p1|jazzmat|266|
|player|p2|BlaueBrause|psychic|
|teamsize|p1|6
|teamsize|p2|6
|gametype|doubles
|gen|8
|tier|[Gen 8] M4A VGC
|clearpoke
|poke|p1|Mimikyu, L50, M|
|poke|p1|Oricorio-Pom-Pom, L50, M|
|poke|p1|Comfey, L50, M|
|poke|p1|Volcarona, L50, F|
|poke|p1|Bisharp, L50, M|
|poke|p1|Amoonguss, L50, M|
|poke|p2|Incineroar, L50, M|
|poke|p2|Tapu Bulu, L50|
|poke|p2|Zapdos, L50|
|poke|p2|Kommo-o, L50, M|
|poke|p2|Dhelmise, L50|
|poke|p2|Araquanid, L50, F|
|rule|Species Clause: Limit one of each Pokémon
|rule|Item Clause: Limit one of each item
|rule|Dynamax Clause: You cannot dynamax
|raw|<img src="https:\/\/www.smogon.com\/forums\/attachments\/banner_2-png.302358\/" height="65" width="381">
|-message|Welcome to Megas for All!
|-message|This is a National Dex-based format where we aim to give a new Mega Evolution to every Pokémon.
|-message|Just like any official format, you can still only Mega Evolve one Pokémon per team!
|-message|You can find our thread and metagame resources here:
|-message|https:\/\/www.smogon.com\/forums\/threads\/3671140\/
|teampreview|4
|j|+inkbug1

|j| ASnomPlaysShowdown
|c|☆BlaueBrause|glhf!
|c| ASnomPlaysShowdown|Oops
|l| ASnomPlaysShowdown
|c|☆jazzmat|sorry hold please
|c|☆BlaueBrause|np, I haven't activate the timer
|c|☆BlaueBrause|so, no stress!
|j| H2OPulse
|j| just7
|l|☆jazzmat
|player|p1|
|j|☆jazzmat
|player|p1|jazzmat|266
|c|☆jazzmat|really sorry about that
|c|☆jazzmat|I'm back now
|c|☆BlaueBrause|dw!
|
|t:|1615144856
|start
|switch|p1a: Comfey|Comfey, L50, M|48\/48
|switch|p1b: Mimikyu|Mimikyu, L50, M|48\/48
|switch|p2a: Guitar Hero|Zapdos, L50|48\/48
|switch|p2b: A Star is Born|Incineroar, L50, M|48\/48
|-ability|p2b: A Star is Born|Intimidate|boost
|-unboost|p1a: Comfey|atk|1
|-unboost|p1b: Mimikyu|atk|1
|turn|1
|c|☆BlaueBrause|everything's fine!
|
|t:|1615144872
|detailschange|p1b: Mimikyu|Mimikyu-Mega, L50, M
|-mega|p1b: Mimikyu|Mimikyu|Mimikyunite
|-start|p1b: Mimikyu|typechange|Ghost\/Fairy|[silent]
|raw|<ul class="utilichart"><li class="result"><span class="col pokemonnamecol" style="white-space: nowrap">Mimikyu-Mega<\/span> <span class="col typecol"><img src="https:\/\/play.pokemonshowdown.com\/sprites\/types\/Ghost.png" alt="Ghost" height="14" width="32"><img src="https:\/\/play.pokemonshowdown.com\/sprites\/types\/Fairy.png" alt="Fairy" height="14" width="32"><\/span> <span style="float: left ; min-height: 26px"><span class="col abilitycol">Magic Guard<\/span><span class="col abilitycol"><\/span><\/span><span style="float: left ; min-height: 26px"><span class="col statcol"><em>HP<\/em><br>55<\/span> <span class="col statcol"><em>Atk<\/em><br>90<\/span> <span class="col statcol"><em>Def<\/em><br>145<\/span> <span class="col statcol"><em>SpA<\/em><br>70<\/span> <span class="col statcol"><em>SpD<\/em><br>150<\/span> <span class="col statcol"><em>Spe<\/em><br>66<\/span> <\/span><\/li><li style="clear: both"><\/li><\/ul>
|move|p1a: Comfey|Taunt|p2b: A Star is Born
|-start|p2b: A Star is Born|move: Taunt
|move|p1b: Mimikyu|Swords Dance|p1b: Mimikyu
|-boost|p1b: Mimikyu|atk|2
|move|p2a: Guitar Hero|Tailwind|p2a: Guitar Hero
|-sidestart|p2: BlaueBrause|move: Tailwind
|move|p2b: A Star is Born|Knock Off|p1b: Mimikyu
|-damage|p1b: Mimikyu|34\/48
|
|upkeep
|turn|2
|j| Woopersons42 ☭
|
|t:|1615144896
|move|p1a: Comfey|Draining Kiss|p2b: A Star is Born
|-damage|p2b: A Star is Born|39\/48
|move|p2a: Guitar Hero|Thunderbolt|p1b: Mimikyu
|-damage|p1b: Mimikyu|15\/48
|move|p2b: A Star is Born|Flare Blitz|p1b: Mimikyu
|-damage|p1b: Mimikyu|0 fnt
|-damage|p2b: A Star is Born|36\/48|[from] Recoil
|faint|p1b: Mimikyu
|
|upkeep
|
|t:|1615144904
|switch|p1b: Amoonguss|Amoonguss, L50, M|48\/48
|turn|3
|
|t:|1615144920
|move|p1a: Comfey|Draining Kiss|p2b: A Star is Born
|-damage|p2b: A Star is Born|28\/48
|move|p2a: Guitar Hero|Hurricane|p1b: Amoonguss|[miss]
|-miss|p2a: Guitar Hero|p1b: Amoonguss
|move|p2b: A Star is Born|Flare Blitz|p1b: Amoonguss
|-supereffective|p1b: Amoonguss
|-damage|p1b: Amoonguss|0 fnt
|-damage|p2b: A Star is Born|11\/48|[from] Recoil
|-enditem|p2b: A Star is Born|Sitrus Berry|[eat]
|-heal|p2b: A Star is Born|23\/48|[from] item: Sitrus Berry
|faint|p1b: Amoonguss
|
|-end|p2b: A Star is Born|move: Taunt
|upkeep
|
|t:|1615144937
|switch|p1b: Volcarona|Volcarona, L50, F|48\/48
|turn|4
|
|t:|1615144951
|move|p1a: Comfey|Floral Healing||[still]
|-fail|p1a: Comfey
|move|p2a: Guitar Hero|Thunderbolt|p1b: Volcarona
|-damage|p1b: Volcarona|26\/48
|move|p2b: A Star is Born|Flare Blitz|p1b: Volcarona
|-damage|p1b: Volcarona|0 fnt
|-damage|p2b: A Star is Born|16\/48|[from] Recoil
|faint|p1b: Volcarona
|
|-sideend|p2: BlaueBrause|move: Tailwind
|upkeep
|turn|5
|
|t:|1615144965
|move|p1a: Comfey|Draining Kiss|p2b: A Star is Born
|-damage|p2b: A Star is Born|7\/48
|move|p2a: Guitar Hero|Thunderbolt|p1a: Comfey
|-damage|p1a: Comfey|25\/48
|-status|p1a: Comfey|par
|move|p2b: A Star is Born|Knock Off|p1a: Comfey
|-resisted|p1a: Comfey
|-damage|p1a: Comfey|11\/48 par
|-enditem|p1a: Comfey|Pixie Plate|[from] move: Knock Off|[of] p2b: A Star is Born
|
|upkeep
|turn|6
|c|☆jazzmat|can you tell i don't really play doubles
|
|t:|1615144980
|move|p1a: Comfey|Draining Kiss|p2b: A Star is Born
|-damage|p2b: A Star is Born|1\/48
|-heal|p1a: Comfey|19\/48 par|[from] drain|[of] p2b: A Star is Born
|move|p2a: Guitar Hero|Thunderbolt|p1a: Comfey
|-crit|p1a: Comfey
|-damage|p1a: Comfey|0 fnt
|faint|p1a: Comfey
|
|win|BlaueBrause
|c|☆BlaueBrause|it's fine!
|c|☆BlaueBrause|we're all here for fun!
|c|☆jazzmat|gg lol
|c|☆BlaueBrause|gg</script>
</div>
<div class="battle-log battle-log-inline"><div class="inner"><div class="battle-options"><div style="padding-top: 3px; padding-right: 3px; text-align: right"><button class="icon button" name="openBattleOptions" title="Options">Battle Options</button></div></div><div class="inner message-log"><div class="chat"><small>☆jazzmat and ☆BlaueBrause joined</small></div><div class=""><small>Format:</small> <br><strong>[Gen 8] M4A VGC</strong></div><div class=""><small><em>Species Clause:</em> Limit one of each Pokémon</small></div><div class=""><small><em>Item Clause:</em> Limit one of each item</small></div><div class=""><small><em>Dynamax Clause:</em> You cannot dynamax</small></div><div class="chat"><img src="https://www.smogon.com/forums/attachments/banner_2-png.302358/" height="65" width="381"></div><div class="spacer battle-history"><br></div><div class="battle-history"><small>Welcome to Megas for All!</small><br></div><div class="battle-history"><small>This is a National Dex-based format where we aim to give a new Mega Evolution to every Pokémon.</small><br></div><div class="battle-history"><small>Just like any official format, you can still only Mega Evolve one Pokémon per team!</small><br></div><div class="battle-history"><small>You can find our thread and metagame resources here:</small><br></div><div class="battle-history"><small>https://www.smogon.com/forums/threads/3671140/</small><br></div><div class="chat battle-history"><strong>jazzmat's team:</strong> <em style="color:#445566;display:block;">Mimikyu / Oricorio-Pom-Pom / Comfey / Volcarona / Bisharp / Amoonguss</em></div><div class="chat battle-history"><strong>BlaueBrause's team:</strong> <em style="color:#445566;display:block;">Incineroar / Tapu Bulu / Zapdos / Kommo-o / Dhelmise / Araquanid</em></div><div class="chat"><small>+inkbug1 joined</small></div><div class="chat chatmessage-blauebrause"><strong style="color:#6b66e4"><small>☆</small><span class="username" data-name="BlaueBrause">BlaueBrause</span>:</strong> <em>glhf!</em></div><div class="chat chatmessage-asnomplaysshowdown"><strong style="color:#1bb1b6"><small> </small><span class="username" data-name="ASnomPlaysShowdown">ASnomPlaysShowdown</span>:</strong> <em>Oops</em></div><div class="chat chatmessage-jazzmat"><strong style="color:#bf458a"><small>☆</small><span class="username" data-name="jazzmat">jazzmat</span>:</strong> <em>sorry hold please</em></div><div class="chat chatmessage-blauebrause"><strong style="color:#6b66e4"><small>☆</small><span class="username" data-name="BlaueBrause">BlaueBrause</span>:</strong> <em>np, I haven't activate the timer</em></div><div class="chat chatmessage-blauebrause"><strong style="color:#6b66e4"><small>☆</small><span class="username" data-name="BlaueBrause">BlaueBrause</span>:</strong> <em>so, no stress!</em></div><div class="chat"><small> ASnomPlaysShowdown,  H2OPulse, and  just7 joined;  ASnomPlaysShowdown and ☆jazzmat left</small></div><div class="chat"><small>☆jazzmat joined</small></div><div class="chat chatmessage-jazzmat"><strong style="color:#bf458a"><small>☆</small><span class="username" data-name="jazzmat">jazzmat</span>:</strong> <em>really sorry about that</em></div><div class="chat chatmessage-jazzmat"><strong style="color:#bf458a"><small>☆</small><span class="username" data-name="jazzmat">jazzmat</span>:</strong> <em>I'm back now</em></div><div class="chat chatmessage-blauebrause"><strong style="color:#6b66e4"><small>☆</small><span class="username" data-name="BlaueBrause">BlaueBrause</span>:</strong> <em>dw!</em></div><div class="spacer battle-history"><br></div><div class="battle-history">Battle started between jazzmat and BlaueBrause!<br></div><div class="spacer battle-history"><br></div><div class="battle-history">Go! <strong>Comfey</strong>!<br></div><div class="spacer battle-history"><br></div><div class="battle-history">Go! <strong>Mimikyu</strong>!<br></div><div class="spacer battle-history"><br></div><div class="battle-history">BlaueBrause sent out Guitar Hero (<strong>Zapdos</strong>)!<br></div><div class="spacer battle-history"><br></div><div class="battle-history">BlaueBrause sent out A Star is Born (<strong>Incineroar</strong>)!<br></div><div class="battle-history">[The opposing A Star is Born's Intimidate]<br></div><div class="battle-history"><small>Comfey's Attack fell!</small><br></div><div class="battle-history"><small>Mimikyu's Attack fell!</small><br></div><div class="spacer battle-history"><br></div><h2 class="battle-history">Turn 1</h2><div class="chat chatmessage-blauebrause"><strong style="color:#6b66e4"><small>☆</small><span class="username" data-name="BlaueBrause">BlaueBrause</span>:</strong> <em>everything's fine!</em></div><div class="spacer battle-history"><br></div><div class="battle-history"><small>Mimikyu's Mimikyunite is reacting to the Key Stone!</small><br>Mimikyu has Mega Evolved into Mega Mimikyu!<br></div><div class="chat"><ul class="utilichart"><li class="result"><span class="col pokemonnamecol" style="white-space: nowrap">Mimikyu-Mega</span> <span class="col typecol"><img src="https://play.pokemonshowdown.com/sprites/types/Ghost.png" alt="Ghost" height="14" width="32"><img src="https://play.pokemonshowdown.com/sprites/types/Fairy.png" alt="Fairy" height="14" width="32"></span> <span style="float: left ; min-height: 26px"><span class="col abilitycol">Magic Guard</span><span class="col abilitycol"></span></span><span style="float: left ; min-height: 26px"><span class="col statcol"><em>HP</em><br>55</span> <span class="col statcol"><em>Atk</em><br>90</span> <span class="col statcol"><em>Def</em><br>145</span> <span class="col statcol"><em>SpA</em><br>70</span> <span class="col statcol"><em>SpD</em><br>150</span> <span class="col statcol"><em>Spe</em><br>66</span> </span></li><li style="clear: both"></li></ul></div><div class="spacer battle-history"><br></div><div class="battle-history">Comfey used <strong>Taunt</strong>!<br></div><div class="battle-history"><small>The opposing A Star is Born fell for the taunt!</small><br></div><div class="spacer battle-history"><br></div><div class="battle-history">Mimikyu used <strong>Swords Dance</strong>!<br></div><div class="battle-history"><small>Mimikyu's Attack rose sharply!</small><br></div><div class="spacer battle-history"><br></div><div class="battle-history">The opposing Guitar Hero used <strong>Tailwind</strong>!<br></div><div class="battle-history"><small>The Tailwind blew from behind the opposing team!</small><br></div><div class="spacer battle-history"><br></div><div class="battle-history">The opposing A Star is Born used <strong>Knock Off</strong>!<br></div><div class="battle-history"><small>(Mimikyu lost <abbr title="−14/48 pixels">27.2–29.2%</abbr> of its health!)</small><br></div><div class="spacer battle-history"><br></div><h2 class="battle-history">Turn 2</h2><div class="chat"><small> Woopersons42 ☭ joined</small></div><div class="spacer battle-history"><br></div><div class="battle-history">Comfey used <strong>Draining Kiss</strong>!<br></div><div class="battle-history"><small>(The opposing A Star is Born lost <abbr title="−9/48 pixels">16.7–18.8%</abbr> of its health!)</small><br></div><div class="spacer battle-history"><br></div><div class="battle-history">The opposing Guitar Hero used <strong>Thunderbolt</strong>!<br></div><div class="battle-history"><small>(Mimikyu lost <abbr title="−19/48 pixels">37.6–41.6%</abbr> of its health!)</small><br></div><div class="spacer battle-history"><br></div><div class="battle-history">The opposing A Star is Born used <strong>Flare Blitz</strong>!<br></div><div class="battle-history"><small>(Mimikyu lost <abbr title="−15/48 pixels">31.3–33.3%</abbr> of its health!)</small><br></div><div class="battle-history"><small>The opposing A Star is Born was damaged by the recoil!</small><br></div><div class="spacer battle-history"><br></div><div class="battle-history">Mimikyu fainted!<br></div><div class="spacer battle-history"><br></div><div class="battle-history">Go! <strong>Amoonguss</strong>!<br></div><div class="spacer battle-history"><br></div><h2 class="battle-history">Turn 3</h2><div class="spacer battle-history"><br></div><div class="battle-history">Comfey used <strong>Draining Kiss</strong>!<br></div><div class="battle-history"><small>(The opposing A Star is Born lost <abbr title="−8/48 pixels">14.7–18.7%</abbr> of its health!)</small><br></div><div class="spacer battle-history"><br></div><div class="battle-history">The opposing Guitar Hero used <strong>Hurricane</strong>!<br></div><div class="battle-history"><small>Amoonguss avoided the attack!</small><br></div><div class="spacer battle-history"><br></div><div class="battle-history">The opposing A Star is Born used <strong>Flare Blitz</strong>!<br></div><div class="battle-history"><small>It's super effective!</small><br></div><div class="battle-history"><small>(Amoonguss lost <abbr title="−48/48 pixels">100%</abbr> of its health!)</small><br></div><div class="battle-history"><small>The opposing A Star is Born was damaged by the recoil!</small><br></div><div class="battle-history"><small>(The opposing A Star is Born ate its Sitrus Berry!)</small><br></div><div class="battle-history"><small>The opposing A Star is Born restored HP using its Sitrus Berry!</small><br></div><div class="spacer battle-history"><br></div><div class="battle-history">Amoonguss fainted!<br></div><div class="spacer battle-history"><br></div><div class="battle-history"><small>The opposing A Star is Born shook off the taunt!</small><br></div><div class="spacer battle-history"><br></div><div class="battle-history">Go! <strong>Volcarona</strong>!<br></div><div class="spacer battle-history"><br></div><h2 class="battle-history">Turn 4</h2><div class="spacer battle-history"><br></div><div class="battle-history">Comfey used <strong>Floral Healing</strong>!<br></div><div class="battle-history"><small>But it failed!</small><br></div><div class="spacer battle-history"><br></div><div class="battle-history">The opposing Guitar Hero used <strong>Thunderbolt</strong>!<br></div><div class="battle-history"><small>(Volcarona lost <abbr title="−22/48 pixels">43.8–45.8%</abbr> of its health!)</small><br></div><div class="spacer battle-history"><br></div><div class="battle-history">The opposing A Star is Born used <strong>Flare Blitz</strong>!<br></div><div class="battle-history"><small>(Volcarona lost <abbr title="−26/48 pixels">54.2–56.2%</abbr> of its health!)</small><br></div><div class="battle-history"><small>The opposing A Star is Born was damaged by the recoil!</small><br></div><div class="spacer battle-history"><br></div><div class="battle-history">Volcarona fainted!<br></div><div class="spacer battle-history"><br></div><div class="battle-history"><small>The opposing team's Tailwind petered out!</small><br></div><div class="spacer battle-history"><br></div><h2 class="battle-history">Turn 5</h2><div class="spacer battle-history"><br></div><div class="battle-history">Comfey used <strong>Draining Kiss</strong>!<br></div><div class="battle-history"><small>(The opposing A Star is Born lost <abbr title="−9/48 pixels">16.7–20.8%</abbr> of its health!)</small><br></div><div class="spacer battle-history"><br></div><div class="battle-history">The opposing Guitar Hero used <strong>Thunderbolt</strong>!<br></div><div class="battle-history"><small>(Comfey lost <abbr title="−23/48 pixels">45.9–47.9%</abbr> of its health!)</small><br></div><div class="battle-history"><small>Comfey is paralyzed! It may be unable to move!</small><br></div><div class="spacer battle-history"><br></div><div class="battle-history">The opposing A Star is Born used <strong>Knock Off</strong>!<br></div><div class="battle-history"><small>It's not very effective...</small><br></div><div class="battle-history"><small>(Comfey lost <abbr title="−14/48 pixels">27.2–31.2%</abbr> of its health!)</small><br></div><div class="battle-history"><small>The opposing A Star is Born knocked off Comfey's Pixie Plate!</small><br></div><div class="spacer battle-history"><br></div><h2 class="battle-history">Turn 6</h2><div class="chat chatmessage-jazzmat"><strong style="color:#bf458a"><small>☆</small><span class="username" data-name="jazzmat">jazzmat</span>:</strong> <em>can you tell i don't really play doubles</em></div><div class="spacer battle-history"><br></div><div class="battle-history">Comfey used <strong>Draining Kiss</strong>!<br></div><div class="battle-history"><small>(The opposing A Star is Born lost <abbr title="−6/48 pixels">10.5–16.5%</abbr> of its health!)</small><br></div><div class="battle-history"><small>The opposing A Star is Born had its energy drained!</small><br></div><div class="spacer battle-history"><br></div><div class="battle-history">The opposing Guitar Hero used <strong>Thunderbolt</strong>!<br></div><div class="battle-history"><small>A critical hit!</small><br></div><div class="battle-history"><small>(Comfey lost <abbr title="−19/48 pixels">39.6–41.6%</abbr> of its health!)</small><br></div><div class="spacer battle-history"><br></div><div class="battle-history">Comfey fainted!<br></div><div class="spacer battle-history"><br></div><div class="battle-history"><strong>BlaueBrause</strong> won the battle!<br></div><div class="chat chatmessage-blauebrause"><strong style="color:#6b66e4"><small>☆</small><span class="username" data-name="BlaueBrause">BlaueBrause</span>:</strong> <em>it's fine!</em></div><div class="chat chatmessage-blauebrause"><strong style="color:#6b66e4"><small>☆</small><span class="username" data-name="BlaueBrause">BlaueBrause</span>:</strong> <em>we're all here for fun!</em></div><div class="chat chatmessage-jazzmat"><strong style="color:#bf458a"><small>☆</small><span class="username" data-name="jazzmat">jazzmat</span>:</strong> <em>gg lol</em></div><div class="chat chatmessage-blauebrause"><strong style="color:#6b66e4"><small>☆</small><span class="username" data-name="BlaueBrause">BlaueBrause</span>:</strong> <em>gg</em></div></div><div class="inner-preempt message-log"></div></div></div>
</div>
<script>
let daily = Math.floor(Date.now()/1000/60/60/24);document.write('<script src="https://dragonheaven.herokuapp.com/js/replay-embed.js?version'+daily+'"></'+'script>');
</script>
