<!DOCTYPE html>
<meta charset="utf-8" />
<!-- version 1 -->
<title>[Gen 8] M4A Sandbox replay: m4atest vs. H2OPulse</title>
<style>
html,body {font-family:Verdana, sans-serif;font-size:10pt;margin:0;padding:0;}body{padding:12px 0;} .battle-log {font-family:Verdana, sans-serif;font-size:10pt;} .battle-log-inline {border:1px solid #AAAAAA;background:#EEF2F5;color:black;max-width:640px;margin:0 auto 80px;padding-bottom:5px;} .battle-log .inner {padding:4px 8px 0px 8px;} .battle-log .inner-preempt {padding:0 8px 4px 8px;} .battle-log .inner-after {margin-top:0.5em;} .battle-log h2 {margin:0.5em -8px;padding:4px 8px;border:1px solid #AAAAAA;background:#E0E7EA;border-left:0;border-right:0;font-family:Verdana, sans-serif;font-size:13pt;} .battle-log .chat {vertical-align:middle;padding:3px 0 3px 0;font-size:8pt;} .battle-log .chat strong {color:#40576A;} .battle-log .chat em {padding:1px 4px 1px 3px;color:#000000;font-style:normal;} .chat.mine {background:rgba(0,0,0,0.05);margin-left:-8px;margin-right:-8px;padding-left:8px;padding-right:8px;} .spoiler {color:#BBBBBB;background:#BBBBBB;padding:0px 3px;} .spoiler:hover, .spoiler:active, .spoiler-shown {color:#000000;background:#E2E2E2;padding:0px 3px;} .spoiler a {color:#BBBBBB;} .spoiler:hover a, .spoiler:active a, .spoiler-shown a {color:#2288CC;} .chat code, .chat .spoiler:hover code, .chat .spoiler:active code, .chat .spoiler-shown code {border:1px solid #C0C0C0;background:#EEEEEE;color:black;padding:0 2px;} .chat .spoiler code {border:1px solid #CCCCCC;background:#CCCCCC;color:#CCCCCC;} .battle-log .rated {padding:3px 4px;} .battle-log .rated strong {color:white;background:#89A;padding:1px 4px;border-radius:4px;} .spacer {margin-top:0.5em;} .message-announce {background:#6688AA;color:white;padding:1px 4px 2px;} .message-announce a, .broadcast-green a, .broadcast-blue a, .broadcast-red a {color:#DDEEFF;} .broadcast-green {background-color:#559955;color:white;padding:2px 4px;} .broadcast-blue {background-color:#6688AA;color:white;padding:2px 4px;} .infobox {border:1px solid #6688AA;padding:2px 4px;} .infobox-limited {max-height:200px;overflow:auto;overflow-x:hidden;} .broadcast-red {background-color:#AA5544;color:white;padding:2px 4px;} .message-learn-canlearn {font-weight:bold;color:#228822;text-decoration:underline;} .message-learn-cannotlearn {font-weight:bold;color:#CC2222;text-decoration:underline;} .message-effect-weak {font-weight:bold;color:#CC2222;} .message-effect-resist {font-weight:bold;color:#6688AA;} .message-effect-immune {font-weight:bold;color:#666666;} .message-learn-list {margin-top:0;margin-bottom:0;} .message-throttle-notice, .message-error {color:#992222;} .message-overflow, .chat small.message-overflow {font-size:0pt;} .message-overflow::before {font-size:9pt;content:'...';} .subtle {color:#3A4A66;}
</style>
<div class="wrapper replay-wrapper" style="max-width:1180px;margin:0 auto">
<input type="hidden" name="replayid" value="unregisteredserver-gen8m4asandbox-256" />
<div class="battle"></div><div class="battle-log"></div><div class="replay-controls"></div><div class="replay-controls-2"></div>
<h1 style="font-weight:normal;text-align:center"><strong>[Gen 8] M4A Sandbox</strong><br /><a href="http://pokemonshowdown.com/users/m4atest" class="subtle" target="_blank">m4atest</a> vs. <a href="http://pokemonshowdown.com/users/h2opulse" class="subtle" target="_blank">H2OPulse</a></h1>
<script type="text/plain" class="battle-log-data">|j|☆m4atest
|j|☆H2OPulse

|t:|1621813184
|player|p1|m4atest|aetherfoundation|
|player|p2|H2OPulse|aetherfoundation|
|teamsize|p1|5
|teamsize|p2|5
|gametype|singles
|gen|8
|tier|[Gen 8] M4A Sandbox
|clearpoke
|poke|p1|Bisharp, M|
|poke|p1|Blissey, F|
|poke|p1|Dragonite, M|
|poke|p1|Incineroar, F|
|poke|p1|Delibird, F|
|poke|p2|Bisharp, M|
|poke|p2|Blissey, F|
|poke|p2|Dragonite, F|
|poke|p2|Incineroar, F|
|poke|p2|Delibird, F|
|rule|HP Percentage Mod: HP is shown in percentages
|rule|OHKO Clause: OHKO moves are banned
|rule|Evasion Moves Clause: Evasion moves are banned
|rule|Dynamax Clause: You cannot dynamax
|rule|Sleep Clause Mod: Limit one foe put to sleep
|rule|Freeze Clause Mod: Limit one foe frozen
|raw|<img src="https:\/\/www.smogon.com\/forums\/attachments\/banner_2-png.302358\/" height="65" width="381">
|-message|Welcome to Megas for All!
|-message|This is a National Dex-based format where we aim to give a new Mega Evolution to every Pokémon.
|-message|Just like any official format, you can still only Mega Evolve one Pokémon per team!
|-message|You can find our thread and metagame resources here:
|-message|https:\/\/www.smogon.com\/forums\/threads\/3671140\/
|teampreview
|
|t:|1621813197
|start
|switch|p1a: *af105098172999997|Bisharp, M|100\/100
|switch|p2a: Lamial|Incineroar, F|332\/332
|-ability|p1a: *af105098172999997|Pressure
|-ability|p2a: Lamial|Intimidate|boost
|-unboost|p1a: *af105098172999997|atk|1
|turn|1
|
|t:|1621813209
|move|p1a: *af105098172999997|Air Slash|p2a: Lamial
|-damage|p2a: Lamial|285\/332
|cant|p2a: Lamial|flinch
|
|upkeep
|turn|2
|
|t:|1621813214
|move|p1a: *af105098172999997|Air Slash|p2a: Lamial
|-crit|p2a: Lamial
|-damage|p2a: Lamial|225\/332
|move|p2a: Lamial|Acrobatics|p1a: *af105098172999997
|-resisted|p1a: *af105098172999997
|-damage|p1a: *af105098172999997|82\/100
|
|upkeep
|turn|3
|
|t:|1621813220
|detailschange|p1a: *af105098172999997|Bisharp-Mega, M
|-mega|p1a: *af105098172999997|Bisharp|
|-start|p1a: *af105098172999997|typechange|Dragon\/Fairy|[silent]
|raw|<ul class="utilichart"><li class="result"><span class="col pokemonnamecol" style="white-space: nowrap">Bisharp-Mega<\/span> <span class="col typecol"><img src="https:\/\/play.pokemonshowdown.com\/sprites\/types\/Dragon.png" alt="Dragon" height="14" width="32"><img src="https:\/\/play.pokemonshowdown.com\/sprites\/types\/Fairy.png" alt="Fairy" height="14" width="32"><\/span> <span style="float: left ; min-height: 26px"><span class="col abilitycol">trace<\/span><span class="col abilitycol"><\/span><\/span><span style="float: left ; min-height: 26px"><span class="col statcol"><em>HP<\/em><br>65<\/span> <span class="col statcol"><em>Atk<\/em><br>105<\/span> <span class="col statcol"><em>Def<\/em><br>098<\/span> <span class="col statcol"><em>SpA<\/em><br>172<\/span> <span class="col statcol"><em>SpD<\/em><br>999<\/span> <span class="col statcol"><em>Spe<\/em><br>997<\/span> <\/span><\/li><li style="clear: both"><\/li><\/ul>
|-ability|p1a: *af105098172999997|Intimidate|[from] ability: Trace|[of] p2a: Lamial
|-ability|p1a: *af105098172999997|Intimidate|boost
|-unboost|p2a: Lamial|atk|1
|move|p1a: *af105098172999997|Air Slash|p2a: Lamial
|-damage|p2a: Lamial|117\/332
|move|p2a: Lamial|Acrobatics|p1a: *af105098172999997
|-crit|p1a: *af105098172999997
|-damage|p1a: *af105098172999997|31\/100
|
|upkeep
|turn|4
|c|☆H2OPulse|As you can see, I have now made a custom Mega
|c|☆H2OPulse|and
|
|t:|1621813245
|switch|p1a: *ZZ255255255255255|Blissey, F|100\/100
|-start|p1a: *ZZ255255255255255|typechange|\/|[silent]
|raw|<ul class="utilichart"><li class="result"><span class="col pokemonnamecol" style="white-space: nowrap">Blissey<\/span> <span class="col typecol"><img src="https:\/\/play.pokemonshowdown.com\/sprites\/types\/.png" alt="" height="14" width="32"><\/span><\/li><li style="clear: both"><\/li><\/ul>
|raw|<ul class="utilichart"><li class="result"><span style="float: left ; min-height: 26px"><span class="col statcol"><em>HP<\/em><br>255<\/span> <span class="col statcol"><em>Atk<\/em><br>255<\/span> <span class="col statcol"><em>Def<\/em><br>255<\/span> <span class="col statcol"><em>SpA<\/em><br>255<\/span> <span class="col statcol"><em>SpD<\/em><br>255<\/span> <span class="col statcol"><em>Spe<\/em><br>255<\/span> <\/span><\/li><li style="clear: both"><\/li><\/ul>
|move|p2a: Lamial|Acrobatics|p1a: *ZZ255255255255255
|-damage|p1a: *ZZ255255255255255|97\/100
|
|upkeep
|-start|p1a: *ZZ255255255255255|typechange|\/|[silent]
|turn|5
|c|☆H2OPulse|the regular way still works as long as you don't give the Pokémon one of the three dedicated Mega Stones!
|c|☆H2OPulse|The Mega Stones are "Mega Stone 1," "Mega Stone 2" and "Mega Stone H" depending on which Ability slot you want the Pokémon to use before it Mega Evolves
|c|☆H2OPulse|Here, I've used Mega Stone H, which is why my Bisharp had Pressure
|c|☆H2OPulse|The Ability it gained after Mega Evolving was the one in its set!
|
|t:|1621813359
|switch|p1a: *af105098172999997|Bisharp-Mega, M|31\/100
|-start|p1a: *af105098172999997|typechange|Dragon\/Fairy|[silent]
|-ability|p1a: *af105098172999997|Intimidate|[from] ability: Trace|[of] p2a: Lamial
|-ability|p1a: *af105098172999997|Intimidate|boost
|-unboost|p2a: Lamial|atk|1
|move|p2a: Lamial|Acrobatics|p1a: *af105098172999997
|-damage|p1a: *af105098172999997|12\/100
|
|upkeep
|turn|6
|
|t:|1621813370
|switch|p1a: *ZZ255255255255255|Blissey, F|97\/100
|-start|p1a: *ZZ255255255255255|typechange|\/|[silent]
|move|p2a: Lamial|Acrobatics|p1a: *ZZ255255255255255
|-damage|p1a: *ZZ255255255255255|93\/100
|
|upkeep
|-start|p1a: *ZZ255255255255255|typechange|\/|[silent]
|turn|7
|-message|H2OPulse forfeited.
|
|win|m4atest</script>
</div>
<div class="battle-log battle-log-inline"><div class="inner"><div class="battle-options"><div style="padding-top: 3px; padding-right: 3px; text-align: right"><button class="icon button" name="openBattleOptions" title="Options">Battle Options</button></div></div><div class="inner message-log"><div class="chat"><small>☆m4atest and ☆H2OPulse joined</small></div><div class=""><small>Format:</small> <br><strong>[Gen 8] M4A Sandbox</strong></div><div class=""><small><em>HP Percentage Mod:</em> HP is shown in percentages</small></div><div class=""><small><em>OHKO Clause:</em> OHKO moves are banned</small></div><div class=""><small><em>Evasion Moves Clause:</em> Evasion moves are banned</small></div><div class=""><small><em>Dynamax Clause:</em> You cannot dynamax</small></div><div class=""><small><em>Sleep Clause Mod:</em> Limit one foe put to sleep</small></div><div class=""><small><em>Freeze Clause Mod:</em> Limit one foe frozen</small></div><div class="chat"><img src="https://www.smogon.com/forums/attachments/banner_2-png.302358/" height="65" width="381"></div><div class="spacer battle-history"><br></div><div class="battle-history"><small>Welcome to Megas for All!</small><br></div><div class="battle-history"><small>This is a National Dex-based format where we aim to give a new Mega Evolution to every Pokémon.</small><br></div><div class="battle-history"><small>Just like any official format, you can still only Mega Evolve one Pokémon per team!</small><br></div><div class="battle-history"><small>You can find our thread and metagame resources here:</small><br></div><div class="battle-history"><small>https://www.smogon.com/forums/threads/3671140/</small><br></div><div class="chat battle-history"><strong>m4atest's team:</strong> <em style="color:#445566;display:block;">Bisharp / Blissey / Dragonite / Incineroar / Delibird</em></div><div class="chat battle-history"><strong>H2OPulse's team:</strong> <em style="color:#445566;display:block;">Bisharp / Blissey / Dragonite / Incineroar / Delibird</em></div><div class="spacer battle-history"><br></div><div class="battle-history">Battle started between m4atest and H2OPulse!<br></div><div class="spacer battle-history"><br></div><div class="battle-history">m4atest sent out *af105098172999997 (<strong>Bisharp</strong>)!<br></div><div class="spacer battle-history"><br></div><div class="battle-history">Go! Lamial (<strong>Incineroar</strong>)!<br></div><div class="battle-history">[The opposing *af105098172999997's Pressure]<br><small>The opposing *af105098172999997 is exerting its pressure!</small><br></div><div class="battle-history">[Lamial's Intimidate]<br></div><div class="battle-history"><small>The opposing *af105098172999997's Attack fell!</small><br></div><div class="spacer battle-history"><br></div><h2 class="battle-history">Turn 1</h2><div class="spacer battle-history"><br></div><div class="battle-history">The opposing *af105098172999997 used <strong>Air Slash</strong>!<br></div><div class="battle-history"><small>(Lamial lost <abbr title="−47/332">14.2%</abbr> of its health!)</small><br></div><div class="spacer battle-history"><br></div><div class="battle-history">Lamial flinched and couldn't move!<br></div><div class="spacer battle-history"><br></div><h2 class="battle-history">Turn 2</h2><div class="spacer battle-history"><br></div><div class="battle-history">The opposing *af105098172999997 used <strong>Air Slash</strong>!<br></div><div class="battle-history"><small>A critical hit!</small><br></div><div class="battle-history"><small>(Lamial lost <abbr title="−60/332">18.1%</abbr> of its health!)</small><br></div><div class="spacer battle-history"><br></div><div class="battle-history">Lamial used <strong>Acrobatics</strong>!<br></div><div class="battle-history"><small>It's not very effective...</small><br></div><div class="battle-history"><small>(The opposing *af105098172999997 lost 18% of its health!)</small><br></div><div class="spacer battle-history"><br></div><h2 class="battle-history">Turn 3</h2><div class="spacer battle-history"><br></div><div class="battle-history"><small>The opposing *af105098172999997 is reacting to m4atest's Key Stone!</small><br>The opposing *af105098172999997 has Mega Evolved into Mega Bisharp!<br></div><div class="chat"><ul class="utilichart"><li class="result"><span class="col pokemonnamecol" style="white-space: nowrap">Bisharp-Mega</span> <span class="col typecol"><img src="https://play.pokemonshowdown.com/sprites/types/Dragon.png" alt="Dragon" height="14" width="32"><img src="https://play.pokemonshowdown.com/sprites/types/Fairy.png" alt="Fairy" height="14" width="32"></span> <span style="float: left ; min-height: 26px"><span class="col abilitycol">trace</span><span class="col abilitycol"></span></span><span style="float: left ; min-height: 26px"><span class="col statcol"><em>HP</em><br>65</span> <span class="col statcol"><em>Atk</em><br>105</span> <span class="col statcol"><em>Def</em><br>098</span> <span class="col statcol"><em>SpA</em><br>172</span> <span class="col statcol"><em>SpD</em><br>999</span> <span class="col statcol"><em>Spe</em><br>997</span> </span></li><li style="clear: both"></li></ul></div><div class="battle-history">[The opposing *af105098172999997's Trace]<br>[The opposing *af105098172999997's Intimidate]<br><small>The opposing *af105098172999997 traced Lamial's Intimidate!</small><br></div><div class="battle-history">[The opposing *af105098172999997's Intimidate]<br></div><div class="battle-history"><small>Lamial's Attack fell!</small><br></div><div class="spacer battle-history"><br></div><div class="battle-history">The opposing *af105098172999997 used <strong>Air Slash</strong>!<br></div><div class="battle-history"><small>(Lamial lost <abbr title="−108/332">32.5%</abbr> of its health!)</small><br></div><div class="spacer battle-history"><br></div><div class="battle-history">Lamial used <strong>Acrobatics</strong>!<br></div><div class="battle-history"><small>A critical hit!</small><br></div><div class="battle-history"><small>(The opposing *af105098172999997 lost 51% of its health!)</small><br></div><div class="spacer battle-history"><br></div><h2 class="battle-history">Turn 4</h2><div class="chat chatmessage-h2opulse mine"><strong style="color:#6e8c2b"><small>☆</small><span class="username" data-name="H2OPulse">H2OPulse</span>:</strong> <em>As you can see, I have now made a custom Mega</em></div><div class="chat chatmessage-h2opulse mine"><strong style="color:#6e8c2b"><small>☆</small><span class="username" data-name="H2OPulse">H2OPulse</span>:</strong> <em>and</em></div><div class="spacer battle-history"><br></div><div class="battle-history">m4atest withdrew *af105098172999997!<br></div><div class="battle-history">m4atest sent out *ZZ255255255255255 (<strong>Blissey</strong>)!<br></div><div class="chat"><ul class="utilichart"><li class="result"><span class="col pokemonnamecol" style="white-space: nowrap">Blissey</span> <span class="col typecol"><img src="https://play.pokemonshowdown.com/sprites/types/.png" alt="" height="14" width="32"></span></li><li style="clear: both"></li></ul></div><div class="chat"><ul class="utilichart"><li class="result"><span style="float: left ; min-height: 26px"><span class="col statcol"><em>HP</em><br>255</span> <span class="col statcol"><em>Atk</em><br>255</span> <span class="col statcol"><em>Def</em><br>255</span> <span class="col statcol"><em>SpA</em><br>255</span> <span class="col statcol"><em>SpD</em><br>255</span> <span class="col statcol"><em>Spe</em><br>255</span> </span></li><li style="clear: both"></li></ul></div><div class="spacer battle-history"><br></div><div class="battle-history">Lamial used <strong>Acrobatics</strong>!<br></div><div class="battle-history"><small>(The opposing *ZZ255255255255255 lost 3% of its health!)</small><br></div><div class="spacer battle-history"><br></div><h2 class="battle-history">Turn 5</h2><div class="chat chatmessage-h2opulse mine"><strong style="color:#6e8c2b"><small>☆</small><span class="username" data-name="H2OPulse">H2OPulse</span>:</strong> <em>the regular way still works as long as you don't give the Pokémon one of the three dedicated Mega Stones!</em></div><div class="chat chatmessage-h2opulse mine"><strong style="color:#6e8c2b"><small>☆</small><span class="username" data-name="H2OPulse">H2OPulse</span>:</strong> <em>The Mega Stones are "Mega Stone 1," "Mega Stone 2" and "Mega Stone H" depending on which Ability slot you want the Pokémon to use before it Mega Evolves</em></div><div class="chat chatmessage-h2opulse mine"><strong style="color:#6e8c2b"><small>☆</small><span class="username" data-name="H2OPulse">H2OPulse</span>:</strong> <em>Here, I've used Mega Stone H, which is why my Bisharp had Pressure</em></div><div class="chat chatmessage-h2opulse mine"><strong style="color:#6e8c2b"><small>☆</small><span class="username" data-name="H2OPulse">H2OPulse</span>:</strong> <em>The Ability it gained after Mega Evolving was the one in its set!</em></div><div class="spacer battle-history"><br></div><div class="battle-history">m4atest withdrew *ZZ255255255255255!<br></div><div class="battle-history">m4atest sent out *af105098172999997 (<strong>Bisharp-Mega</strong>)!<br></div><div class="battle-history">[The opposing *af105098172999997's Trace]<br>[The opposing *af105098172999997's Intimidate]<br><small>The opposing *af105098172999997 traced Lamial's Intimidate!</small><br></div><div class="battle-history">[The opposing *af105098172999997's Intimidate]<br></div><div class="battle-history"><small>Lamial's Attack fell!</small><br></div><div class="spacer battle-history"><br></div><div class="battle-history">Lamial used <strong>Acrobatics</strong>!<br></div><div class="battle-history"><small>(The opposing *af105098172999997 lost 19% of its health!)</small><br></div><div class="spacer battle-history"><br></div><h2 class="battle-history">Turn 6</h2><div class="spacer battle-history"><br></div><div class="battle-history">m4atest withdrew *af105098172999997!<br></div><div class="battle-history">m4atest sent out *ZZ255255255255255 (<strong>Blissey</strong>)!<br></div><div class="spacer battle-history"><br></div><div class="battle-history">Lamial used <strong>Acrobatics</strong>!<br></div><div class="battle-history"><small>(The opposing *ZZ255255255255255 lost 4% of its health!)</small><br></div><div class="spacer battle-history"><br></div><h2 class="battle-history">Turn 7</h2><div class="spacer battle-history"><br></div><div class="battle-history"><small>H2OPulse forfeited.</small><br></div><div class="spacer battle-history"><br></div><div class="battle-history"><strong>m4atest</strong> won the battle!<br></div></div><div class="inner-preempt message-log"></div></div></div>
</div>
<script>
let daily = Math.floor(Date.now()/1000/60/60/24);document.write('<script src="https://play.pokemonshowdown.com/js/replay-embed.js?version'+daily+'"></'+'script>');
</script>
