<!DOCTYPE html>
<meta charset="utf-8" />
<!-- version 1 -->
<title>[Gen 8] Megas for All replay: aausma vs. SteelixPrismGX</title>
<style>
html,body {font-family:Verdana, sans-serif;font-size:10pt;margin:0;padding:0;}body{padding:12px 0;} .battle-log {font-family:Verdana, sans-serif;font-size:10pt;} .battle-log-inline {border:1px solid #AAAAAA;background:#EEF2F5;color:black;max-width:640px;margin:0 auto 80px;padding-bottom:5px;} .battle-log .inner {padding:4px 8px 0px 8px;} .battle-log .inner-preempt {padding:0 8px 4px 8px;} .battle-log .inner-after {margin-top:0.5em;} .battle-log h2 {margin:0.5em -8px;padding:4px 8px;border:1px solid #AAAAAA;background:#E0E7EA;border-left:0;border-right:0;font-family:Verdana, sans-serif;font-size:13pt;} .battle-log .chat {vertical-align:middle;padding:3px 0 3px 0;font-size:8pt;} .battle-log .chat strong {color:#40576A;} .battle-log .chat em {padding:1px 4px 1px 3px;color:#000000;font-style:normal;} .chat.mine {background:rgba(0,0,0,0.05);margin-left:-8px;margin-right:-8px;padding-left:8px;padding-right:8px;} .spoiler {color:#BBBBBB;background:#BBBBBB;padding:0px 3px;} .spoiler:hover, .spoiler:active, .spoiler-shown {color:#000000;background:#E2E2E2;padding:0px 3px;} .spoiler a {color:#BBBBBB;} .spoiler:hover a, .spoiler:active a, .spoiler-shown a {color:#2288CC;} .chat code, .chat .spoiler:hover code, .chat .spoiler:active code, .chat .spoiler-shown code {border:1px solid #C0C0C0;background:#EEEEEE;color:black;padding:0 2px;} .chat .spoiler code {border:1px solid #CCCCCC;background:#CCCCCC;color:#CCCCCC;} .battle-log .rated {padding:3px 4px;} .battle-log .rated strong {color:white;background:#89A;padding:1px 4px;border-radius:4px;} .spacer {margin-top:0.5em;} .message-announce {background:#6688AA;color:white;padding:1px 4px 2px;} .message-announce a, .broadcast-green a, .broadcast-blue a, .broadcast-red a {color:#DDEEFF;} .broadcast-green {background-color:#559955;color:white;padding:2px 4px;} .broadcast-blue {background-color:#6688AA;color:white;padding:2px 4px;} .infobox {border:1px solid #6688AA;padding:2px 4px;} .infobox-limited {max-height:200px;overflow:auto;overflow-x:hidden;} .broadcast-red {background-color:#AA5544;color:white;padding:2px 4px;} .message-learn-canlearn {font-weight:bold;color:#228822;text-decoration:underline;} .message-learn-cannotlearn {font-weight:bold;color:#CC2222;text-decoration:underline;} .message-effect-weak {font-weight:bold;color:#CC2222;} .message-effect-resist {font-weight:bold;color:#6688AA;} .message-effect-immune {font-weight:bold;color:#666666;} .message-learn-list {margin-top:0;margin-bottom:0;} .message-throttle-notice, .message-error {color:#992222;} .message-overflow, .chat small.message-overflow {font-size:0pt;} .message-overflow::before {font-size:9pt;content:'...';} .subtle {color:#3A4A66;}
</style>
<div class="wrapper replay-wrapper" style="max-width:1180px;margin:0 auto">
<input type="hidden" name="replayid" value="dragonheaven-gen8megasforall-5392" />
<div class="battle"></div><div class="battle-log"></div><div class="replay-controls"></div><div class="replay-controls-2"></div>
<h1 style="font-weight:normal;text-align:center"><strong>[Gen 8] Megas for All</strong><br /><a href="http://pokemonshowdown.com/users/aausma" class="subtle" target="_blank">aausma</a> vs. <a href="http://pokemonshowdown.com/users/steelixprismgx" class="subtle" target="_blank">SteelixPrismGX</a></h1>
<script type="text/plain" class="battle-log-data">|j|☆aausma


|j|☆SteelixPrismGX


|player|p1|aausma|bianca-pwt|


|player|p2|SteelixPrismGX|winona|
|teamsize|p1|6
|teamsize|p2|6
|gametype|singles
|gen|8
|tier|[Gen 8] Megas for All
|clearpoke
|poke|p1|Mismagius, F|
|poke|p1|Pangoro, F|
|poke|p1|Clefable, M|
|poke|p1|Golisopod, F|
|poke|p1|Necrozma|
|poke|p1|Coalossal, M|
|poke|p2|Hippowdon, F|
|poke|p2|Garbodor, M|
|poke|p2|Clefable, F|
|poke|p2|Chansey, F|
|poke|p2|Greninja, M|
|poke|p2|Tangrowth, M|
|rule|HP Percentage Mod: HP is shown in percentages
|rule|Endless Battle Clause: Forcing endless battles is banned
|rule|OHKO Clause: OHKO moves are banned
|rule|Evasion Moves Clause: Evasion moves are banned
|rule|Species Clause: Limit one of each Pokémon
|rule|Dynamax Clause: You cannot dynamax
|rule|Sleep Clause Mod: Limit one foe put to sleep
|teampreview


|j| H2OPulse


|inactive|Battle timer is ON: inactive players will automatically lose when time's up. (requested by SteelixPrismGX)

|inactive|Time left: 300 sec this turn | 300 sec total | 60 sec grace

|c|☆aausma|stall


|c|☆aausma|fuck


|c|☆SteelixPrismGX|remind me how coalossal is considered spooky


|c| H2OPulse|Good luck and have fun, both!!


|c|☆aausma|semistall


|c|☆SteelixPrismGX|yep


|
|start
|switch|p1a: Coalossal|Coalossal, M|423\/423
|switch|p2a: Hippowdon|Hippowdon, F|100\/100
|-weather|Sandstorm|[from] ability: Sand Stream|[of] p2a: Hippowdon
|turn|1

|inactive|Time left: 300 sec this turn | 300 sec total

|
|switch|p1a: Golisopod|Golisopod, F|300\/300
|move|p2a: Hippowdon|Earthquake|p1a: Golisopod
|-resisted|p1a: Golisopod
|-damage|p1a: Golisopod|250\/300
|
|-weather|Sandstorm|[upkeep]
|-damage|p1a: Golisopod|232\/300|[from] Sandstorm
|upkeep
|turn|2

|inactive|Time left: 300 sec this turn | 300 sec total

|
|switch|p2a: Tangrowth|Tangrowth, M|100\/100
|move|p1a: Golisopod|Spikes|p2a: Tangrowth
|-sidestart|p2: SteelixPrismGX|Spikes
|
|-weather|Sandstorm|[upkeep]
|-damage|p1a: Golisopod|214\/300|[from] Sandstorm
|-damage|p2a: Tangrowth|94\/100|[from] Sandstorm
|upkeep
|turn|3

|inactive|Time left: 300 sec this turn | 300 sec total

|
|move|p1a: Golisopod|Knock Off|p2a: Tangrowth
|-damage|p2a: Tangrowth|75\/100
|-damage|p1a: Golisopod|164\/300|[from] item: Rocky Helmet|[of] p2a: Tangrowth
|-enditem|p2a: Tangrowth|Rocky Helmet|[from] move: Knock Off|[of] p1a: Golisopod
|move|p2a: Tangrowth|Sleep Powder|p1a: Golisopod
|-status|p1a: Golisopod|slp|[from] move: Sleep Powder
|
|-weather|Sandstorm|[upkeep]
|-damage|p1a: Golisopod|146\/300 slp|[from] Sandstorm
|-damage|p2a: Tangrowth|68\/100|[from] Sandstorm
|-activate|p1a: Golisopod|ability: Emergency Exit
|upkeep

|inactive|Time left: 300 sec this turn | 300 sec total

|
|switch|p1a: Mismagius|Mismagius, F|261\/261
|turn|4

|inactive|Time left: 300 sec this turn | 300 sec total

|
|detailschange|p1a: Mismagius|Mismagius-Mega, F
|-mega|p1a: Mismagius|Mismagius|Mismaginite
|move|p1a: Mismagius|Toxic|p2a: Tangrowth
|-status|p2a: Tangrowth|tox
|-ability|p1a: Mismagius|Alchemist
|-status|p2a: Tangrowth|brn|[from] ability: Alchemist|[of] p1a: Mismagius
|move|p2a: Tangrowth|Knock Off|p1a: Mismagius
|-supereffective|p1a: Mismagius
|-damage|p1a: Mismagius|212\/261
|
|-weather|Sandstorm|[upkeep]
|-damage|p1a: Mismagius|196\/261|[from] Sandstorm
|-damage|p2a: Tangrowth|62\/100 brn|[from] Sandstorm
|-damage|p2a: Tangrowth|56\/100 brn|[from] brn
|upkeep
|turn|5

|inactive|Time left: 300 sec this turn | 300 sec total

|c|☆aausma|we take those


|
|switch|p2a: Chansey|Chansey, F|100\/100
|-damage|p2a: Chansey|88\/100|[from] Spikes
|move|p1a: Mismagius|Parting Shot|p2a: Chansey
|-unboost|p2a: Chansey|atk|1
|-unboost|p2a: Chansey|spa|1

|inactive|Time left: 295 sec this turn | 295 sec total

|
|switch|p1a: Pangoro|Pangoro, F|331\/331
|-ability|p1a: Pangoro|Mold Breaker
|
|-weather|none
|upkeep
|turn|6

|inactive|Time left: 300 sec this turn | 300 sec total

|
|switch|p2a: Clefable|Clefable, F|100\/100
|move|p1a: Pangoro|Knock Off|p2a: Clefable
|-resisted|p2a: Clefable
|-damage|p2a: Clefable|53\/100
|-enditem|p2a: Clefable|Leftovers|[from] move: Knock Off|[of] p1a: Pangoro
|
|upkeep
|turn|7

|inactive|Time left: 300 sec this turn | 300 sec total

|
|switch|p1a: Mismagius|Mismagius-Mega, F|196\/261
|move|p2a: Clefable|Moonblast|p1a: Mismagius
|-resisted|p1a: Mismagius
|-damage|p1a: Mismagius|146\/261
|
|upkeep
|turn|8

|inactive|Time left: 300 sec this turn | 300 sec total

|c| H2OPulse|WOW that did a lot for a resist


|c| H2OPulse|That was impressive


|
|switch|p2a: Chansey|Chansey, F|88\/100
|-damage|p2a: Chansey|76\/100|[from] Spikes
|move|p1a: Mismagius|Toxic|p2a: Chansey
|-status|p2a: Chansey|tox
|-ability|p1a: Mismagius|Alchemist
|-start|p2a: Chansey|Torment
|
|-damage|p2a: Chansey|70\/100 tox|[from] psn
|upkeep
|turn|9

|inactive|Time left: 300 sec this turn | 300 sec total

|c|☆SteelixPrismGX|heh


|c|☆SteelixPrismGX|20% isn't that much


|c| H2OPulse|Ah, no, I meant uh


|
|move|p1a: Mismagius|Sludge Bomb|p2a: Chansey
|-damage|p2a: Chansey|55\/100 tox
|-ability|p1a: Mismagius|Alchemist
|-boost|p2a: Chansey|spd|1
|-boost|p2a: Chansey|atk|1
|move|p2a: Chansey|Soft-Boiled|p2a: Chansey
|-heal|p2a: Chansey|100\/100 tox
|
|-damage|p2a: Chansey|88\/100 tox|[from] psn
|upkeep
|turn|10

|inactive|Time left: 300 sec this turn | 300 sec total

|c| H2OPulse|the Knock Off


|c|☆SteelixPrismGX|LMAO


|
|move|p1a: Mismagius|Sludge Bomb|p2a: Chansey
|-damage|p2a: Chansey|78\/100 tox
|-ability|p1a: Mismagius|Alchemist
|-unboost|p2a: Chansey|spe|1
|-unboost|p2a: Chansey|spd|1
|move|p2a: Chansey|Heal Bell|p2a: Chansey
|-activate|p2a: Chansey|move: Heal Bell
|-curestatus|p2a: Chansey|tox|[msg]
|-curestatus|p2: Tangrowth|brn|[msg]
|
|upkeep
|turn|11

|inactive|Time left: 300 sec this turn | 300 sec total

|c|☆aausma|bruh


|c|☆SteelixPrismGX|oh never mind


|c|☆aausma|ayte


|
|move|p1a: Mismagius|Toxic|p2a: Chansey
|-status|p2a: Chansey|tox
|-ability|p1a: Mismagius|Alchemist
|-status|p2a: Chansey|par|[from] ability: Alchemist|[of] p1a: Mismagius
|move|p2a: Chansey|Soft-Boiled|p2a: Chansey
|-heal|p2a: Chansey|100\/100 par
|
|upkeep
|turn|12

|inactive|Time left: 300 sec this turn | 300 sec total

|c|☆aausma|run it back


|
|move|p1a: Mismagius|Parting Shot|p2a: Chansey
|-unboost|p2a: Chansey|atk|1
|-unboost|p2a: Chansey|spa|1

|inactive|Time left: 300 sec this turn | 300 sec total

|
|switch|p1a: Pangoro|Pangoro, F|331\/331
|-ability|p1a: Pangoro|Mold Breaker
|move|p2a: Chansey|Heal Bell|p2a: Chansey
|-activate|p2a: Chansey|move: Heal Bell
|-curestatus|p2a: Chansey|par|[msg]
|
|upkeep
|turn|13

|inactive|Time left: 300 sec this turn | 300 sec total

|
|switch|p2a: Hippowdon|Hippowdon, F|100\/100
|-damage|p2a: Hippowdon|88\/100|[from] Spikes
|-weather|Sandstorm|[from] ability: Sand Stream|[of] p2a: Hippowdon
|move|p1a: Pangoro|Close Combat|p2a: Hippowdon
|-damage|p2a: Hippowdon|34\/100
|-unboost|p1a: Pangoro|def|1
|-unboost|p1a: Pangoro|spd|1
|
|-weather|Sandstorm|[upkeep]
|-damage|p1a: Pangoro|311\/331|[from] Sandstorm
|-heal|p2a: Hippowdon|41\/100|[from] item: Leftovers
|upkeep
|turn|14

|inactive|Time left: 300 sec this turn | 300 sec total

|
|switch|p2a: Tangrowth|Tangrowth, M|89\/100
|-damage|p2a: Tangrowth|77\/100|[from] Spikes
|move|p1a: Pangoro|Close Combat|p2a: Tangrowth
|-damage|p2a: Tangrowth|29\/100
|-unboost|p1a: Pangoro|def|1
|-unboost|p1a: Pangoro|spd|1
|
|-weather|Sandstorm|[upkeep]
|-damage|p1a: Pangoro|291\/331|[from] Sandstorm
|-damage|p2a: Tangrowth|23\/100|[from] Sandstorm
|upkeep
|turn|15

|inactive|Time left: 300 sec this turn | 300 sec total

|c| H2OPulse|I respect this Pangoro so much right now


|
|move|p1a: Pangoro|Close Combat|p2a: Tangrowth
|-damage|p2a: Tangrowth|0 fnt
|-unboost|p1a: Pangoro|def|1
|-unboost|p1a: Pangoro|spd|1
|faint|p2a: Tangrowth
|
|-weather|Sandstorm|[upkeep]
|-damage|p1a: Pangoro|271\/331|[from] Sandstorm
|upkeep

|inactive|Time left: 300 sec this turn | 300 sec total

|
|switch|p2a: Greninja|Greninja, M|100\/100
|-damage|p2a: Greninja|88\/100|[from] Spikes
|turn|16

|inactive|Time left: 300 sec this turn | 300 sec total

|
|switch|p1a: Clefable|Clefable, M|394\/394
|move|p2a: Greninja|Hydro Pump|p1a: Clefable|[miss]
|-miss|p2a: Greninja|p1a: Clefable
|
|-weather|Sandstorm|[upkeep]
|-damage|p2a: Greninja|82\/100|[from] Sandstorm
|upkeep
|turn|17

|inactive|Time left: 300 sec this turn | 300 sec total

|
|switch|p2a: Chansey|Chansey, F|100\/100
|-damage|p2a: Chansey|88\/100|[from] Spikes
|move|p1a: Clefable|Moonblast|p2a: Chansey
|-damage|p2a: Chansey|78\/100
|-unboost|p2a: Chansey|spa|1
|
|-weather|none
|upkeep
|turn|18

|inactive|Time left: 300 sec this turn | 300 sec total

|
|move|p1a: Clefable|Wish|p1a: Clefable
|move|p2a: Chansey|Toxic|p1a: Clefable
|-status|p1a: Clefable|tox
|
|upkeep
|turn|19

|inactive|Time left: 300 sec this turn | 300 sec total

|
|move|p2a: Chansey|Soft-Boiled|p2a: Chansey
|-heal|p2a: Chansey|100\/100
|move|p1a: Clefable|Teleport|p1a: Clefable

|inactive|Time left: 300 sec this turn | 300 sec total

|
|switch|p1a: Mismagius|Mismagius-Mega, F|146\/261
|
|-heal|p1a: Mismagius|261\/261|[from] move: Wish|[wisher] Clefable
|upkeep
|turn|20

|inactive|Time left: 300 sec this turn | 300 sec total

|c|☆aausma|we popin


|
|switch|p2a: Hippowdon|Hippowdon, F|41\/100
|-damage|p2a: Hippowdon|28\/100|[from] Spikes
|-weather|Sandstorm|[from] ability: Sand Stream|[of] p2a: Hippowdon
|move|p1a: Mismagius|Toxic|p2a: Hippowdon
|-status|p2a: Hippowdon|tox
|-ability|p1a: Mismagius|Alchemist
|-ability|p1a: Mismagius|Alchemist
|-start|p2a: Hippowdon|Curse|[of] p1a: Mismagius
|-message|Mismagius's HP was not cut!
|
|-weather|Sandstorm|[upkeep]
|-damage|p1a: Mismagius|245\/261|[from] Sandstorm
|-heal|p2a: Hippowdon|34\/100 tox|[from] item: Leftovers
|-damage|p2a: Hippowdon|28\/100 tox|[from] psn
|-damage|p2a: Hippowdon|3\/100 tox|[from] Curse
|upkeep
|turn|21

|inactive|Time left: 300 sec this turn | 300 sec total

|c|☆aausma|good good


|c|☆SteelixPrismGX|this is fine.


|
|move|p1a: Mismagius|Shadow Ball|p2a: Hippowdon
|-damage|p2a: Hippowdon|0 fnt
|faint|p2a: Hippowdon
|
|-weather|Sandstorm|[upkeep]
|-damage|p1a: Mismagius|229\/261|[from] Sandstorm
|upkeep

|inactive|Time left: 280 sec this turn | 280 sec total

|c|☆SteelixPrismGX|i like how i just lost 31% of my HP there just now


|
|switch|p2a: Garbodor|Garbodor, M|100\/100
|-damage|p2a: Garbodor|88\/100|[from] Spikes
|turn|22

|inactive|Time left: 290 sec this turn | 290 sec total

|
|detailschange|p2a: Garbodor|Garbodor-Mega, M
|-mega|p2a: Garbodor|Garbodor|Garbodorite
|-activate|p2a: Garbodor|ability: Trash Compactor
|move|p2a: Garbodor|Stockpile|p2a: Garbodor|[from]Trash Compactor
|-start|p2a: Garbodor|stockpile1
|-boost|p2a: Garbodor|def|1
|-boost|p2a: Garbodor|spd|1
|-sideend|p2: SteelixPrismGX|Spikes|[from] Ability: Trash Compactor|[of] p2a: Garbodor
|move|p1a: Mismagius|Parting Shot|p2a: Garbodor
|-unboost|p2a: Garbodor|atk|1
|-unboost|p2a: Garbodor|spa|1

|inactive|Time left: 285 sec this turn | 285 sec total

|
|switch|p1a: Coalossal|Coalossal, M|423\/423
|move|p2a: Garbodor|Knock Off|p1a: Coalossal
|-damage|p1a: Coalossal|378\/423
|-enditem|p1a: Coalossal|Heavy-Duty Boots|[from] move: Knock Off|[of] p2a: Garbodor
|
|-weather|Sandstorm|[upkeep]
|-damage|p2a: Garbodor|82\/100|[from] Sandstorm
|upkeep
|turn|23

|inactive|Time left: 290 sec this turn | 290 sec total

|c|☆SteelixPrismGX|you're really gonna make me do this?


|c|☆aausma|ye


|
|switch|p2a: Greninja|Greninja, M|82\/100
|switch|p1a: Necrozma|Necrozma|335\/335
|
|-weather|Sandstorm|[upkeep]
|-damage|p2a: Greninja|76\/100|[from] Sandstorm
|-damage|p1a: Necrozma|315\/335|[from] Sandstorm
|upkeep
|turn|24

|inactive|Time left: 285 sec this turn | 285 sec total

|c|☆aausma|ok


|
|move|p2a: Greninja|Dark Pulse|p1a: Necrozma
|-supereffective|p1a: Necrozma
|-damage|p1a: Necrozma|30\/335
|-enditem|p1a: Necrozma|Weakness Policy
|-boost|p1a: Necrozma|atk|2|[from] item: Weakness Policy
|-boost|p1a: Necrozma|spa|2|[from] item: Weakness Policy
|move|p1a: Necrozma|Earthquake|p2a: Greninja
|-damage|p2a: Greninja|0 fnt
|faint|p2a: Greninja
|
|-weather|none
|upkeep

|inactive|Time left: 285 sec this turn | 285 sec total

|c|☆aausma|calculated


|c|☆SteelixPrismGX|NOOOOO


|c| H2OPulse|OHHHHHHHHH


|
|switch|p2a: Garbodor|Garbodor-Mega, M|82\/100
|turn|25

|inactive|Time left: 295 sec this turn | 295 sec total

|c|☆aausma|B)


|
|move|p1a: Necrozma|Photon Geyser|p2a: Garbodor
|-supereffective|p2a: Garbodor
|-damage|p2a: Garbodor|0 fnt
|faint|p2a: Garbodor
|
|upkeep

|inactive|Time left: 300 sec this turn | 300 sec total

|c| H2OPulse|I am reeling


|c|☆SteelixPrismGX|i can't believe it


|c|☆SteelixPrismGX|i am gonna get swept 6-0


|c| H2OPulse|I love Necrozma


|
|switch|p2a: Chansey|Chansey, F|100\/100
|turn|26

|inactive|Time left: 300 sec this turn | 300 sec total

|c|☆aausma|that was intended 


|c| H2OPulse|Honestly I love this entire team of yours


|
|switch|p1a: Pangoro|Pangoro, F|271\/331
|-ability|p1a: Pangoro|Mold Breaker
|move|p2a: Chansey|Toxic|p1a: Pangoro
|-status|p1a: Pangoro|tox
|
|-damage|p1a: Pangoro|251\/331 tox|[from] psn
|upkeep
|turn|27

|inactive|Time left: 300 sec this turn | 300 sec total

|
|switch|p2a: Clefable|Clefable, F|53\/100
|move|p1a: Pangoro|Close Combat|p2a: Clefable
|-resisted|p2a: Clefable
|-crit|p2a: Clefable
|-damage|p2a: Clefable|0 fnt
|-unboost|p1a: Pangoro|def|1
|-unboost|p1a: Pangoro|spd|1
|faint|p2a: Clefable
|
|-damage|p1a: Pangoro|211\/331 tox|[from] psn
|upkeep

|inactive|Time left: 300 sec this turn | 300 sec total

|
|switch|p2a: Chansey|Chansey, F|100\/100
|turn|28

|inactive|Time left: 300 sec this turn | 300 sec total

|c|☆aausma|gib


|c|☆SteelixPrismGX|i'm doomed


|c|☆SteelixPrismGX|gg


|
|move|p1a: Pangoro|Close Combat|p2a: Chansey
|-supereffective|p2a: Chansey
|-damage|p2a: Chansey|0 fnt
|-unboost|p1a: Pangoro|def|1
|-unboost|p1a: Pangoro|spd|1
|faint|p2a: Chansey
|
|win|aausma

|inactive|Time left: 300 sec this turn | 300 sec total

|c|☆aausma|gg


|c|☆SteelixPrismGX|i got 6-0'd
</script>
</div>
<div class="battle-log battle-log-inline"><div class="inner"><div class="battle-options"><div style="padding-top: 3px; padding-right: 3px; text-align: right"><button class="icon button" name="openBattleOptions" title="Options">Battle Options</button></div></div><div class="inner message-log"><div class="chat"><small>☆aausma and ☆SteelixPrismGX joined</small></div><div class=""><small>Format:</small> <br><strong>[Gen 8] Megas for All</strong></div><div class=""><small><em>HP Percentage Mod:</em> HP is shown in percentages</small></div><div class=""><small><em>Endless Battle Clause:</em> Forcing endless battles is banned</small></div><div class=""><small><em>OHKO Clause:</em> OHKO moves are banned</small></div><div class=""><small><em>Evasion Moves Clause:</em> Evasion moves are banned</small></div><div class=""><small><em>Species Clause:</em> Limit one of each Pokémon</small></div><div class=""><small><em>Dynamax Clause:</em> You cannot dynamax</small></div><div class=""><small><em>Sleep Clause Mod:</em> Limit one foe put to sleep</small></div><div class="chat battle-history"><strong>aausma's team:</strong> <em style="color:#445566;display:block;">Mismagius / Pangoro / Clefable / Golisopod / Necrozma / Coalossal</em></div><div class="chat battle-history"><strong>SteelixPrismGX's team:</strong> <em style="color:#445566;display:block;">Hippowdon / Garbodor / Clefable / Chansey / Greninja / Tangrowth</em></div><div class="chat"><small> H2OPulse joined</small></div><div class="chat message-error">Battle timer is ON: inactive players will automatically lose when time's up. (requested by SteelixPrismGX)</div><div class="chat chatmessage-aausma mine"><strong style="color:#18a81f"><small>☆</small><span class="username" data-name="aausma">aausma</span>:</strong> <em>stall</em></div><div class="chat chatmessage-aausma mine"><strong style="color:#18a81f"><small>☆</small><span class="username" data-name="aausma">aausma</span>:</strong> <em>fuck</em></div><div class="chat chatmessage-steelixprismgx"><strong style="color:#149f6c"><small>☆</small><span class="username" data-name="SteelixPrismGX">SteelixPrismGX</span>:</strong> <em>remind me how coalossal is considered spooky</em></div><div class="chat chatmessage-h2opulse"><strong style="color:#6e8c2b"><small> </small><span class="username" data-name="H2OPulse">H2OPulse</span>:</strong> <em>Good luck and have fun, both!!</em></div><div class="chat chatmessage-aausma mine"><strong style="color:#18a81f"><small>☆</small><span class="username" data-name="aausma">aausma</span>:</strong> <em>semistall</em></div><div class="chat chatmessage-steelixprismgx"><strong style="color:#149f6c"><small>☆</small><span class="username" data-name="SteelixPrismGX">SteelixPrismGX</span>:</strong> <em>yep</em></div><div class="spacer battle-history"><br></div><div class="battle-history">Battle started between aausma and SteelixPrismGX!<br></div><div class="spacer battle-history"><br></div><div class="battle-history">Go! <strong>Coalossal</strong>!<br></div><div class="spacer battle-history"><br></div><div class="battle-history">SteelixPrismGX sent out <strong>Hippowdon</strong>!<br></div><div class="battle-history">[The opposing Hippowdon's Sand Stream]<br><small>A sandstorm kicked up!</small><br></div><div class="spacer battle-history"><br></div><h2 class="battle-history">Turn 1</h2><div class="spacer battle-history"><br></div><div class="battle-history">Coalossal, come back!<br></div><div class="battle-history">Go! <strong>Golisopod</strong>!<br></div><div class="spacer battle-history"><br></div><div class="battle-history">The opposing Hippowdon used <strong>Earthquake</strong>!<br></div><div class="battle-history"><small>It's not very effective...</small><br></div><div class="battle-history"><small>(Golisopod lost <abbr title="−50/300">16.7%</abbr> of its health!)</small><br></div><div class="spacer battle-history"><br></div><div class="battle-history"><small>(The sandstorm is raging.)</small><br></div><div class="battle-history"><small>Golisopod is buffeted by the sandstorm!</small><br></div><div class="spacer battle-history"><br></div><h2 class="battle-history">Turn 2</h2><div class="spacer battle-history"><br></div><div class="battle-history">SteelixPrismGX withdrew Hippowdon!<br></div><div class="battle-history">SteelixPrismGX sent out <strong>Tangrowth</strong>!<br></div><div class="spacer battle-history"><br></div><div class="battle-history">Golisopod used <strong>Spikes</strong>!<br></div><div class="battle-history"><small>Spikes were scattered on the ground all around the opposing team!</small><br></div><div class="spacer battle-history"><br></div><div class="battle-history"><small>(The sandstorm is raging.)</small><br></div><div class="battle-history"><small>Golisopod is buffeted by the sandstorm!</small><br></div><div class="battle-history"><small>The opposing Tangrowth is buffeted by the sandstorm!</small><br></div><div class="spacer battle-history"><br></div><h2 class="battle-history">Turn 3</h2><div class="spacer battle-history"><br></div><div class="battle-history">Golisopod used <strong>Knock Off</strong>!<br></div><div class="battle-history"><small>(The opposing Tangrowth lost 19% of its health!)</small><br></div><div class="battle-history"><small>Golisopod was hurt by the Rocky Helmet!</small><br></div><div class="battle-history"><small>Golisopod knocked off the opposing Tangrowth's Rocky Helmet!</small><br></div><div class="spacer battle-history"><br></div><div class="battle-history">The opposing Tangrowth used <strong>Sleep Powder</strong>!<br></div><div class="battle-history"><small>Golisopod fell asleep!</small><br></div><div class="spacer battle-history"><br></div><div class="battle-history"><small>(The sandstorm is raging.)</small><br></div><div class="battle-history"><small>Golisopod is buffeted by the sandstorm!</small><br></div><div class="battle-history"><small>The opposing Tangrowth is buffeted by the sandstorm!</small><br></div><div class="battle-history">[Golisopod's Emergency Exit]<br></div><div class="spacer battle-history"><br></div><div class="battle-history">Golisopod, come back!<br></div><div class="battle-history">Go! <strong>Mismagius</strong>!<br></div><div class="spacer battle-history"><br></div><h2 class="battle-history">Turn 4</h2><div class="spacer battle-history"><br></div><div class="battle-history"><small>Mismagius's Mismaginite is reacting to the Key Stone!</small><br>Mismagius has Mega Evolved into Mega Mismagius!<br></div><div class="spacer battle-history"><br></div><div class="battle-history">Mismagius used <strong>Toxic</strong>!<br></div><div class="battle-history"><small>The opposing Tangrowth was badly poisoned!</small><br></div><div class="battle-history">[Mismagius's Alchemist]<br></div><div class="battle-history">[Mismagius's Alchemist]<br><small>The opposing Tangrowth was burned!</small><br></div><div class="spacer battle-history"><br></div><div class="battle-history">The opposing Tangrowth used <strong>Knock Off</strong>!<br></div><div class="battle-history"><small>It's super effective!</small><br></div><div class="battle-history"><small>(Mismagius lost <abbr title="−49/261">18.8%</abbr> of its health!)</small><br></div><div class="spacer battle-history"><br></div><div class="battle-history"><small>(The sandstorm is raging.)</small><br></div><div class="battle-history"><small>Mismagius is buffeted by the sandstorm!</small><br></div><div class="battle-history"><small>The opposing Tangrowth is buffeted by the sandstorm!</small><br></div><div class="battle-history"><small>The opposing Tangrowth was hurt by its burn!</small><br></div><div class="spacer battle-history"><br></div><h2 class="battle-history">Turn 5</h2><div class="chat chatmessage-aausma mine"><strong style="color:#18a81f"><small>☆</small><span class="username" data-name="aausma">aausma</span>:</strong> <em>we take those</em></div><div class="spacer battle-history"><br></div><div class="battle-history">SteelixPrismGX withdrew Tangrowth!<br></div><div class="battle-history">SteelixPrismGX sent out <strong>Chansey</strong>!<br></div><div class="battle-history"><small>The opposing Chansey was hurt by the spikes!</small><br></div><div class="spacer battle-history"><br></div><div class="battle-history">Mismagius used <strong>Parting Shot</strong>!<br></div><div class="battle-history"><small>The opposing Chansey's Attack fell!</small><br></div><div class="battle-history"><small>The opposing Chansey's Sp. Atk fell!</small><br></div><div class="spacer battle-history"><br></div><div class="battle-history">Mismagius, come back!<br></div><div class="battle-history">Go! <strong>Pangoro</strong>!<br></div><div class="battle-history">[Pangoro's Mold Breaker]<br><small>Pangoro breaks the mold!</small><br></div><div class="spacer battle-history"><br></div><div class="battle-history"><small>The sandstorm subsided.</small><br></div><div class="spacer battle-history"><br></div><h2 class="battle-history">Turn 6</h2><div class="spacer battle-history"><br></div><div class="battle-history">SteelixPrismGX withdrew Chansey!<br></div><div class="battle-history">SteelixPrismGX sent out <strong>Clefable</strong>!<br></div><div class="spacer battle-history"><br></div><div class="battle-history">Pangoro used <strong>Knock Off</strong>!<br></div><div class="battle-history"><small>It's not very effective...</small><br></div><div class="battle-history"><small>(The opposing Clefable lost 47% of its health!)</small><br></div><div class="battle-history"><small>Pangoro knocked off the opposing Clefable's Leftovers!</small><br></div><div class="spacer battle-history"><br></div><h2 class="battle-history">Turn 7</h2><div class="spacer battle-history"><br></div><div class="battle-history">Pangoro, come back!<br></div><div class="battle-history">Go! Mismagius (<strong>Mismagius-Mega</strong>)!<br></div><div class="spacer battle-history"><br></div><div class="battle-history">The opposing Clefable used <strong>Moonblast</strong>!<br></div><div class="battle-history"><small>It's not very effective...</small><br></div><div class="battle-history"><small>(Mismagius lost <abbr title="−50/261">19.2%</abbr> of its health!)</small><br></div><div class="spacer battle-history"><br></div><h2 class="battle-history">Turn 8</h2><div class="chat chatmessage-h2opulse"><strong style="color:#6e8c2b"><small> </small><span class="username" data-name="H2OPulse">H2OPulse</span>:</strong> <em>WOW that did a lot for a resist</em></div><div class="chat chatmessage-h2opulse"><strong style="color:#6e8c2b"><small> </small><span class="username" data-name="H2OPulse">H2OPulse</span>:</strong> <em>That was impressive</em></div><div class="spacer battle-history"><br></div><div class="battle-history">SteelixPrismGX withdrew Clefable!<br></div><div class="battle-history">SteelixPrismGX sent out <strong>Chansey</strong>!<br></div><div class="battle-history"><small>The opposing Chansey was hurt by the spikes!</small><br></div><div class="spacer battle-history"><br></div><div class="battle-history">Mismagius used <strong>Toxic</strong>!<br></div><div class="battle-history"><small>The opposing Chansey was badly poisoned!</small><br></div><div class="battle-history">[Mismagius's Alchemist]<br></div><div class="battle-history"><small>The opposing Chansey was subjected to torment!</small><br></div><div class="spacer battle-history"><br></div><div class="battle-history"><small>The opposing Chansey was hurt by poison!</small><br></div><div class="spacer battle-history"><br></div><h2 class="battle-history">Turn 9</h2><div class="chat chatmessage-steelixprismgx"><strong style="color:#149f6c"><small>☆</small><span class="username" data-name="SteelixPrismGX">SteelixPrismGX</span>:</strong> <em>heh</em></div><div class="chat chatmessage-steelixprismgx"><strong style="color:#149f6c"><small>☆</small><span class="username" data-name="SteelixPrismGX">SteelixPrismGX</span>:</strong> <em>20% isn't that much</em></div><div class="chat chatmessage-h2opulse"><strong style="color:#6e8c2b"><small> </small><span class="username" data-name="H2OPulse">H2OPulse</span>:</strong> <em>Ah, no, I meant uh</em></div><div class="spacer battle-history"><br></div><div class="battle-history">Mismagius used <strong>Sludge Bomb</strong>!<br></div><div class="battle-history"><small>(The opposing Chansey lost 15% of its health!)</small><br></div><div class="battle-history">[Mismagius's Alchemist]<br></div><div class="battle-history"><small>The opposing Chansey's Sp. Def rose!</small><br></div><div class="battle-history"><small>The opposing Chansey's Attack rose!</small><br></div><div class="spacer battle-history"><br></div><div class="battle-history">The opposing Chansey used <strong>Soft-Boiled</strong>!<br></div><div class="battle-history"><small>The opposing Chansey had its HP restored.</small><br></div><div class="spacer battle-history"><br></div><div class="battle-history"><small>The opposing Chansey was hurt by poison!</small><br></div><div class="spacer battle-history"><br></div><h2 class="battle-history">Turn 10</h2><div class="chat chatmessage-h2opulse"><strong style="color:#6e8c2b"><small> </small><span class="username" data-name="H2OPulse">H2OPulse</span>:</strong> <em>the Knock Off</em></div><div class="chat chatmessage-steelixprismgx"><strong style="color:#149f6c"><small>☆</small><span class="username" data-name="SteelixPrismGX">SteelixPrismGX</span>:</strong> <em>LMAO</em></div><div class="spacer battle-history"><br></div><div class="battle-history">Mismagius used <strong>Sludge Bomb</strong>!<br></div><div class="battle-history"><small>(The opposing Chansey lost 10% of its health!)</small><br></div><div class="battle-history">[Mismagius's Alchemist]<br></div><div class="battle-history"><small>The opposing Chansey's Speed fell!</small><br></div><div class="battle-history"><small>The opposing Chansey's Sp. Def fell!</small><br></div><div class="spacer battle-history"><br></div><div class="battle-history">The opposing Chansey used <strong>Heal Bell</strong>!<br></div><div class="battle-history"><small>A bell chimed!</small><br></div><div class="battle-history"><small>The opposing Chansey was cured of its poisoning!</small><br></div><div class="battle-history"><small>The opposing Tangrowth's burn was healed!</small><br></div><div class="spacer battle-history"><br></div><h2 class="battle-history">Turn 11</h2><div class="chat chatmessage-aausma mine"><strong style="color:#18a81f"><small>☆</small><span class="username" data-name="aausma">aausma</span>:</strong> <em>bruh</em></div><div class="chat chatmessage-steelixprismgx"><strong style="color:#149f6c"><small>☆</small><span class="username" data-name="SteelixPrismGX">SteelixPrismGX</span>:</strong> <em>oh never mind</em></div><div class="chat chatmessage-aausma mine"><strong style="color:#18a81f"><small>☆</small><span class="username" data-name="aausma">aausma</span>:</strong> <em>ayte</em></div><div class="spacer battle-history"><br></div><div class="battle-history">Mismagius used <strong>Toxic</strong>!<br></div><div class="battle-history"><small>The opposing Chansey was badly poisoned!</small><br></div><div class="battle-history">[Mismagius's Alchemist]<br></div><div class="battle-history">[Mismagius's Alchemist]<br><small>The opposing Chansey is paralyzed! It may be unable to move!</small><br></div><div class="spacer battle-history"><br></div><div class="battle-history">The opposing Chansey used <strong>Soft-Boiled</strong>!<br></div><div class="battle-history"><small>The opposing Chansey had its HP restored.</small><br></div><div class="spacer battle-history"><br></div><h2 class="battle-history">Turn 12</h2><div class="chat chatmessage-aausma mine"><strong style="color:#18a81f"><small>☆</small><span class="username" data-name="aausma">aausma</span>:</strong> <em>run it back</em></div><div class="spacer battle-history"><br></div><div class="battle-history">Mismagius used <strong>Parting Shot</strong>!<br></div><div class="battle-history"><small>The opposing Chansey's Attack fell!</small><br></div><div class="battle-history"><small>The opposing Chansey's Sp. Atk fell!</small><br></div><div class="spacer battle-history"><br></div><div class="battle-history">Mismagius, come back!<br></div><div class="battle-history">Go! <strong>Pangoro</strong>!<br></div><div class="battle-history">[Pangoro's Mold Breaker]<br><small>Pangoro breaks the mold!</small><br></div><div class="spacer battle-history"><br></div><div class="battle-history">The opposing Chansey used <strong>Heal Bell</strong>!<br></div><div class="battle-history"><small>A bell chimed!</small><br></div><div class="battle-history"><small>The opposing Chansey was cured of paralysis!</small><br></div><div class="spacer battle-history"><br></div><h2 class="battle-history">Turn 13</h2><div class="spacer battle-history"><br></div><div class="battle-history">SteelixPrismGX withdrew Chansey!<br></div><div class="battle-history">SteelixPrismGX sent out <strong>Hippowdon</strong>!<br></div><div class="battle-history"><small>The opposing Hippowdon was hurt by the spikes!</small><br></div><div class="battle-history">[The opposing Hippowdon's Sand Stream]<br><small>A sandstorm kicked up!</small><br></div><div class="spacer battle-history"><br></div><div class="battle-history">Pangoro used <strong>Close Combat</strong>!<br></div><div class="battle-history"><small>(The opposing Hippowdon lost 54% of its health!)</small><br></div><div class="battle-history"><small>Pangoro's Defense fell!</small><br></div><div class="battle-history"><small>Pangoro's Sp. Def fell!</small><br></div><div class="spacer battle-history"><br></div><div class="battle-history"><small>(The sandstorm is raging.)</small><br></div><div class="battle-history"><small>Pangoro is buffeted by the sandstorm!</small><br></div><div class="battle-history"><small>The opposing Hippowdon restored a little HP using its Leftovers!</small><br></div><div class="spacer battle-history"><br></div><h2 class="battle-history">Turn 14</h2><div class="spacer battle-history"><br></div><div class="battle-history">SteelixPrismGX withdrew Hippowdon!<br></div><div class="battle-history">SteelixPrismGX sent out <strong>Tangrowth</strong>!<br></div><div class="battle-history"><small>The opposing Tangrowth was hurt by the spikes!</small><br></div><div class="spacer battle-history"><br></div><div class="battle-history">Pangoro used <strong>Close Combat</strong>!<br></div><div class="battle-history"><small>(The opposing Tangrowth lost 48% of its health!)</small><br></div><div class="battle-history"><small>Pangoro's Defense fell!</small><br></div><div class="battle-history"><small>Pangoro's Sp. Def fell!</small><br></div><div class="spacer battle-history"><br></div><div class="battle-history"><small>(The sandstorm is raging.)</small><br></div><div class="battle-history"><small>Pangoro is buffeted by the sandstorm!</small><br></div><div class="battle-history"><small>The opposing Tangrowth is buffeted by the sandstorm!</small><br></div><div class="spacer battle-history"><br></div><h2 class="battle-history">Turn 15</h2><div class="chat chatmessage-h2opulse"><strong style="color:#6e8c2b"><small> </small><span class="username" data-name="H2OPulse">H2OPulse</span>:</strong> <em>I respect this Pangoro so much right now</em></div><div class="spacer battle-history"><br></div><div class="battle-history">Pangoro used <strong>Close Combat</strong>!<br></div><div class="battle-history"><small>(The opposing Tangrowth lost 23% of its health!)</small><br></div><div class="battle-history"><small>Pangoro's Defense fell!</small><br></div><div class="battle-history"><small>Pangoro's Sp. Def fell!</small><br></div><div class="spacer battle-history"><br></div><div class="battle-history">The opposing Tangrowth fainted!<br></div><div class="spacer battle-history"><br></div><div class="battle-history"><small>(The sandstorm is raging.)</small><br></div><div class="battle-history"><small>Pangoro is buffeted by the sandstorm!</small><br></div><div class="spacer battle-history"><br></div><div class="battle-history">SteelixPrismGX sent out <strong>Greninja</strong>!<br></div><div class="battle-history"><small>The opposing Greninja was hurt by the spikes!</small><br></div><div class="spacer battle-history"><br></div><h2 class="battle-history">Turn 16</h2><div class="spacer battle-history"><br></div><div class="battle-history">Pangoro, come back!<br></div><div class="battle-history">Go! <strong>Clefable</strong>!<br></div><div class="spacer battle-history"><br></div><div class="battle-history">The opposing Greninja used <strong>Hydro Pump</strong>!<br></div><div class="battle-history"><small>Clefable avoided the attack!</small><br></div><div class="spacer battle-history"><br></div><div class="battle-history"><small>(The sandstorm is raging.)</small><br></div><div class="battle-history"><small>The opposing Greninja is buffeted by the sandstorm!</small><br></div><div class="spacer battle-history"><br></div><h2 class="battle-history">Turn 17</h2><div class="spacer battle-history"><br></div><div class="battle-history">SteelixPrismGX withdrew Greninja!<br></div><div class="battle-history">SteelixPrismGX sent out <strong>Chansey</strong>!<br></div><div class="battle-history"><small>The opposing Chansey was hurt by the spikes!</small><br></div><div class="spacer battle-history"><br></div><div class="battle-history">Clefable used <strong>Moonblast</strong>!<br></div><div class="battle-history"><small>(The opposing Chansey lost 10% of its health!)</small><br></div><div class="battle-history"><small>The opposing Chansey's Sp. Atk fell!</small><br></div><div class="spacer battle-history"><br></div><div class="battle-history"><small>The sandstorm subsided.</small><br></div><div class="spacer battle-history"><br></div><h2 class="battle-history">Turn 18</h2><div class="spacer battle-history"><br></div><div class="battle-history">Clefable used <strong>Wish</strong>!<br></div><div class="spacer battle-history"><br></div><div class="battle-history">The opposing Chansey used <strong>Toxic</strong>!<br></div><div class="battle-history"><small>Clefable was badly poisoned!</small><br></div><div class="spacer battle-history"><br></div><h2 class="battle-history">Turn 19</h2><div class="spacer battle-history"><br></div><div class="battle-history">The opposing Chansey used <strong>Soft-Boiled</strong>!<br></div><div class="battle-history"><small>The opposing Chansey had its HP restored.</small><br></div><div class="spacer battle-history"><br></div><div class="battle-history">Clefable used <strong>Teleport</strong>!<br></div><div class="spacer battle-history"><br></div><div class="battle-history">Clefable, come back!<br></div><div class="battle-history">Go! Mismagius (<strong>Mismagius-Mega</strong>)!<br></div><div class="spacer battle-history"><br></div><div class="battle-history"><small>Clefable's wish came true!</small><br></div><div class="spacer battle-history"><br></div><h2 class="battle-history">Turn 20</h2><div class="chat chatmessage-aausma mine"><strong style="color:#18a81f"><small>☆</small><span class="username" data-name="aausma">aausma</span>:</strong> <em>we popin</em></div><div class="spacer battle-history"><br></div><div class="battle-history">SteelixPrismGX withdrew Chansey!<br></div><div class="battle-history">SteelixPrismGX sent out <strong>Hippowdon</strong>!<br></div><div class="battle-history"><small>The opposing Hippowdon was hurt by the spikes!</small><br></div><div class="battle-history">[The opposing Hippowdon's Sand Stream]<br><small>A sandstorm kicked up!</small><br></div><div class="spacer battle-history"><br></div><div class="battle-history">Mismagius used <strong>Toxic</strong>!<br></div><div class="battle-history"><small>The opposing Hippowdon was badly poisoned!</small><br></div><div class="battle-history">[Mismagius's Alchemist]<br></div><div class="battle-history">[Mismagius's Alchemist]<br></div><div class="battle-history"><small>Mismagius cut its own HP and put a curse on the opposing Hippowdon!</small><br></div><div class="battle-history"><small>Mismagius's HP was not cut!</small><br></div><div class="spacer battle-history"><br></div><div class="battle-history"><small>(The sandstorm is raging.)</small><br></div><div class="battle-history"><small>Mismagius is buffeted by the sandstorm!</small><br></div><div class="battle-history"><small>The opposing Hippowdon restored a little HP using its Leftovers!</small><br></div><div class="battle-history"><small>The opposing Hippowdon was hurt by poison!</small><br></div><div class="battle-history"><small>The opposing Hippowdon is afflicted by the curse!</small><br></div><div class="spacer battle-history"><br></div><h2 class="battle-history">Turn 21</h2><div class="chat chatmessage-aausma mine"><strong style="color:#18a81f"><small>☆</small><span class="username" data-name="aausma">aausma</span>:</strong> <em>good good</em></div><div class="chat chatmessage-steelixprismgx"><strong style="color:#149f6c"><small>☆</small><span class="username" data-name="SteelixPrismGX">SteelixPrismGX</span>:</strong> <em>this is fine.</em></div><div class="spacer battle-history"><br></div><div class="battle-history">Mismagius used <strong>Shadow Ball</strong>!<br></div><div class="battle-history"><small>(The opposing Hippowdon lost 3% of its health!)</small><br></div><div class="spacer battle-history"><br></div><div class="battle-history">The opposing Hippowdon fainted!<br></div><div class="spacer battle-history"><br></div><div class="battle-history"><small>(The sandstorm is raging.)</small><br></div><div class="battle-history"><small>Mismagius is buffeted by the sandstorm!</small><br></div><div class="chat chatmessage-steelixprismgx"><strong style="color:#149f6c"><small>☆</small><span class="username" data-name="SteelixPrismGX">SteelixPrismGX</span>:</strong> <em>i like how i just lost 31% of my HP there just now</em></div><div class="spacer battle-history"><br></div><div class="battle-history">SteelixPrismGX sent out <strong>Garbodor</strong>!<br></div><div class="battle-history"><small>The opposing Garbodor was hurt by the spikes!</small><br></div><div class="spacer battle-history"><br></div><h2 class="battle-history">Turn 22</h2><div class="spacer battle-history"><br></div><div class="battle-history"><small>The opposing Garbodor's Garbodorite is reacting to the Key Stone!</small><br>The opposing Garbodor has Mega Evolved into Mega Garbodor!<br></div><div class="battle-history">[The opposing Garbodor's Trash Compactor]<br></div><div class="spacer battle-history"><br></div><div class="battle-history">The opposing Garbodor used <strong>Stockpile</strong>!<br></div><div class="battle-history"><small>The opposing Garbodor stockpiled 1!</small><br></div><div class="battle-history"><small>The opposing Garbodor's Defense rose!</small><br></div><div class="battle-history"><small>The opposing Garbodor's Sp. Def rose!</small><br></div><div class="battle-history"><small>The spikes disappeared from the ground around the opposing team!</small><br></div><div class="spacer battle-history"><br></div><div class="battle-history">Mismagius used <strong>Parting Shot</strong>!<br></div><div class="battle-history"><small>The opposing Garbodor's Attack fell!</small><br></div><div class="battle-history"><small>The opposing Garbodor's Sp. Atk fell!</small><br></div><div class="spacer battle-history"><br></div><div class="battle-history">Mismagius, come back!<br></div><div class="battle-history">Go! <strong>Coalossal</strong>!<br></div><div class="spacer battle-history"><br></div><div class="battle-history">The opposing Garbodor used <strong>Knock Off</strong>!<br></div><div class="battle-history"><small>(Coalossal lost <abbr title="−45/423">10.6%</abbr> of its health!)</small><br></div><div class="battle-history"><small>The opposing Garbodor knocked off Coalossal's Heavy-Duty Boots!</small><br></div><div class="spacer battle-history"><br></div><div class="battle-history"><small>(The sandstorm is raging.)</small><br></div><div class="battle-history"><small>The opposing Garbodor is buffeted by the sandstorm!</small><br></div><div class="spacer battle-history"><br></div><h2 class="battle-history">Turn 23</h2><div class="chat chatmessage-steelixprismgx"><strong style="color:#149f6c"><small>☆</small><span class="username" data-name="SteelixPrismGX">SteelixPrismGX</span>:</strong> <em>you're really gonna make me do this?</em></div><div class="chat chatmessage-aausma mine"><strong style="color:#18a81f"><small>☆</small><span class="username" data-name="aausma">aausma</span>:</strong> <em>ye</em></div><div class="spacer battle-history"><br></div><div class="battle-history">SteelixPrismGX withdrew Garbodor!<br></div><div class="battle-history">SteelixPrismGX sent out <strong>Greninja</strong>!<br></div><div class="spacer battle-history"><br></div><div class="battle-history">Coalossal, come back!<br></div><div class="battle-history">Go! <strong>Necrozma</strong>!<br></div><div class="spacer battle-history"><br></div><div class="battle-history"><small>(The sandstorm is raging.)</small><br></div><div class="battle-history"><small>The opposing Greninja is buffeted by the sandstorm!</small><br></div><div class="battle-history"><small>Necrozma is buffeted by the sandstorm!</small><br></div><div class="spacer battle-history"><br></div><h2 class="battle-history">Turn 24</h2><div class="chat chatmessage-aausma mine"><strong style="color:#18a81f"><small>☆</small><span class="username" data-name="aausma">aausma</span>:</strong> <em>ok</em></div><div class="spacer battle-history"><br></div><div class="battle-history">The opposing Greninja used <strong>Dark Pulse</strong>!<br></div><div class="battle-history"><small>It's super effective!</small><br></div><div class="battle-history"><small>(Necrozma lost <abbr title="−285/335">85.1%</abbr> of its health!)</small><br></div><div class="battle-history"><small>(Necrozma used its Weakness Policy!)</small><br></div><div class="battle-history"><small>The Weakness Policy sharply raised Necrozma's Attack!</small><br></div><div class="battle-history"><small>The Weakness Policy sharply raised Necrozma's Sp. Atk!</small><br></div><div class="spacer battle-history"><br></div><div class="battle-history">Necrozma used <strong>Earthquake</strong>!<br></div><div class="battle-history"><small>(The opposing Greninja lost 76% of its health!)</small><br></div><div class="spacer battle-history"><br></div><div class="battle-history">The opposing Greninja fainted!<br></div><div class="spacer battle-history"><br></div><div class="battle-history"><small>The sandstorm subsided.</small><br></div><div class="chat chatmessage-aausma mine"><strong style="color:#18a81f"><small>☆</small><span class="username" data-name="aausma">aausma</span>:</strong> <em>calculated</em></div><div class="chat chatmessage-steelixprismgx"><strong style="color:#149f6c"><small>☆</small><span class="username" data-name="SteelixPrismGX">SteelixPrismGX</span>:</strong> <em>NOOOOO</em></div><div class="chat chatmessage-h2opulse"><strong style="color:#6e8c2b"><small> </small><span class="username" data-name="H2OPulse">H2OPulse</span>:</strong> <em>OHHHHHHHHH</em></div><div class="spacer battle-history"><br></div><div class="battle-history">SteelixPrismGX sent out Garbodor (<strong>Garbodor-Mega</strong>)!<br></div><div class="spacer battle-history"><br></div><h2 class="battle-history">Turn 25</h2><div class="chat chatmessage-aausma mine"><strong style="color:#18a81f"><small>☆</small><span class="username" data-name="aausma">aausma</span>:</strong> <em>B)</em></div><div class="spacer battle-history"><br></div><div class="battle-history">Necrozma used <strong>Photon Geyser</strong>!<br></div><div class="battle-history"><small>It's super effective!</small><br></div><div class="battle-history"><small>(The opposing Garbodor lost 82% of its health!)</small><br></div><div class="spacer battle-history"><br></div><div class="battle-history">The opposing Garbodor fainted!<br></div><div class="chat chatmessage-h2opulse"><strong style="color:#6e8c2b"><small> </small><span class="username" data-name="H2OPulse">H2OPulse</span>:</strong> <em>I am reeling</em></div><div class="chat chatmessage-steelixprismgx"><strong style="color:#149f6c"><small>☆</small><span class="username" data-name="SteelixPrismGX">SteelixPrismGX</span>:</strong> <em>i can't believe it</em></div><div class="chat chatmessage-steelixprismgx"><strong style="color:#149f6c"><small>☆</small><span class="username" data-name="SteelixPrismGX">SteelixPrismGX</span>:</strong> <em>i am gonna get swept 6-0</em></div><div class="chat chatmessage-h2opulse"><strong style="color:#6e8c2b"><small> </small><span class="username" data-name="H2OPulse">H2OPulse</span>:</strong> <em>I love Necrozma</em></div><div class="spacer battle-history"><br></div><div class="battle-history">SteelixPrismGX sent out <strong>Chansey</strong>!<br></div><div class="spacer battle-history"><br></div><h2 class="battle-history">Turn 26</h2><div class="chat chatmessage-aausma mine"><strong style="color:#18a81f"><small>☆</small><span class="username" data-name="aausma">aausma</span>:</strong> <em>that was intended </em></div><div class="chat chatmessage-h2opulse"><strong style="color:#6e8c2b"><small> </small><span class="username" data-name="H2OPulse">H2OPulse</span>:</strong> <em>Honestly I love this entire team of yours</em></div><div class="spacer battle-history"><br></div><div class="battle-history">Necrozma, come back!<br></div><div class="battle-history">Go! <strong>Pangoro</strong>!<br></div><div class="battle-history">[Pangoro's Mold Breaker]<br><small>Pangoro breaks the mold!</small><br></div><div class="spacer battle-history"><br></div><div class="battle-history">The opposing Chansey used <strong>Toxic</strong>!<br></div><div class="battle-history"><small>Pangoro was badly poisoned!</small><br></div><div class="spacer battle-history"><br></div><div class="battle-history"><small>Pangoro was hurt by poison!</small><br></div><div class="spacer battle-history"><br></div><h2 class="battle-history">Turn 27</h2><div class="spacer battle-history"><br></div><div class="battle-history">SteelixPrismGX withdrew Chansey!<br></div><div class="battle-history">SteelixPrismGX sent out <strong>Clefable</strong>!<br></div><div class="spacer battle-history"><br></div><div class="battle-history">Pangoro used <strong>Close Combat</strong>!<br></div><div class="battle-history"><small>It's not very effective...</small><br></div><div class="battle-history"><small>A critical hit!</small><br></div><div class="battle-history"><small>(The opposing Clefable lost 53% of its health!)</small><br></div><div class="battle-history"><small>Pangoro's Defense fell!</small><br></div><div class="battle-history"><small>Pangoro's Sp. Def fell!</small><br></div><div class="spacer battle-history"><br></div><div class="battle-history">The opposing Clefable fainted!<br></div><div class="spacer battle-history"><br></div><div class="battle-history"><small>Pangoro was hurt by poison!</small><br></div><div class="chat chatmessage-aausma mine"><strong style="color:#18a81f"><small>☆</small><span class="username" data-name="aausma">aausma</span>:</strong> <em>gib</em></div><div class="spacer battle-history"><br></div><div class="battle-history">SteelixPrismGX sent out <strong>Chansey</strong>!<br></div><div class="spacer battle-history"><br></div><h2 class="battle-history">Turn 28</h2><div class="chat chatmessage-steelixprismgx"><strong style="color:#149f6c"><small>☆</small><span class="username" data-name="SteelixPrismGX">SteelixPrismGX</span>:</strong> <em>i'm doomed</em></div><div class="chat chatmessage-steelixprismgx"><strong style="color:#149f6c"><small>☆</small><span class="username" data-name="SteelixPrismGX">SteelixPrismGX</span>:</strong> <em>gg</em></div><div class="spacer battle-history"><br></div><div class="battle-history">Pangoro used <strong>Close Combat</strong>!<br></div><div class="battle-history"><small>It's super effective!</small><br></div><div class="battle-history"><small>(The opposing Chansey lost 100% of its health!)</small><br></div><div class="battle-history"><small>Pangoro's Defense fell!</small><br></div><div class="battle-history"><small>Pangoro's Sp. Def fell!</small><br></div><div class="spacer battle-history"><br></div><div class="battle-history">The opposing Chansey fainted!<br></div><div class="spacer battle-history"><br></div><div class="battle-history"><strong>aausma</strong> won the battle!<br></div><div class="chat chatmessage-aausma mine"><strong style="color:#18a81f"><small>☆</small><span class="username" data-name="aausma">aausma</span>:</strong> <em>gg</em></div><div class="chat chatmessage-steelixprismgx"><strong style="color:#149f6c"><small>☆</small><span class="username" data-name="SteelixPrismGX">SteelixPrismGX</span>:</strong> <em>i got 6-0'd</em></div></div><div class="inner-preempt message-log"></div></div></div>
</div>
<script>
let daily = Math.floor(Date.now()/1000/60/60/24);document.write('<script src="https://play.pokemonshowdown.com/js/replay-embed.js?version'+daily+'"></'+'script>');
</script>
