<!DOCTYPE html>
<meta charset="utf-8" />
<!-- version 1 -->
<title>[Gen 8] M4A Suspect replay: EeveeGirl1380 vs. Coppersmith</title>
<style>
html,body {font-family:Verdana, sans-serif;font-size:10pt;margin:0;padding:0;}body{padding:12px 0;} .battle-log {font-family:Verdana, sans-serif;font-size:10pt;} .battle-log-inline {border:1px solid #AAAAAA;background:#EEF2F5;color:black;max-width:640px;margin:0 auto 80px;padding-bottom:5px;} .battle-log .inner {padding:4px 8px 0px 8px;} .battle-log .inner-preempt {padding:0 8px 4px 8px;} .battle-log .inner-after {margin-top:0.5em;} .battle-log h2 {margin:0.5em -8px;padding:4px 8px;border:1px solid #AAAAAA;background:#E0E7EA;border-left:0;border-right:0;font-family:Verdana, sans-serif;font-size:13pt;} .battle-log .chat {vertical-align:middle;padding:3px 0 3px 0;font-size:8pt;} .battle-log .chat strong {color:#40576A;} .battle-log .chat em {padding:1px 4px 1px 3px;color:#000000;font-style:normal;} .chat.mine {background:rgba(0,0,0,0.05);margin-left:-8px;margin-right:-8px;padding-left:8px;padding-right:8px;} .spoiler {color:#BBBBBB;background:#BBBBBB;padding:0px 3px;} .spoiler:hover, .spoiler:active, .spoiler-shown {color:#000000;background:#E2E2E2;padding:0px 3px;} .spoiler a {color:#BBBBBB;} .spoiler:hover a, .spoiler:active a, .spoiler-shown a {color:#2288CC;} .chat code, .chat .spoiler:hover code, .chat .spoiler:active code, .chat .spoiler-shown code {border:1px solid #C0C0C0;background:#EEEEEE;color:black;padding:0 2px;} .chat .spoiler code {border:1px solid #CCCCCC;background:#CCCCCC;color:#CCCCCC;} .battle-log .rated {padding:3px 4px;} .battle-log .rated strong {color:white;background:#89A;padding:1px 4px;border-radius:4px;} .spacer {margin-top:0.5em;} .message-announce {background:#6688AA;color:white;padding:1px 4px 2px;} .message-announce a, .broadcast-green a, .broadcast-blue a, .broadcast-red a {color:#DDEEFF;} .broadcast-green {background-color:#559955;color:white;padding:2px 4px;} .broadcast-blue {background-color:#6688AA;color:white;padding:2px 4px;} .infobox {border:1px solid #6688AA;padding:2px 4px;} .infobox-limited {max-height:200px;overflow:auto;overflow-x:hidden;} .broadcast-red {background-color:#AA5544;color:white;padding:2px 4px;} .message-learn-canlearn {font-weight:bold;color:#228822;text-decoration:underline;} .message-learn-cannotlearn {font-weight:bold;color:#CC2222;text-decoration:underline;} .message-effect-weak {font-weight:bold;color:#CC2222;} .message-effect-resist {font-weight:bold;color:#6688AA;} .message-effect-immune {font-weight:bold;color:#666666;} .message-learn-list {margin-top:0;margin-bottom:0;} .message-throttle-notice, .message-error {color:#992222;} .message-overflow, .chat small.message-overflow {font-size:0pt;} .message-overflow::before {font-size:9pt;content:'...';} .subtle {color:#3A4A66;}
</style>
<div class="wrapper replay-wrapper" style="max-width:1180px;margin:0 auto">
<input type="hidden" name="replayid" value="dragonheaven-gen8m4asuspect-261" />
<div class="battle"></div><div class="battle-log"></div><div class="replay-controls"></div><div class="replay-controls-2"></div>
<h1 style="font-weight:normal;text-align:center"><strong>[Gen 8] M4A Suspect</strong><br /><a href="http://pokemonshowdown.com/users/eeveegirl1380" class="subtle" target="_blank">EeveeGirl1380</a> vs. <a href="http://pokemonshowdown.com/users/coppersmith" class="subtle" target="_blank">Coppersmith</a></h1>
<script type="text/plain" class="battle-log-data">|j|☆EeveeGirl1380
|j|☆Coppersmith
|t:|1621716232
|player|p1|EeveeGirl1380|lady|
|player|p2|Coppersmith|pokemonranger-gen4|
|teamsize|p1|6
|teamsize|p2|6
|gametype|singles
|gen|8
|tier|[Gen 8] M4A Suspect
|clearpoke
|poke|p1|Zamazenta-Crowned|
|poke|p1|Volcarona, M|
|poke|p1|Corviknight, M|
|poke|p1|Gastrodon-East, M|
|poke|p1|Landorus-Therian, M|
|poke|p1|Clefable, M|
|poke|p2|Dhelmise|
|poke|p2|Hydreigon, F|
|poke|p2|Zapdos|
|poke|p2|Buzzwole|
|poke|p2|Slowbro, M|
|poke|p2|Nidoqueen, F|
|rule|HP Percentage Mod: HP is shown in percentages
|rule|Endless Battle Clause: Forcing endless battles is banned
|rule|OHKO Clause: OHKO moves are banned
|rule|Evasion Moves Clause: Evasion moves are banned
|rule|Species Clause: Limit one of each Pokémon
|rule|Dynamax Clause: You cannot dynamax
|rule|Sleep Clause Mod: Limit one foe put to sleep
|rule|Freeze Clause Mod: Limit one foe frozen
|raw|<img src="https:\/\/www.smogon.com\/forums\/attachments\/banner_2-png.302358\/" height="65" width="381">
|-message|Welcome to Megas for All!
|-message|This is a National Dex-based format where we aim to give a new Mega Evolution to every Pokémon.
|-message|Just like any official format, you can still only Mega Evolve one Pokémon per team!
|-message|You can find our thread and metagame resources here:
|-message|https:\/\/www.smogon.com\/forums\/threads\/3671140\/
|teampreview
|j| Time to chill
|j|+inkbug1

|c|☆Coppersmith|glhf
|j| IsoCon
|c|☆EeveeGirl1380|u2
|
|t:|1621716256
|start
|switch|p1a: Zamazenta|Zamazenta-Crowned|100\/100
|switch|p2a: Dhelmise|Dhelmise|100\/100
|-ability|p1a: Zamazenta|Dauntless Shield|boost
|-boost|p1a: Zamazenta|def|1
|turn|1
|
|t:|1621716282
|detailschange|p2a: Dhelmise|Dhelmise-Mega
|-mega|p2a: Dhelmise|Dhelmise|Dhelmite
|-weather|PrimordialSea|[from] ability: Primordial Sea|[of] p2a: Dhelmise
|-start|p2a: Dhelmise|typechange|Ghost\/Steel|[silent]
|raw|<ul class="utilichart"><li class="result"><span class="col pokemonnamecol" style="white-space: nowrap">Dhelmise-Mega<\/span> <span class="col typecol"><img src="https:\/\/play.pokemonshowdown.com\/sprites\/types\/Ghost.png" alt="Ghost" height="14" width="32"><img src="https:\/\/play.pokemonshowdown.com\/sprites\/types\/Steel.png" alt="Steel" height="14" width="32"><\/span> <span style="float: left ; min-height: 26px"><span class="col abilitycol">Primordial Sea<\/span><span class="col abilitycol"><\/span><\/span><span style="float: left ; min-height: 26px"><span class="col statcol"><em>HP<\/em><br>70<\/span> <span class="col statcol"><em>Atk<\/em><br>151<\/span> <span class="col statcol"><em>Def<\/em><br>115<\/span> <span class="col statcol"><em>SpA<\/em><br>116<\/span> <span class="col statcol"><em>SpD<\/em><br>115<\/span> <span class="col statcol"><em>Spe<\/em><br>50<\/span> <\/span><\/li><li style="clear: both"><\/li><\/ul>
|move|p1a: Zamazenta|Behemoth Bash|p2a: Dhelmise
|-resisted|p2a: Dhelmise
|-crit|p2a: Dhelmise
|-damage|p2a: Dhelmise|67\/100
|move|p2a: Dhelmise|Flip Turn|p1a: Zamazenta
|-damage|p1a: Zamazenta|84\/100
|
|t:|1621716300
|-weather|none
|switch|p2a: Slowbro|Slowbro, M|100\/100|[from]move: Flip Turn
|
|upkeep
|turn|2
|
|t:|1621716307
|switch|p1a: Clefable|Clefable, M|100\/100
|move|p2a: Slowbro|Future Sight|p1a: Clefable
|-start|p2a: Slowbro|move: Future Sight
|
|upkeep
|turn|3
|
|t:|1621716325
|switch|p2a: Zapdos|Zapdos|100\/100
|detailschange|p1a: Clefable|Clefable-Mega, M
|-mega|p1a: Clefable|Clefable|Clefabite
|-start|p1a: Clefable|typechange|Fairy\/Ghost|[silent]
|raw|<ul class="utilichart"><li class="result"><span class="col pokemonnamecol" style="white-space: nowrap">Clefable-Mega<\/span> <span class="col typecol"><img src="https:\/\/play.pokemonshowdown.com\/sprites\/types\/Fairy.png" alt="Fairy" height="14" width="32"><img src="https:\/\/play.pokemonshowdown.com\/sprites\/types\/Ghost.png" alt="Ghost" height="14" width="32"><\/span> <span style="float: left ; min-height: 26px"><span class="col abilitycol">Prankster<\/span><span class="col abilitycol"><\/span><\/span><span style="float: left ; min-height: 26px"><span class="col statcol"><em>HP<\/em><br>95<\/span> <span class="col statcol"><em>Atk<\/em><br>80<\/span> <span class="col statcol"><em>Def<\/em><br>83<\/span> <span class="col statcol"><em>SpA<\/em><br>125<\/span> <span class="col statcol"><em>SpD<\/em><br>90<\/span> <span class="col statcol"><em>Spe<\/em><br>110<\/span> <\/span><\/li><li style="clear: both"><\/li><\/ul>
|move|p1a: Clefable|Knock Off|p2a: Zapdos
|-damage|p2a: Zapdos|82\/100
|-enditem|p2a: Zapdos|Heavy-Duty Boots|[from] move: Knock Off|[of] p1a: Clefable
|
|upkeep
|turn|4
|
|t:|1621716365
|move|p1a: Clefable|Will-O-Wisp|p2a: Zapdos
|-status|p2a: Zapdos|brn
|move|p2a: Zapdos|Hurricane|p1a: Clefable
|-damage|p1a: Clefable|58\/100
|
|-end|p1a: Clefable|move: Future Sight
|-crit|p1a: Clefable
|-damage|p1a: Clefable|2\/100
|-damage|p2a: Zapdos|76\/100 brn|[from] brn
|upkeep
|turn|5
|c|☆EeveeGirl1380|that went well
|
|t:|1621716383
|move|p1a: Clefable|Soft-Boiled|p1a: Clefable
|-heal|p1a: Clefable|52\/100
|move|p2a: Zapdos|Volt Switch|p1a: Clefable
|-damage|p1a: Clefable|26\/100
|
|t:|1621716403
|switch|p2a: Nidoqueen|Nidoqueen, F|100\/100|[from]move: Volt Switch
|
|upkeep
|turn|6
|
|t:|1621716419
|move|p1a: Clefable|Soft-Boiled|p1a: Clefable
|-heal|p1a: Clefable|76\/100
|move|p2a: Nidoqueen|Poison Jab|p1a: Clefable
|-damage|p1a: Clefable|58\/100
|
|upkeep
|turn|7
|c|☆EeveeGirl1380|wow
|c|☆EeveeGirl1380|that was
|
|t:|1621716431
|move|p1a: Clefable|Soft-Boiled|p1a: Clefable
|-heal|p1a: Clefable|100\/100
|move|p2a: Nidoqueen|Poison Jab|p1a: Clefable
|-damage|p1a: Clefable|82\/100
|
|upkeep
|turn|8
|
|t:|1621716438
|move|p1a: Clefable|Knock Off|p2a: Nidoqueen
|-damage|p2a: Nidoqueen|86\/100
|-damage|p1a: Clefable|66\/100|[from] item: Rocky Helmet|[of] p2a: Nidoqueen
|-enditem|p2a: Nidoqueen|Rocky Helmet|[from] move: Knock Off|[of] p1a: Clefable
|move|p2a: Nidoqueen|Poison Jab|p1a: Clefable
|-damage|p1a: Clefable|47\/100
|
|upkeep
|turn|9
|
|t:|1621716445
|switch|p1a: Lando|Landorus-Therian, M|100\/100
|-ability|p1a: Lando|Intimidate|boost
|-unboost|p2a: Nidoqueen|atk|1
|move|p2a: Nidoqueen|Poison Jab|p1a: Lando
|-resisted|p1a: Lando
|-damage|p1a: Lando|90\/100
|
|upkeep
|turn|10
|c|☆Coppersmith|how are you so good at dodging static\/poison point
|
|t:|1621716461
|switch|p1a: Raven|Corviknight, M|100\/100
|-ability|p1a: Raven|Pressure
|switch|p2a: Zapdos|Zapdos|76\/100 brn
|
|-damage|p2a: Zapdos|70\/100 brn|[from] brn
|upkeep
|turn|11
|c|☆EeveeGirl1380|i dunno
|c|☆EeveeGirl1380|magic
|c| IsoCon|#EeveeGirlLuck
|c|☆EeveeGirl1380|XD
|c|☆EeveeGirl1380|#eeveeluck
|
|t:|1621716498
|switch|p1a: Squoop|Gastrodon-East, M|100\/100
|move|p2a: Zapdos|Roost|p2a: Zapdos
|-heal|p2a: Zapdos|100\/100 brn
|-singleturn|p2a: Zapdos|move: Roost
|
|-damage|p2a: Zapdos|94\/100 brn|[from] brn
|upkeep
|turn|12
|
|t:|1621716524
|switch|p2a: Slowbro|Slowbro, M|100\/100
|switch|p1a: Raven|Corviknight, M|100\/100
|-ability|p1a: Raven|Pressure
|
|upkeep
|turn|13
|
|t:|1621716529
|move|p1a: Raven|U-turn|p2a: Slowbro
|-supereffective|p2a: Slowbro
|-damage|p2a: Slowbro|83\/100
|
|t:|1621716534
|switch|p1a: Clefable|Clefable-Mega, M|47\/100|[from]move: U-turn
|-start|p1a: Clefable|typechange|Fairy\/Ghost|[silent]
|move|p2a: Slowbro|Future Sight|p1a: Clefable
|-start|p2a: Slowbro|move: Future Sight
|
|upkeep
|turn|14
|
|t:|1621716544
|switch|p2a: Zapdos|Zapdos|94\/100 brn
|move|p1a: Clefable|Soft-Boiled|p1a: Clefable
|-heal|p1a: Clefable|97\/100
|
|-damage|p2a: Zapdos|88\/100 brn|[from] brn
|upkeep
|turn|15
|
|t:|1621716552
|move|p1a: Clefable|Knock Off|p2a: Zapdos
|-damage|p2a: Zapdos|77\/100 brn
|-status|p1a: Clefable|par|[from] ability: Static|[of] p2a: Zapdos
|move|p2a: Zapdos|Hurricane|p1a: Clefable
|-damage|p1a: Clefable|52\/100 par
|
|-end|p1a: Clefable|move: Future Sight
|-damage|p1a: Clefable|10\/100 par
|-damage|p2a: Zapdos|71\/100 brn|[from] brn
|upkeep
|turn|16
|c|☆EeveeGirl1380|ah
|
|t:|1621716561
|move|p1a: Clefable|Soft-Boiled|p1a: Clefable
|-heal|p1a: Clefable|60\/100 par
|move|p2a: Zapdos|Hurricane|p1a: Clefable
|-damage|p1a: Clefable|13\/100 par
|
|-damage|p2a: Zapdos|65\/100 brn|[from] brn
|upkeep
|turn|17
|
|t:|1621716567
|move|p1a: Clefable|Soft-Boiled|p1a: Clefable
|-heal|p1a: Clefable|64\/100 par
|move|p2a: Zapdos|Hurricane|p1a: Clefable
|-damage|p1a: Clefable|17\/100 par
|
|-damage|p2a: Zapdos|59\/100 brn|[from] brn
|upkeep
|turn|18
|
|t:|1621716572
|move|p1a: Clefable|Soft-Boiled|p1a: Clefable
|-heal|p1a: Clefable|67\/100 par
|move|p2a: Zapdos|Hurricane|p1a: Clefable
|-damage|p1a: Clefable|22\/100 par
|
|-damage|p2a: Zapdos|53\/100 brn|[from] brn
|upkeep
|turn|19
|
|t:|1621716575
|move|p1a: Clefable|Soft-Boiled|p1a: Clefable
|-heal|p1a: Clefable|72\/100 par
|move|p2a: Zapdos|Roost|p2a: Zapdos
|-heal|p2a: Zapdos|100\/100 brn
|-singleturn|p2a: Zapdos|move: Roost
|
|-damage|p2a: Zapdos|94\/100 brn|[from] brn
|upkeep
|turn|20
|j| exploziff
|
|t:|1621716590
|cant|p1a: Clefable|par
|move|p2a: Zapdos|Hurricane|p1a: Clefable
|-damage|p1a: Clefable|26\/100 par
|
|-damage|p2a: Zapdos|88\/100 brn|[from] brn
|upkeep
|turn|21
|c|☆EeveeGirl1380|i see
|
|t:|1621716598
|switch|p1a: Raven|Corviknight, M|100\/100
|-ability|p1a: Raven|Pressure
|move|p2a: Zapdos|Hurricane|p1a: Raven|[miss]
|-miss|p2a: Zapdos|p1a: Raven
|
|-damage|p2a: Zapdos|82\/100 brn|[from] brn
|upkeep
|turn|22
|
|t:|1621716609
|switch|p2a: Slowbro|Slowbro, M|100\/100
|move|p1a: Raven|U-turn|p2a: Slowbro
|-supereffective|p2a: Slowbro
|-damage|p2a: Slowbro|83\/100
|
|t:|1621716614
|switch|p1a: Helios|Volcarona, M|100\/100|[from]move: U-turn
|
|upkeep
|turn|23
|
|t:|1621716617
|move|p1a: Helios|Bug Buzz|p2a: Slowbro
|-supereffective|p2a: Slowbro
|-damage|p2a: Slowbro|0 fnt
|faint|p2a: Slowbro
|
|upkeep
|
|t:|1621716621
|switch|p2a: Dhelmise|Dhelmise-Mega|67\/100
|-start|p2a: Dhelmise|typechange|Ghost\/Steel|[silent]
|-weather|PrimordialSea|[from] ability: Primordial Sea|[of] p2a: Dhelmise
|turn|24
|c|☆EeveeGirl1380|heavy counterplay alert
|c| IsoCon|thats the first hurricane missed in a while
|
|t:|1621716653
|switch|p1a: Squoop|Gastrodon-East, M|100\/100
|move|p2a: Dhelmise|Flip Turn|p1a: Squoop
|-ability|p1a: Squoop|Storm Drain|boost
|-boost|p1a: Squoop|spa|1
|
|-weather|PrimordialSea|[upkeep]
|upkeep
|turn|25
|c|☆EeveeGirl1380|ooh
|
|t:|1621716663
|-weather|none
|switch|p2a: Hydreigon|Hydreigon, F|100\/100
|move|p1a: Squoop|Scald|p2a: Hydreigon
|-resisted|p2a: Hydreigon
|-damage|p2a: Hydreigon|80\/100
|
|upkeep
|turn|26
|
|t:|1621716678
|switch|p1a: Raven|Corviknight, M|100\/100
|-ability|p1a: Raven|Pressure
|move|p2a: Hydreigon|Nasty Plot|p2a: Hydreigon
|-boost|p2a: Hydreigon|spa|2
|
|upkeep
|turn|27
|
|t:|1621716686
|switch|p2a: Zapdos|Zapdos|82\/100 brn
|move|p1a: Raven|U-turn|p2a: Zapdos
|-resisted|p2a: Zapdos
|-damage|p2a: Zapdos|75\/100 brn
|-status|p1a: Raven|par|[from] ability: Static|[of] p2a: Zapdos
|c|☆EeveeGirl1380|ah
|
|t:|1621716701
|switch|p1a: Clefable|Clefable-Mega, M|26\/100 par|[from]move: U-turn
|-start|p1a: Clefable|typechange|Fairy\/Ghost|[silent]
|
|-damage|p2a: Zapdos|69\/100 brn|[from] brn
|upkeep
|turn|28
|
|t:|1621716708
|move|p1a: Clefable|Soft-Boiled|p1a: Clefable
|-heal|p1a: Clefable|76\/100 par
|move|p2a: Zapdos|Volt Switch|p1a: Clefable
|-damage|p1a: Clefable|49\/100 par
|
|t:|1621716726
|switch|p2a: Hydreigon|Hydreigon, F|80\/100|[from]move: Volt Switch
|
|upkeep
|turn|29
|
|t:|1621716733
|switch|p2a: Nidoqueen|Nidoqueen, F|86\/100
|switch|p1a: Raven|Corviknight, M|100\/100 par
|-ability|p1a: Raven|Pressure
|
|upkeep
|turn|30
|
|t:|1621716747
|move|p2a: Nidoqueen|Stealth Rock|p1a: Raven
|-sidestart|p1: EeveeGirl1380|move: Stealth Rock
|cant|p1a: Raven|par
|
|upkeep
|turn|31
|
|t:|1621716751
|switch|p2a: Zapdos|Zapdos|69\/100 brn
|cant|p1a: Raven|par
|
|-damage|p2a: Zapdos|63\/100 brn|[from] brn
|upkeep
|turn|32
|c|☆EeveeGirl1380|wow
|c|☆Coppersmith|reminds me of the
|
|t:|1621716768
|switch|p1a: Clefable|Clefable-Mega, M|49\/100 par
|-damage|p1a: Clefable|36\/100 par|[from] Stealth Rock
|-start|p1a: Clefable|typechange|Fairy\/Ghost|[silent]
|move|p2a: Zapdos|Roost|p2a: Zapdos
|-heal|p2a: Zapdos|100\/100 brn
|-singleturn|p2a: Zapdos|move: Roost
|
|-damage|p2a: Zapdos|94\/100 brn|[from] brn
|upkeep
|turn|33
|
|t:|1621716774
|move|p1a: Clefable|Soft-Boiled|p1a: Clefable
|-heal|p1a: Clefable|87\/100 par
|move|p2a: Zapdos|Volt Switch|p1a: Clefable
|-damage|p1a: Clefable|57\/100 par
|
|t:|1621716778
|switch|p2a: Hydreigon|Hydreigon, F|80\/100|[from]move: Volt Switch
|
|upkeep
|turn|34
|
|t:|1621716803
|switch|p2a: Nidoqueen|Nidoqueen, F|86\/100
|switch|p1a: Raven|Corviknight, M|100\/100 par
|-damage|p1a: Raven|88\/100 par|[from] Stealth Rock
|-ability|p1a: Raven|Pressure
|
|-heal|p1a: Raven|94\/100 par|[from] item: Leftovers
|upkeep
|turn|35
|
|t:|1621716809
|switch|p2a: Zapdos|Zapdos|94\/100 brn
|move|p1a: Raven|Defog|p2a: Zapdos
|-unboost|p2a: Zapdos|evasion|1
|-sideend|p1: EeveeGirl1380|Stealth Rock|[from] move: Defog|[of] p1a: Raven
|
|-heal|p1a: Raven|99\/100 par|[from] item: Leftovers
|-damage|p2a: Zapdos|88\/100 brn|[from] brn
|upkeep
|turn|36
|c|☆EeveeGirl1380|phew
|c|☆Coppersmith|buff corv
|
|t:|1621716835
|switch|p1a: Clefable|Clefable-Mega, M|57\/100 par
|-start|p1a: Clefable|typechange|Fairy\/Ghost|[silent]
|move|p2a: Zapdos|Volt Switch|p1a: Clefable
|-damage|p1a: Clefable|32\/100 par
|c|☆EeveeGirl1380|momentum
|
|t:|1621716842
|switch|p2a: Hydreigon|Hydreigon, F|80\/100|[from]move: Volt Switch
|
|upkeep
|turn|37
|
|t:|1621716853
|switch|p1a: Raven|Corviknight, M|99\/100 par
|-ability|p1a: Raven|Pressure
|move|p2a: Hydreigon|Nasty Plot|p2a: Hydreigon
|-boost|p2a: Hydreigon|spa|2
|
|-heal|p1a: Raven|100\/100 par|[from] item: Leftovers
|upkeep
|turn|38
|
|t:|1621716863
|switch|p2a: Zapdos|Zapdos|88\/100 brn
|move|p1a: Raven|Brave Bird|p2a: Zapdos
|-resisted|p2a: Zapdos
|-damage|p2a: Zapdos|69\/100 brn
|-damage|p1a: Raven|94\/100 par|[from] Recoil
|
|-heal|p1a: Raven|99\/100 par|[from] item: Leftovers
|-damage|p2a: Zapdos|63\/100 brn|[from] brn
|upkeep
|turn|39
|
|t:|1621716928
|switch|p1a: Squoop|Gastrodon-East, M|100\/100
|move|p2a: Zapdos|Roost|p2a: Zapdos
|-heal|p2a: Zapdos|100\/100 brn
|-singleturn|p2a: Zapdos|move: Roost
|
|-damage|p2a: Zapdos|94\/100 brn|[from] brn
|upkeep
|turn|40
|
|t:|1621716934
|switch|p2a: Hydreigon|Hydreigon, F|80\/100
|move|p1a: Squoop|Scald|p2a: Hydreigon
|-resisted|p2a: Hydreigon
|-damage|p2a: Hydreigon|67\/100
|-status|p2a: Hydreigon|brn
|
|-damage|p2a: Hydreigon|61\/100 brn|[from] brn
|upkeep
|turn|41
|
|t:|1621716940
|move|p2a: Hydreigon|Roost|p2a: Hydreigon
|-heal|p2a: Hydreigon|100\/100 brn
|-singleturn|p2a: Hydreigon|move: Roost
|move|p1a: Squoop|Clear Smog|p2a: Hydreigon
|-damage|p2a: Hydreigon|89\/100 brn
|-clearboost|p2a: Hydreigon
|
|-damage|p2a: Hydreigon|83\/100 brn|[from] brn
|upkeep
|turn|42
|
|t:|1621716955
|move|p2a: Hydreigon|Nasty Plot|p2a: Hydreigon
|-boost|p2a: Hydreigon|spa|2
|move|p1a: Squoop|Clear Smog|p2a: Hydreigon
|-damage|p2a: Hydreigon|71\/100 brn
|-clearboost|p2a: Hydreigon
|
|-damage|p2a: Hydreigon|65\/100 brn|[from] brn
|upkeep
|turn|43
|
|t:|1621716960
|move|p2a: Hydreigon|Roost|p2a: Hydreigon
|-heal|p2a: Hydreigon|100\/100 brn
|-singleturn|p2a: Hydreigon|move: Roost
|move|p1a: Squoop|Clear Smog|p2a: Hydreigon
|-damage|p2a: Hydreigon|89\/100 brn
|-clearboost|p2a: Hydreigon
|
|-damage|p2a: Hydreigon|82\/100 brn|[from] brn
|upkeep
|turn|44
|
|t:|1621716983
|switch|p1a: Zamazenta|Zamazenta-Crowned|84\/100
|-ability|p1a: Zamazenta|Dauntless Shield|boost
|-boost|p1a: Zamazenta|def|1
|move|p2a: Hydreigon|Nasty Plot|p2a: Hydreigon
|-boost|p2a: Hydreigon|spa|2
|
|-damage|p2a: Hydreigon|76\/100 brn|[from] brn
|upkeep
|turn|45
|
|t:|1621716995
|switch|p2a: Nidoqueen|Nidoqueen, F|86\/100
|move|p1a: Zamazenta|Close Combat|p2a: Nidoqueen
|-resisted|p2a: Nidoqueen
|-damage|p2a: Nidoqueen|62\/100
|-unboost|p1a: Zamazenta|def|1
|-unboost|p1a: Zamazenta|spd|1
|
|upkeep
|turn|46
|c|☆Coppersmith|oh right helmet is gone
|
|t:|1621717056
|switch|p2a: Buzzwole|Buzzwole|100\/100
|move|p1a: Zamazenta|Behemoth Bash|p2a: Buzzwole
|-damage|p2a: Buzzwole|74\/100
|-damage|p1a: Zamazenta|67\/100|[from] item: Rocky Helmet|[of] p2a: Buzzwole
|
|upkeep
|turn|47
|
|t:|1621717065
|switch|p1a: Squoop|Gastrodon-East, M|100\/100
|move|p2a: Buzzwole|Toxic|p1a: Squoop
|-status|p1a: Squoop|tox
|
|-damage|p1a: Squoop|94\/100 tox|[from] psn
|upkeep
|turn|48
|
|t:|1621717069
|switch|p2a: Hydreigon|Hydreigon, F|76\/100 brn
|move|p1a: Squoop|Scald|p2a: Hydreigon
|-resisted|p2a: Hydreigon
|-damage|p2a: Hydreigon|63\/100 brn
|
|-heal|p1a: Squoop|100\/100 tox|[from] item: Leftovers
|-damage|p2a: Hydreigon|57\/100 brn|[from] brn
|-damage|p1a: Squoop|88\/100 tox|[from] psn
|upkeep
|turn|49
|
|t:|1621717075
|switch|p1a: Zamazenta|Zamazenta-Crowned|67\/100
|-ability|p1a: Zamazenta|Dauntless Shield|boost
|-boost|p1a: Zamazenta|def|1
|move|p2a: Hydreigon|Roost|p2a: Hydreigon
|-heal|p2a: Hydreigon|100\/100 brn
|-singleturn|p2a: Hydreigon|move: Roost
|
|-damage|p2a: Hydreigon|94\/100 brn|[from] brn
|upkeep
|turn|50
|
|t:|1621717103
|switch|p2a: Buzzwole|Buzzwole|74\/100
|move|p1a: Zamazenta|Close Combat|p2a: Buzzwole
|-resisted|p2a: Buzzwole
|-damage|p2a: Buzzwole|59\/100
|-unboost|p1a: Zamazenta|def|1
|-unboost|p1a: Zamazenta|spd|1
|-damage|p1a: Zamazenta|50\/100|[from] item: Rocky Helmet|[of] p2a: Buzzwole
|
|upkeep
|turn|51
|
|t:|1621717122
|move|p1a: Zamazenta|Rest|p1a: Zamazenta
|-status|p1a: Zamazenta|slp|[from] move: Rest
|-heal|p1a: Zamazenta|100\/100 slp|[silent]
|move|p2a: Buzzwole|Roost|p2a: Buzzwole
|-heal|p2a: Buzzwole|100\/100
|-singleturn|p2a: Buzzwole|move: Roost
|
|upkeep
|turn|52
|
|t:|1621717223
|switch|p1a: Lando|Landorus-Therian, M|90\/100
|-ability|p1a: Lando|Intimidate|boost
|-unboost|p2a: Buzzwole|atk|1
|move|p2a: Buzzwole|Drain Punch|p1a: Lando
|-resisted|p1a: Lando
|-damage|p1a: Lando|76\/100
|
|upkeep
|turn|53
|
|t:|1621717231
|move|p1a: Lando|Stealth Rock|p2a: Buzzwole
|-sidestart|p2: Coppersmith|move: Stealth Rock
|move|p2a: Buzzwole|Ice Punch|p1a: Lando
|-supereffective|p1a: Lando
|-damage|p1a: Lando|4\/100
|
|upkeep
|turn|54
|c|☆EeveeGirl1380|dang
|
|t:|1621717258
|-zpower|p1a: Lando
|move|p1a: Lando|Supersonic Skystrike|p2a: Buzzwole|[zeffect]
|-supereffective|p2a: Buzzwole
|-damage|p2a: Buzzwole|0 fnt
|faint|p2a: Buzzwole
|
|upkeep
|c|☆EeveeGirl1380|wo
|
|t:|1621717268
|switch|p2a: Hydreigon|Hydreigon, F|94\/100 brn
|-damage|p2a: Hydreigon|82\/100 brn|[from] Stealth Rock
|turn|55
|
|t:|1621717285
|move|p2a: Hydreigon|Roost|p2a: Hydreigon
|-heal|p2a: Hydreigon|100\/100 brn
|-singleturn|p2a: Hydreigon|move: Roost
|move|p1a: Lando|Fly||[still]
|-prepare|p1a: Lando|Fly
|
|-damage|p2a: Hydreigon|94\/100 brn|[from] brn
|upkeep
|turn|56
|
|t:|1621717291
|switch|p2a: Zapdos|Zapdos|94\/100 brn
|-damage|p2a: Zapdos|70\/100 brn|[from] Stealth Rock
|move|p1a: Lando|Fly|p2a: Zapdos|[from]lockedmove
|-resisted|p2a: Zapdos
|-damage|p2a: Zapdos|39\/100 brn
|
|-damage|p2a: Zapdos|33\/100 brn|[from] brn
|upkeep
|turn|57
|c|☆EeveeGirl1380|wo
|
|t:|1621717301
|move|p1a: Lando|Fly||[still]
|-prepare|p1a: Lando|Fly
|move|p2a: Zapdos|Roost|p2a: Zapdos
|-heal|p2a: Zapdos|83\/100 brn
|-singleturn|p2a: Zapdos|move: Roost
|
|-damage|p2a: Zapdos|77\/100 brn|[from] brn
|upkeep
|turn|58
|
|t:|1621717303
|move|p1a: Lando|Fly|p2a: Zapdos|[from]lockedmove|[miss]
|-miss|p1a: Lando|p2a: Zapdos
|move|p2a: Zapdos|Defog|p1a: Lando
|-unboost|p1a: Lando|evasion|1
|-sideend|p2: Coppersmith|Stealth Rock|[from] move: Defog|[of] p2a: Zapdos
|
|-damage|p2a: Zapdos|71\/100 brn|[from] brn
|upkeep
|turn|59
|
|t:|1621717310
|move|p1a: Lando|Stealth Rock|p2a: Zapdos
|-sidestart|p2: Coppersmith|move: Stealth Rock
|move|p2a: Zapdos|Hurricane|p1a: Lando
|-crit|p1a: Lando
|-damage|p1a: Lando|0 fnt
|faint|p1a: Lando
|
|-damage|p2a: Zapdos|65\/100 brn|[from] brn
|upkeep
|
|t:|1621717319
|switch|p1a: Clefable|Clefable-Mega, M|32\/100 par
|-start|p1a: Clefable|typechange|Fairy\/Ghost|[silent]
|turn|60
|
|t:|1621717327
|move|p1a: Clefable|Soft-Boiled|p1a: Clefable
|-heal|p1a: Clefable|82\/100 par
|move|p2a: Zapdos|Roost|p2a: Zapdos
|-heal|p2a: Zapdos|100\/100 brn
|-singleturn|p2a: Zapdos|move: Roost
|
|-damage|p2a: Zapdos|94\/100 brn|[from] brn
|upkeep
|turn|61
|
|t:|1621717330
|move|p1a: Clefable|Heal Bell|p1a: Clefable
|-activate|p1a: Clefable|move: Heal Bell
|-curestatus|p1a: Clefable|par|[msg]
|-curestatus|p1: Raven|par|[msg]
|-curestatus|p1: Zamazenta|slp|[msg]
|-curestatus|p1: Squoop|tox|[msg]
|move|p2a: Zapdos|Defog|p1a: Clefable
|-unboost|p1a: Clefable|evasion|1
|-sideend|p2: Coppersmith|Stealth Rock|[from] move: Defog|[of] p2a: Zapdos
|
|-damage|p2a: Zapdos|88\/100 brn|[from] brn
|upkeep
|turn|62
|c|☆EeveeGirl1380|ah
|
|t:|1621717353
|move|p1a: Clefable|Knock Off|p2a: Zapdos
|-damage|p2a: Zapdos|77\/100 brn
|-status|p1a: Clefable|par|[from] ability: Static|[of] p2a: Zapdos
|move|p2a: Zapdos|Hurricane|p1a: Clefable
|-crit|p1a: Clefable
|-damage|p1a: Clefable|22\/100 par
|
|-damage|p2a: Zapdos|71\/100 brn|[from] brn
|upkeep
|turn|63
|c|☆EeveeGirl1380|dang
|
|t:|1621717366
|move|p1a: Clefable|Soft-Boiled|p1a: Clefable
|-heal|p1a: Clefable|73\/100 par
|move|p2a: Zapdos|Volt Switch|p1a: Clefable
|-damage|p1a: Clefable|45\/100 par
|c|☆EeveeGirl1380|#bitluck?
|
|t:|1621717386
|switch|p2a: Nidoqueen|Nidoqueen, F|62\/100|[from]move: Volt Switch
|
|upkeep
|turn|64
|
|t:|1621717397
|cant|p1a: Clefable|par
|move|p2a: Nidoqueen|Milk Drink|p2a: Nidoqueen
|-heal|p2a: Nidoqueen|100\/100
|
|upkeep
|turn|65
|c|☆Coppersmith|peculiar clef set
|
|t:|1621717411
|move|p1a: Clefable|Soft-Boiled|p1a: Clefable
|-heal|p1a: Clefable|95\/100 par
|move|p2a: Nidoqueen|Poison Jab|p1a: Clefable
|-damage|p1a: Clefable|77\/100 par
|
|upkeep
|turn|66
|c|☆EeveeGirl1380|yah, ausma's
|
|t:|1621717427
|move|p1a: Clefable|Heal Bell|p1a: Clefable
|-activate|p1a: Clefable|move: Heal Bell
|-curestatus|p1a: Clefable|par|[msg]
|move|p2a: Nidoqueen|Stealth Rock|p1a: Clefable
|-sidestart|p1: EeveeGirl1380|move: Stealth Rock
|
|upkeep
|turn|67
|
|t:|1621717432
|switch|p2a: Zapdos|Zapdos|71\/100 brn
|move|p1a: Clefable|Knock Off|p2a: Zapdos
|-damage|p2a: Zapdos|58\/100 brn
|
|-damage|p2a: Zapdos|52\/100 brn|[from] brn
|upkeep
|turn|68
|
|t:|1621717437
|move|p1a: Clefable|Soft-Boiled|p1a: Clefable
|-heal|p1a: Clefable|100\/100
|move|p2a: Zapdos|Roost|p2a: Zapdos
|-heal|p2a: Zapdos|100\/100 brn
|-singleturn|p2a: Zapdos|move: Roost
|
|-damage|p2a: Zapdos|94\/100 brn|[from] brn
|upkeep
|turn|69
|c|☆EeveeGirl1380|stall war
|c|☆EeveeGirl1380|not what i expected
|
|t:|1621717462
|move|p1a: Clefable|Knock Off|p2a: Zapdos
|-damage|p2a: Zapdos|81\/100 brn
|move|p2a: Zapdos|Hurricane|p1a: Clefable
|-damage|p1a: Clefable|58\/100
|
|-damage|p2a: Zapdos|75\/100 brn|[from] brn
|upkeep
|turn|70
|
|t:|1621717473
|move|p1a: Clefable|Knock Off|p2a: Zapdos
|-damage|p2a: Zapdos|62\/100 brn
|-status|p1a: Clefable|par|[from] ability: Static|[of] p2a: Zapdos
|move|p2a: Zapdos|Volt Switch|p1a: Clefable
|-damage|p1a: Clefable|29\/100 par
|
|t:|1621717481
|switch|p2a: Hydreigon|Hydreigon, F|94\/100 brn|[from]move: Volt Switch
|
|-damage|p2a: Hydreigon|88\/100 brn|[from] brn
|upkeep
|turn|71
|c|☆EeveeGirl1380|how did i know taht was gonna happen
|
|t:|1621717498
|switch|p2a: Nidoqueen|Nidoqueen, F|100\/100
|switch|p1a: Zamazenta|Zamazenta-Crowned|100\/100
|-damage|p1a: Zamazenta|97\/100|[from] Stealth Rock
|-ability|p1a: Zamazenta|Dauntless Shield|boost
|-boost|p1a: Zamazenta|def|1
|
|upkeep
|turn|72
|
|t:|1621717520
|switch|p1a: Raven|Corviknight, M|99\/100
|-damage|p1a: Raven|88\/100|[from] Stealth Rock
|-ability|p1a: Raven|Pressure
|move|p2a: Nidoqueen|Earthquake|p1a: Raven
|-immune|p1a: Raven
|
|-heal|p1a: Raven|94\/100|[from] item: Leftovers
|upkeep
|turn|73
|c|☆Coppersmith|yknow in the future, ill consider not doing bo3
|c|☆EeveeGirl1380|yeah
|
|t:|1621717534
|move|p2a: Nidoqueen|Stealth Rock||[still]
|-fail|p2a: Nidoqueen
|move|p1a: Raven|U-turn|p2a: Nidoqueen
|-resisted|p2a: Nidoqueen
|-damage|p2a: Nidoqueen|95\/100
|c|☆EeveeGirl1380|might be a good idea
|
|t:|1621717540
|switch|p1a: Clefable|Clefable-Mega, M|29\/100 par|[from]move: U-turn
|-damage|p1a: Clefable|17\/100 par|[from] Stealth Rock
|-start|p1a: Clefable|typechange|Fairy\/Ghost|[silent]
|
|upkeep
|turn|74
|
|t:|1621717543
|move|p1a: Clefable|Soft-Boiled|p1a: Clefable
|-heal|p1a: Clefable|67\/100 par
|move|p2a: Nidoqueen|Earthquake|p1a: Clefable
|-crit|p1a: Clefable
|-damage|p1a: Clefable|32\/100 par
|
|upkeep
|turn|75
|c|☆EeveeGirl1380|sheeesh
|
|t:|1621717550
|move|p1a: Clefable|Soft-Boiled|p1a: Clefable
|-heal|p1a: Clefable|82\/100 par
|move|p2a: Nidoqueen|Earthquake|p1a: Clefable
|-damage|p1a: Clefable|59\/100 par
|
|upkeep
|turn|76
|c|☆Coppersmith|#bitluck
|
|t:|1621717562
|switch|p2a: Hydreigon|Hydreigon, F|88\/100 brn
|move|p1a: Clefable|Will-O-Wisp|p2a: Hydreigon
|-hint|Since gen 7, Dark is immune to Prankster moves.
|-immune|p2a: Hydreigon
|
|-damage|p2a: Hydreigon|82\/100 brn|[from] brn
|upkeep
|turn|77
|
|t:|1621717581
|switch|p2a: Nidoqueen|Nidoqueen, F|95\/100
|switch|p1a: Raven|Corviknight, M|94\/100
|-damage|p1a: Raven|82\/100|[from] Stealth Rock
|-ability|p1a: Raven|Pressure
|
|-heal|p1a: Raven|88\/100|[from] item: Leftovers
|upkeep
|turn|78
|
|t:|1621717586
|switch|p2a: Zapdos|Zapdos|62\/100 brn
|move|p1a: Raven|Brave Bird|p2a: Zapdos
|-resisted|p2a: Zapdos
|-damage|p2a: Zapdos|43\/100 brn
|-status|p1a: Raven|par|[from] ability: Static|[of] p2a: Zapdos
|-damage|p1a: Raven|81\/100 par|[from] Recoil
|
|-heal|p1a: Raven|87\/100 par|[from] item: Leftovers
|-damage|p2a: Zapdos|37\/100 brn|[from] brn
|upkeep
|turn|79
|
|t:|1621717597
|move|p2a: Zapdos|Roost|p2a: Zapdos
|-heal|p2a: Zapdos|87\/100 brn
|-singleturn|p2a: Zapdos|move: Roost
|cant|p1a: Raven|par
|
|-heal|p1a: Raven|93\/100 par|[from] item: Leftovers
|-damage|p2a: Zapdos|81\/100 brn|[from] brn
|upkeep
|turn|80
|
|t:|1621717626
|switch|p1a: Squoop|Gastrodon-East, M|88\/100
|-damage|p1a: Squoop|82\/100|[from] Stealth Rock
|move|p2a: Zapdos|Volt Switch|p1a: Squoop
|-immune|p1a: Squoop
|
|-heal|p1a: Squoop|88\/100|[from] item: Leftovers
|-damage|p2a: Zapdos|75\/100 brn|[from] brn
|upkeep
|turn|81
|
|t:|1621717634
|switch|p2a: Hydreigon|Hydreigon, F|82\/100 brn
|move|p1a: Squoop|Recover|p1a: Squoop
|-heal|p1a: Squoop|100\/100
|
|-damage|p2a: Hydreigon|76\/100 brn|[from] brn
|upkeep
|turn|82
|
|t:|1621717638
|move|p2a: Hydreigon|Nasty Plot|p2a: Hydreigon
|-boost|p2a: Hydreigon|spa|2
|move|p1a: Squoop|Scald|p2a: Hydreigon
|-resisted|p2a: Hydreigon
|-damage|p2a: Hydreigon|62\/100 brn
|
|-damage|p2a: Hydreigon|56\/100 brn|[from] brn
|upkeep
|turn|83
|
|t:|1621717640
|move|p2a: Hydreigon|Roost|p2a: Hydreigon
|-heal|p2a: Hydreigon|100\/100 brn
|-singleturn|p2a: Hydreigon|move: Roost
|move|p1a: Squoop|Clear Smog|p2a: Hydreigon
|-damage|p2a: Hydreigon|89\/100 brn
|-clearboost|p2a: Hydreigon
|
|-damage|p2a: Hydreigon|83\/100 brn|[from] brn
|upkeep
|turn|84
|
|t:|1621717647
|move|p2a: Hydreigon|Nasty Plot|p2a: Hydreigon
|-boost|p2a: Hydreigon|spa|2
|move|p1a: Squoop|Clear Smog|p2a: Hydreigon
|-damage|p2a: Hydreigon|72\/100 brn
|-clearboost|p2a: Hydreigon
|
|-damage|p2a: Hydreigon|66\/100 brn|[from] brn
|upkeep
|turn|85
|c|☆EeveeGirl1380|lets play
|c|☆EeveeGirl1380|stallmons
|
|t:|1621717659
|move|p2a: Hydreigon|Roost|p2a: Hydreigon
|-heal|p2a: Hydreigon|100\/100 brn
|-singleturn|p2a: Hydreigon|move: Roost
|move|p1a: Squoop|Clear Smog|p2a: Hydreigon
|-damage|p2a: Hydreigon|90\/100 brn
|-clearboost|p2a: Hydreigon
|
|-damage|p2a: Hydreigon|84\/100 brn|[from] brn
|upkeep
|turn|86
|
|t:|1621717670
|switch|p1a: Zamazenta|Zamazenta-Crowned|97\/100
|-damage|p1a: Zamazenta|94\/100|[from] Stealth Rock
|-ability|p1a: Zamazenta|Dauntless Shield|boost
|-boost|p1a: Zamazenta|def|1
|move|p2a: Hydreigon|Nasty Plot|p2a: Hydreigon
|-boost|p2a: Hydreigon|spa|2
|
|-damage|p2a: Hydreigon|78\/100 brn|[from] brn
|upkeep
|turn|87
|
|t:|1621717679
|switch|p2a: Nidoqueen|Nidoqueen, F|95\/100
|move|p1a: Zamazenta|Behemoth Bash|p2a: Nidoqueen
|-damage|p2a: Nidoqueen|53\/100
|
|upkeep
|turn|88
|
|t:|1621717686
|move|p1a: Zamazenta|Howl|p1a: Zamazenta
|-boost|p1a: Zamazenta|atk|1
|move|p2a: Nidoqueen|Milk Drink|p2a: Nidoqueen
|-heal|p2a: Nidoqueen|100\/100
|
|upkeep
|turn|89
|
|t:|1621717692
|move|p1a: Zamazenta|Behemoth Bash|p2a: Nidoqueen
|-damage|p2a: Nidoqueen|32\/100
|move|p2a: Nidoqueen|Earthquake|p1a: Zamazenta
|-supereffective|p1a: Zamazenta
|-damage|p1a: Zamazenta|61\/100
|
|upkeep
|turn|90
|c|☆EeveeGirl1380|dng
|
|t:|1621717698
|move|p1a: Zamazenta|Behemoth Bash|p2a: Nidoqueen
|-damage|p2a: Nidoqueen|0 fnt
|faint|p2a: Nidoqueen
|
|upkeep
|
|t:|1621717700
|switch|p2a: Zapdos|Zapdos|75\/100 brn
|turn|91
|c|☆EeveeGirl1380|eating that up like a champ
|
|t:|1621717721
|move|p1a: Zamazenta|Behemoth Bash|p2a: Zapdos
|-resisted|p2a: Zapdos
|-damage|p2a: Zapdos|36\/100 brn
|move|p2a: Zapdos|Roost|p2a: Zapdos
|-heal|p2a: Zapdos|86\/100 brn
|-singleturn|p2a: Zapdos|move: Roost
|
|-damage|p2a: Zapdos|80\/100 brn|[from] brn
|upkeep
|turn|92
|c|☆EeveeGirl1380|i see
|
|t:|1621717728
|move|p1a: Zamazenta|Howl|p1a: Zamazenta
|-boost|p1a: Zamazenta|atk|1
|move|p2a: Zapdos|Hurricane|p1a: Zamazenta
|-damage|p1a: Zamazenta|24\/100
|
|-damage|p2a: Zapdos|74\/100 brn|[from] brn
|upkeep
|turn|93
|
|t:|1621717734
|move|p1a: Zamazenta|Rest|p1a: Zamazenta
|-status|p1a: Zamazenta|slp|[from] move: Rest
|-heal|p1a: Zamazenta|100\/100 slp|[silent]
|move|p2a: Zapdos|Volt Switch|p1a: Zamazenta
|-damage|p1a: Zamazenta|77\/100 slp
|
|t:|1621717737
|switch|p2a: Dhelmise|Dhelmise-Mega|67\/100|[from]move: Volt Switch
|-start|p2a: Dhelmise|typechange|Ghost\/Steel|[silent]
|-weather|PrimordialSea|[from] ability: Primordial Sea|[of] p2a: Dhelmise
|
|-weather|PrimordialSea|[upkeep]
|upkeep
|turn|94
|c|☆EeveeGirl1380|not great
|
|t:|1621717754
|switch|p1a: Squoop|Gastrodon-East, M|100\/100
|-damage|p1a: Squoop|94\/100|[from] Stealth Rock
|move|p2a: Dhelmise|Swords Dance|p2a: Dhelmise
|-boost|p2a: Dhelmise|atk|2
|
|-weather|PrimordialSea|[upkeep]
|-heal|p1a: Squoop|100\/100|[from] item: Leftovers
|upkeep
|turn|95
|c|☆EeveeGirl1380|thank goodness for squoop
|
|t:|1621717766
|move|p2a: Dhelmise|Poltergeist|p1a: Squoop
|-activate|p1a: Squoop|move: Poltergeist|Leftovers
|-damage|p1a: Squoop|11\/100
|move|p1a: Squoop|Earthquake|p2a: Dhelmise
|-supereffective|p2a: Dhelmise
|-damage|p2a: Dhelmise|8\/100
|
|-weather|PrimordialSea|[upkeep]
|-heal|p1a: Squoop|17\/100|[from] item: Leftovers
|upkeep
|turn|96
|c|☆EeveeGirl1380|ah darn it suoop
|j| Hematemesis
|
|t:|1621717799
|move|p2a: Dhelmise|Poltergeist|p1a: Squoop
|-activate|p1a: Squoop|move: Poltergeist|Leftovers
|-damage|p1a: Squoop|0 fnt
|faint|p1a: Squoop
|
|-weather|PrimordialSea|[upkeep]
|upkeep
|
|t:|1621717812
|switch|p1a: Zamazenta|Zamazenta-Crowned|77\/100 slp
|-damage|p1a: Zamazenta|74\/100 slp|[from] Stealth Rock
|-ability|p1a: Zamazenta|Dauntless Shield|boost
|-boost|p1a: Zamazenta|def|1
|turn|97
|c| Hematemesis|Wow my tarnished nicknames
|c|☆EeveeGirl1380|yes
|c|☆EeveeGirl1380|also
|c|☆EeveeGirl1380|squoop
|
|t:|1621717835
|cant|p1a: Zamazenta|slp
|move|p2a: Dhelmise|Poltergeist|p1a: Zamazenta
|-activate|p1a: Zamazenta|move: Poltergeist|Rusted Shield
|-damage|p1a: Zamazenta|13\/100 slp
|
|-weather|PrimordialSea|[upkeep]
|upkeep
|turn|98
|c|☆EeveeGirl1380|wait
|c|☆EeveeGirl1380|AH I FORGOT IT WAS SLEEPING
|
|t:|1621717848
|cant|p1a: Zamazenta|slp
|move|p2a: Dhelmise|Poltergeist|p1a: Zamazenta
|-activate|p1a: Zamazenta|move: Poltergeist|Rusted Shield
|-damage|p1a: Zamazenta|0 fnt
|faint|p1a: Zamazenta
|
|-weather|PrimordialSea|[upkeep]
|upkeep
|
|t:|1621717851
|switch|p1a: Helios|Volcarona, M|100\/100
|turn|99
|c|☆EeveeGirl1380|*shh
|
|t:|1621717857
|move|p1a: Helios|Bug Buzz|p2a: Dhelmise
|-resisted|p2a: Dhelmise
|-damage|p2a: Dhelmise|0 fnt
|faint|p2a: Dhelmise
|-weather|none
|
|upkeep
|
|t:|1621717860
|switch|p2a: Zapdos|Zapdos|74\/100 brn
|turn|100
|
|t:|1621717873
|move|p1a: Helios|Quiver Dance|p1a: Helios
|-boost|p1a: Helios|spa|1
|-boost|p1a: Helios|spd|1
|-boost|p1a: Helios|spe|1
|move|p2a: Zapdos|Hurricane|p1a: Helios
|-supereffective|p1a: Helios
|-damage|p1a: Helios|51\/100
|-start|p1a: Helios|confusion
|
|-damage|p2a: Zapdos|68\/100 brn|[from] brn
|upkeep
|turn|101
|c|☆EeveeGirl1380|not rigjht now
|
|t:|1621717880
|-activate|p1a: Helios|confusion
|-damage|p1a: Helios|47\/100|[from] confusion
|move|p2a: Zapdos|Hurricane|p1a: Helios|[miss]
|-miss|p2a: Zapdos|p1a: Helios
|
|-damage|p2a: Zapdos|62\/100 brn|[from] brn
|upkeep
|turn|102
|
|t:|1621717887
|-end|p1a: Helios|confusion
|move|p1a: Helios|Roost|p1a: Helios
|-heal|p1a: Helios|97\/100
|-singleturn|p1a: Helios|move: Roost
|move|p2a: Zapdos|Hurricane|p1a: Helios|[miss]
|-miss|p2a: Zapdos|p1a: Helios
|
|-damage|p2a: Zapdos|56\/100 brn|[from] brn
|upkeep
|turn|103
|
|t:|1621717892
|move|p1a: Helios|Quiver Dance|p1a: Helios
|-boost|p1a: Helios|spa|1
|-boost|p1a: Helios|spd|1
|-boost|p1a: Helios|spe|1
|move|p2a: Zapdos|Roost|p2a: Zapdos
|-heal|p2a: Zapdos|100\/100 brn
|-singleturn|p2a: Zapdos|move: Roost
|
|-damage|p2a: Zapdos|94\/100 brn|[from] brn
|upkeep
|turn|104
|j| BlazingHero657
|c|☆EeveeGirl1380|#luck
|
|t:|1621717904
|move|p1a: Helios|Quiver Dance|p1a: Helios
|-boost|p1a: Helios|spa|1
|-boost|p1a: Helios|spd|1
|-boost|p1a: Helios|spe|1
|move|p2a: Zapdos|Hurricane|p1a: Helios|[miss]
|-miss|p2a: Zapdos|p1a: Helios
|
|-damage|p2a: Zapdos|88\/100 brn|[from] brn
|upkeep
|turn|105
|c|☆EeveeGirl1380|wow
|c|☆EeveeGirl1380|uh
|c|☆EeveeGirl1380|im sorry
|
|t:|1621717914
|move|p1a: Helios|Quiver Dance|p1a: Helios
|-boost|p1a: Helios|spa|1
|-boost|p1a: Helios|spd|1
|-boost|p1a: Helios|spe|1
|move|p2a: Zapdos|Volt Switch|p1a: Helios
|-damage|p1a: Helios|88\/100
|-message|Coppersmith forfeited.
|
|win|EeveeGirl1380
|c|☆Coppersmith|its good
|c|☆EeveeGirl1380|gg
|c|☆Coppersmith|gg
|l| BlazingHero657
|l|☆EeveeGirl1380</script>
</div>
<div class="battle-log battle-log-inline"><div class="inner"><div class="battle-options"><div style="padding-top: 3px; padding-right: 3px; text-align: right"><button class="icon button" name="openBattleOptions" title="Options">Battle Options</button></div></div><div class="inner message-log"><div class="chat"><small>☆EeveeGirl1380 and ☆Coppersmith joined</small></div><div class=""><small>Format:</small> <br><strong>[Gen 8] M4A Suspect</strong></div><div class=""><small><em>HP Percentage Mod:</em> HP is shown in percentages</small></div><div class=""><small><em>Endless Battle Clause:</em> Forcing endless battles is banned</small></div><div class=""><small><em>OHKO Clause:</em> OHKO moves are banned</small></div><div class=""><small><em>Evasion Moves Clause:</em> Evasion moves are banned</small></div><div class=""><small><em>Species Clause:</em> Limit one of each Pokémon</small></div><div class=""><small><em>Dynamax Clause:</em> You cannot dynamax</small></div><div class=""><small><em>Sleep Clause Mod:</em> Limit one foe put to sleep</small></div><div class=""><small><em>Freeze Clause Mod:</em> Limit one foe frozen</small></div><div class="chat"><img src="https://www.smogon.com/forums/attachments/banner_2-png.302358/" height="65" width="381"></div><div class="spacer battle-history"><br></div><div class="battle-history"><small>Welcome to Megas for All!</small><br></div><div class="battle-history"><small>This is a National Dex-based format where we aim to give a new Mega Evolution to every Pokémon.</small><br></div><div class="battle-history"><small>Just like any official format, you can still only Mega Evolve one Pokémon per team!</small><br></div><div class="battle-history"><small>You can find our thread and metagame resources here:</small><br></div><div class="battle-history"><small>https://www.smogon.com/forums/threads/3671140/</small><br></div><div class="chat battle-history"><strong>EeveeGirl1380's team:</strong> <em style="color:#445566;display:block;">Zamazenta-Crowned / Volcarona / Corviknight / Gastrodon-East / Landorus-Therian / Clefable</em></div><div class="chat battle-history"><strong>Coppersmith's team:</strong> <em style="color:#445566;display:block;">Dhelmise / Hydreigon / Zapdos / Buzzwole / Slowbro / Nidoqueen</em></div><div class="chat"><small> Time to chill and +inkbug1 joined</small></div><div class="chat chatmessage-coppersmith"><strong style="color:#0aa445"><small>☆</small><span class="username" data-name="Coppersmith">Coppersmith</span>:</strong> <em>glhf</em></div><div class="chat"><small> IsoCon joined</small></div><div class="chat chatmessage-eeveegirl1380"><strong style="color:#7b6dd7"><small>☆</small><span class="username" data-name="EeveeGirl1380">EeveeGirl1380</span>:</strong> <em>u2</em></div><div class="spacer battle-history"><br></div><div class="battle-history">Battle started between EeveeGirl1380 and Coppersmith!<br></div><div class="spacer battle-history"><br></div><div class="battle-history">Go! Zamazenta (<strong>Zamazenta-Crowned</strong>)!<br></div><div class="spacer battle-history"><br></div><div class="battle-history">Coppersmith sent out <strong>Dhelmise</strong>!<br></div><div class="battle-history">[Zamazenta's Dauntless Shield]<br></div><div class="battle-history"><small>Zamazenta's Defense rose!</small><br></div><div class="spacer battle-history"><br></div><h2 class="battle-history">Turn 1</h2><div class="spacer battle-history"><br></div><div class="battle-history"><small>The opposing Dhelmise's Dhelmite is reacting to the Key Stone!</small><br>The opposing Dhelmise has Mega Evolved into Mega Dhelmise!<br></div><div class="battle-history">[The opposing Dhelmise's Primordial Sea]<br><small>A heavy rain began to fall!</small><br></div><div class="chat"><ul class="utilichart"><li class="result"><span class="col pokemonnamecol" style="white-space: nowrap">Dhelmise-Mega</span> <span class="col typecol"><img src="https://play.pokemonshowdown.com/sprites/types/Ghost.png" alt="Ghost" height="14" width="32"><img src="https://play.pokemonshowdown.com/sprites/types/Steel.png" alt="Steel" height="14" width="32"></span> <span style="float: left ; min-height: 26px"><span class="col abilitycol">Primordial Sea</span><span class="col abilitycol"></span></span><span style="float: left ; min-height: 26px"><span class="col statcol"><em>HP</em><br>70</span> <span class="col statcol"><em>Atk</em><br>151</span> <span class="col statcol"><em>Def</em><br>115</span> <span class="col statcol"><em>SpA</em><br>116</span> <span class="col statcol"><em>SpD</em><br>115</span> <span class="col statcol"><em>Spe</em><br>50</span> </span></li><li style="clear: both"></li></ul></div><div class="spacer battle-history"><br></div><div class="battle-history">Zamazenta used <strong>Behemoth Bash</strong>!<br></div><div class="battle-history"><small>It's not very effective...</small><br></div><div class="battle-history"><small>A critical hit!</small><br></div><div class="battle-history"><small>(The opposing Dhelmise lost 33% of its health!)</small><br></div><div class="spacer battle-history"><br></div><div class="battle-history">The opposing Dhelmise used <strong>Flip Turn</strong>!<br></div><div class="battle-history"><small>(Zamazenta lost 16% of its health!)</small><br></div><div class="spacer battle-history"><br></div><div class="battle-history"><small>The heavy rain has lifted!</small><br></div><div class="spacer battle-history"><br></div><div class="battle-history">Coppersmith withdrew Dhelmise!<br></div><div class="battle-history">Coppersmith sent out <strong>Slowbro</strong>!<br></div><div class="spacer battle-history"><br></div><h2 class="battle-history">Turn 2</h2><div class="spacer battle-history"><br></div><div class="battle-history">Zamazenta, come back!<br></div><div class="battle-history">Go! <strong>Clefable</strong>!<br></div><div class="spacer battle-history"><br></div><div class="battle-history">The opposing Slowbro used <strong>Future Sight</strong>!<br></div><div class="battle-history"><small>The opposing Slowbro foresaw an attack!</small><br></div><div class="spacer battle-history"><br></div><h2 class="battle-history">Turn 3</h2><div class="spacer battle-history"><br></div><div class="battle-history">Coppersmith withdrew Slowbro!<br></div><div class="battle-history">Coppersmith sent out <strong>Zapdos</strong>!<br></div><div class="spacer battle-history"><br></div><div class="battle-history"><small>Clefable's Clefabite is reacting to the Key Stone!</small><br>Clefable has Mega Evolved into Mega Clefable!<br></div><div class="chat"><ul class="utilichart"><li class="result"><span class="col pokemonnamecol" style="white-space: nowrap">Clefable-Mega</span> <span class="col typecol"><img src="https://play.pokemonshowdown.com/sprites/types/Fairy.png" alt="Fairy" height="14" width="32"><img src="https://play.pokemonshowdown.com/sprites/types/Ghost.png" alt="Ghost" height="14" width="32"></span> <span style="float: left ; min-height: 26px"><span class="col abilitycol">Prankster</span><span class="col abilitycol"></span></span><span style="float: left ; min-height: 26px"><span class="col statcol"><em>HP</em><br>95</span> <span class="col statcol"><em>Atk</em><br>80</span> <span class="col statcol"><em>Def</em><br>83</span> <span class="col statcol"><em>SpA</em><br>125</span> <span class="col statcol"><em>SpD</em><br>90</span> <span class="col statcol"><em>Spe</em><br>110</span> </span></li><li style="clear: both"></li></ul></div><div class="spacer battle-history"><br></div><div class="battle-history">Clefable used <strong>Knock Off</strong>!<br></div><div class="battle-history"><small>(The opposing Zapdos lost 18% of its health!)</small><br></div><div class="battle-history"><small>Clefable knocked off the opposing Zapdos's Heavy-Duty Boots!</small><br></div><div class="spacer battle-history"><br></div><h2 class="battle-history">Turn 4</h2><div class="spacer battle-history"><br></div><div class="battle-history">Clefable used <strong>Will-O-Wisp</strong>!<br></div><div class="battle-history"><small>The opposing Zapdos was burned!</small><br></div><div class="spacer battle-history"><br></div><div class="battle-history">The opposing Zapdos used <strong>Hurricane</strong>!<br></div><div class="battle-history"><small>(Clefable lost 42% of its health!)</small><br></div><div class="spacer battle-history"><br></div><div class="battle-history"><small>Clefable took the Future Sight attack!</small><br></div><div class="battle-history"><small>A critical hit!</small><br></div><div class="battle-history"><small>(Clefable lost 56% of its health!)</small><br></div><div class="battle-history"><small>The opposing Zapdos was hurt by its burn!</small><br></div><div class="spacer battle-history"><br></div><h2 class="battle-history">Turn 5</h2><div class="chat chatmessage-eeveegirl1380"><strong style="color:#7b6dd7"><small>☆</small><span class="username" data-name="EeveeGirl1380">EeveeGirl1380</span>:</strong> <em>that went well</em></div><div class="spacer battle-history"><br></div><div class="battle-history">Clefable used <strong>Soft-Boiled</strong>!<br></div><div class="battle-history"><small>Clefable had its HP restored.</small><br></div><div class="spacer battle-history"><br></div><div class="battle-history">The opposing Zapdos used <strong>Volt Switch</strong>!<br></div><div class="battle-history"><small>(Clefable lost 26% of its health!)</small><br></div><div class="spacer battle-history"><br></div><div class="battle-history">The opposing Zapdos went back to Coppersmith!<br></div><div class="battle-history">Coppersmith sent out <strong>Nidoqueen</strong>!<br></div><div class="spacer battle-history"><br></div><h2 class="battle-history">Turn 6</h2><div class="spacer battle-history"><br></div><div class="battle-history">Clefable used <strong>Soft-Boiled</strong>!<br></div><div class="battle-history"><small>Clefable had its HP restored.</small><br></div><div class="spacer battle-history"><br></div><div class="battle-history">The opposing Nidoqueen used <strong>Poison Jab</strong>!<br></div><div class="battle-history"><small>(Clefable lost 18% of its health!)</small><br></div><div class="spacer battle-history"><br></div><h2 class="battle-history">Turn 7</h2><div class="chat chatmessage-eeveegirl1380"><strong style="color:#7b6dd7"><small>☆</small><span class="username" data-name="EeveeGirl1380">EeveeGirl1380</span>:</strong> <em>wow</em></div><div class="chat chatmessage-eeveegirl1380"><strong style="color:#7b6dd7"><small>☆</small><span class="username" data-name="EeveeGirl1380">EeveeGirl1380</span>:</strong> <em>that was</em></div><div class="spacer battle-history"><br></div><div class="battle-history">Clefable used <strong>Soft-Boiled</strong>!<br></div><div class="battle-history"><small>Clefable had its HP restored.</small><br></div><div class="spacer battle-history"><br></div><div class="battle-history">The opposing Nidoqueen used <strong>Poison Jab</strong>!<br></div><div class="battle-history"><small>(Clefable lost 18% of its health!)</small><br></div><div class="spacer battle-history"><br></div><h2 class="battle-history">Turn 8</h2><div class="spacer battle-history"><br></div><div class="battle-history">Clefable used <strong>Knock Off</strong>!<br></div><div class="battle-history"><small>(The opposing Nidoqueen lost 14% of its health!)</small><br></div><div class="battle-history"><small>Clefable was hurt by the Rocky Helmet!</small><br></div><div class="battle-history"><small>Clefable knocked off the opposing Nidoqueen's Rocky Helmet!</small><br></div><div class="spacer battle-history"><br></div><div class="battle-history">The opposing Nidoqueen used <strong>Poison Jab</strong>!<br></div><div class="battle-history"><small>(Clefable lost 19% of its health!)</small><br></div><div class="spacer battle-history"><br></div><h2 class="battle-history">Turn 9</h2><div class="spacer battle-history"><br></div><div class="battle-history">Clefable, come back!<br></div><div class="battle-history">Go! Lando (<strong>Landorus-Therian</strong>)!<br></div><div class="battle-history">[Lando's Intimidate]<br></div><div class="battle-history"><small>The opposing Nidoqueen's Attack fell!</small><br></div><div class="spacer battle-history"><br></div><div class="battle-history">The opposing Nidoqueen used <strong>Poison Jab</strong>!<br></div><div class="battle-history"><small>It's not very effective...</small><br></div><div class="battle-history"><small>(Lando lost 10% of its health!)</small><br></div><div class="spacer battle-history"><br></div><h2 class="battle-history">Turn 10</h2><div class="chat chatmessage-coppersmith"><strong style="color:#0aa445"><small>☆</small><span class="username" data-name="Coppersmith">Coppersmith</span>:</strong> <em>how are you so good at dodging static/poison point</em></div><div class="spacer battle-history"><br></div><div class="battle-history">Lando, come back!<br></div><div class="battle-history">Go! Raven (<strong>Corviknight</strong>)!<br></div><div class="battle-history">[Raven's Pressure]<br><small>Raven is exerting its pressure!</small><br></div><div class="spacer battle-history"><br></div><div class="battle-history">Coppersmith withdrew Nidoqueen!<br></div><div class="battle-history">Coppersmith sent out <strong>Zapdos</strong>!<br></div><div class="spacer battle-history"><br></div><div class="battle-history"><small>The opposing Zapdos was hurt by its burn!</small><br></div><div class="spacer battle-history"><br></div><h2 class="battle-history">Turn 11</h2><div class="chat chatmessage-eeveegirl1380"><strong style="color:#7b6dd7"><small>☆</small><span class="username" data-name="EeveeGirl1380">EeveeGirl1380</span>:</strong> <em>i dunno</em></div><div class="chat chatmessage-eeveegirl1380"><strong style="color:#7b6dd7"><small>☆</small><span class="username" data-name="EeveeGirl1380">EeveeGirl1380</span>:</strong> <em>magic</em></div><div class="chat chatmessage-isocon"><strong style="color:#616adf"><small> </small><span class="username" data-name="IsoCon">IsoCon</span>:</strong> <em>#EeveeGirlLuck</em></div><div class="chat chatmessage-eeveegirl1380"><strong style="color:#7b6dd7"><small>☆</small><span class="username" data-name="EeveeGirl1380">EeveeGirl1380</span>:</strong> <em>XD</em></div><div class="chat chatmessage-eeveegirl1380"><strong style="color:#7b6dd7"><small>☆</small><span class="username" data-name="EeveeGirl1380">EeveeGirl1380</span>:</strong> <em>#eeveeluck</em></div><div class="spacer battle-history"><br></div><div class="battle-history">Raven, come back!<br></div><div class="battle-history">Go! Squoop (<strong>Gastrodon-East</strong>)!<br></div><div class="spacer battle-history"><br></div><div class="battle-history">The opposing Zapdos used <strong>Roost</strong>!<br></div><div class="battle-history"><small>The opposing Zapdos had its HP restored.</small><br></div><div class="battle-history"><small>(The opposing Zapdos loses Flying type this turn.)</small><br></div><div class="spacer battle-history"><br></div><div class="battle-history"><small>The opposing Zapdos was hurt by its burn!</small><br></div><div class="spacer battle-history"><br></div><h2 class="battle-history">Turn 12</h2><div class="spacer battle-history"><br></div><div class="battle-history">Coppersmith withdrew Zapdos!<br></div><div class="battle-history">Coppersmith sent out <strong>Slowbro</strong>!<br></div><div class="spacer battle-history"><br></div><div class="battle-history">Squoop, come back!<br></div><div class="battle-history">Go! Raven (<strong>Corviknight</strong>)!<br></div><div class="battle-history">[Raven's Pressure]<br><small>Raven is exerting its pressure!</small><br></div><div class="spacer battle-history"><br></div><h2 class="battle-history">Turn 13</h2><div class="spacer battle-history"><br></div><div class="battle-history">Raven used <strong>U-turn</strong>!<br></div><div class="battle-history"><small>It's super effective!</small><br></div><div class="battle-history"><small>(The opposing Slowbro lost 17% of its health!)</small><br></div><div class="spacer battle-history"><br></div><div class="battle-history">Raven went back to EeveeGirl1380!<br></div><div class="battle-history">Go! Clefable (<strong>Clefable-Mega</strong>)!<br></div><div class="spacer battle-history"><br></div><div class="battle-history">The opposing Slowbro used <strong>Future Sight</strong>!<br></div><div class="battle-history"><small>The opposing Slowbro foresaw an attack!</small><br></div><div class="spacer battle-history"><br></div><h2 class="battle-history">Turn 14</h2><div class="spacer battle-history"><br></div><div class="battle-history">Coppersmith withdrew Slowbro!<br></div><div class="battle-history">Coppersmith sent out <strong>Zapdos</strong>!<br></div><div class="spacer battle-history"><br></div><div class="battle-history">Clefable used <strong>Soft-Boiled</strong>!<br></div><div class="battle-history"><small>Clefable had its HP restored.</small><br></div><div class="spacer battle-history"><br></div><div class="battle-history"><small>The opposing Zapdos was hurt by its burn!</small><br></div><div class="spacer battle-history"><br></div><h2 class="battle-history">Turn 15</h2><div class="spacer battle-history"><br></div><div class="battle-history">Clefable used <strong>Knock Off</strong>!<br></div><div class="battle-history"><small>(The opposing Zapdos lost 11% of its health!)</small><br></div><div class="battle-history">[The opposing Zapdos's Static]<br><small>Clefable is paralyzed! It may be unable to move!</small><br></div><div class="spacer battle-history"><br></div><div class="battle-history">The opposing Zapdos used <strong>Hurricane</strong>!<br></div><div class="battle-history"><small>(Clefable lost 45% of its health!)</small><br></div><div class="spacer battle-history"><br></div><div class="battle-history"><small>Clefable took the Future Sight attack!</small><br></div><div class="battle-history"><small>(Clefable lost 42% of its health!)</small><br></div><div class="battle-history"><small>The opposing Zapdos was hurt by its burn!</small><br></div><div class="spacer battle-history"><br></div><h2 class="battle-history">Turn 16</h2><div class="chat chatmessage-eeveegirl1380"><strong style="color:#7b6dd7"><small>☆</small><span class="username" data-name="EeveeGirl1380">EeveeGirl1380</span>:</strong> <em>ah</em></div><div class="spacer battle-history"><br></div><div class="battle-history">Clefable used <strong>Soft-Boiled</strong>!<br></div><div class="battle-history"><small>Clefable had its HP restored.</small><br></div><div class="spacer battle-history"><br></div><div class="battle-history">The opposing Zapdos used <strong>Hurricane</strong>!<br></div><div class="battle-history"><small>(Clefable lost 47% of its health!)</small><br></div><div class="spacer battle-history"><br></div><div class="battle-history"><small>The opposing Zapdos was hurt by its burn!</small><br></div><div class="spacer battle-history"><br></div><h2 class="battle-history">Turn 17</h2><div class="spacer battle-history"><br></div><div class="battle-history">Clefable used <strong>Soft-Boiled</strong>!<br></div><div class="battle-history"><small>Clefable had its HP restored.</small><br></div><div class="spacer battle-history"><br></div><div class="battle-history">The opposing Zapdos used <strong>Hurricane</strong>!<br></div><div class="battle-history"><small>(Clefable lost 47% of its health!)</small><br></div><div class="spacer battle-history"><br></div><div class="battle-history"><small>The opposing Zapdos was hurt by its burn!</small><br></div><div class="spacer battle-history"><br></div><h2 class="battle-history">Turn 18</h2><div class="spacer battle-history"><br></div><div class="battle-history">Clefable used <strong>Soft-Boiled</strong>!<br></div><div class="battle-history"><small>Clefable had its HP restored.</small><br></div><div class="spacer battle-history"><br></div><div class="battle-history">The opposing Zapdos used <strong>Hurricane</strong>!<br></div><div class="battle-history"><small>(Clefable lost 45% of its health!)</small><br></div><div class="spacer battle-history"><br></div><div class="battle-history"><small>The opposing Zapdos was hurt by its burn!</small><br></div><div class="spacer battle-history"><br></div><h2 class="battle-history">Turn 19</h2><div class="spacer battle-history"><br></div><div class="battle-history">Clefable used <strong>Soft-Boiled</strong>!<br></div><div class="battle-history"><small>Clefable had its HP restored.</small><br></div><div class="spacer battle-history"><br></div><div class="battle-history">The opposing Zapdos used <strong>Roost</strong>!<br></div><div class="battle-history"><small>The opposing Zapdos had its HP restored.</small><br></div><div class="battle-history"><small>(The opposing Zapdos loses Flying type this turn.)</small><br></div><div class="spacer battle-history"><br></div><div class="battle-history"><small>The opposing Zapdos was hurt by its burn!</small><br></div><div class="spacer battle-history"><br></div><h2 class="battle-history">Turn 20</h2><div class="chat"><small> exploziff joined</small></div><div class="spacer battle-history"><br></div><div class="battle-history">Clefable is paralyzed! It can't move!<br></div><div class="spacer battle-history"><br></div><div class="battle-history">The opposing Zapdos used <strong>Hurricane</strong>!<br></div><div class="battle-history"><small>(Clefable lost 46% of its health!)</small><br></div><div class="spacer battle-history"><br></div><div class="battle-history"><small>The opposing Zapdos was hurt by its burn!</small><br></div><div class="spacer battle-history"><br></div><h2 class="battle-history">Turn 21</h2><div class="chat chatmessage-eeveegirl1380"><strong style="color:#7b6dd7"><small>☆</small><span class="username" data-name="EeveeGirl1380">EeveeGirl1380</span>:</strong> <em>i see</em></div><div class="spacer battle-history"><br></div><div class="battle-history">Clefable, come back!<br></div><div class="battle-history">Go! Raven (<strong>Corviknight</strong>)!<br></div><div class="battle-history">[Raven's Pressure]<br><small>Raven is exerting its pressure!</small><br></div><div class="spacer battle-history"><br></div><div class="battle-history">The opposing Zapdos used <strong>Hurricane</strong>!<br></div><div class="battle-history"><small>Raven avoided the attack!</small><br></div><div class="spacer battle-history"><br></div><div class="battle-history"><small>The opposing Zapdos was hurt by its burn!</small><br></div><div class="spacer battle-history"><br></div><h2 class="battle-history">Turn 22</h2><div class="spacer battle-history"><br></div><div class="battle-history">Coppersmith withdrew Zapdos!<br></div><div class="battle-history">Coppersmith sent out <strong>Slowbro</strong>!<br></div><div class="spacer battle-history"><br></div><div class="battle-history">Raven used <strong>U-turn</strong>!<br></div><div class="battle-history"><small>It's super effective!</small><br></div><div class="battle-history"><small>(The opposing Slowbro lost 17% of its health!)</small><br></div><div class="spacer battle-history"><br></div><div class="battle-history">Raven went back to EeveeGirl1380!<br></div><div class="battle-history">Go! Helios (<strong>Volcarona</strong>)!<br></div><div class="spacer battle-history"><br></div><h2 class="battle-history">Turn 23</h2><div class="spacer battle-history"><br></div><div class="battle-history">Helios used <strong>Bug Buzz</strong>!<br></div><div class="battle-history"><small>It's super effective!</small><br></div><div class="battle-history"><small>(The opposing Slowbro lost 83% of its health!)</small><br></div><div class="spacer battle-history"><br></div><div class="battle-history">The opposing Slowbro fainted!<br></div><div class="spacer battle-history"><br></div><div class="battle-history">Coppersmith sent out Dhelmise (<strong>Dhelmise-Mega</strong>)!<br></div><div class="battle-history">[The opposing Dhelmise's Primordial Sea]<br><small>A heavy rain began to fall!</small><br></div><div class="spacer battle-history"><br></div><h2 class="battle-history">Turn 24</h2><div class="chat chatmessage-eeveegirl1380"><strong style="color:#7b6dd7"><small>☆</small><span class="username" data-name="EeveeGirl1380">EeveeGirl1380</span>:</strong> <em>heavy counterplay alert</em></div><div class="chat chatmessage-isocon"><strong style="color:#616adf"><small> </small><span class="username" data-name="IsoCon">IsoCon</span>:</strong> <em>thats the first hurricane missed in a while</em></div><div class="spacer battle-history"><br></div><div class="battle-history">Helios, come back!<br></div><div class="battle-history">Go! Squoop (<strong>Gastrodon-East</strong>)!<br></div><div class="spacer battle-history"><br></div><div class="battle-history">The opposing Dhelmise used <strong>Flip Turn</strong>!<br></div><div class="battle-history">[Squoop's Storm Drain]<br></div><div class="battle-history"><small>Squoop's Sp. Atk rose!</small><br></div><div class="spacer battle-history"><br></div><h2 class="battle-history">Turn 25</h2><div class="chat chatmessage-eeveegirl1380"><strong style="color:#7b6dd7"><small>☆</small><span class="username" data-name="EeveeGirl1380">EeveeGirl1380</span>:</strong> <em>ooh</em></div><div class="spacer battle-history"><br></div><div class="battle-history"><small>The heavy rain has lifted!</small><br></div><div class="spacer battle-history"><br></div><div class="battle-history">Coppersmith withdrew Dhelmise!<br></div><div class="battle-history">Coppersmith sent out <strong>Hydreigon</strong>!<br></div><div class="spacer battle-history"><br></div><div class="battle-history">Squoop used <strong>Scald</strong>!<br></div><div class="battle-history"><small>It's not very effective...</small><br></div><div class="battle-history"><small>(The opposing Hydreigon lost 20% of its health!)</small><br></div><div class="spacer battle-history"><br></div><h2 class="battle-history">Turn 26</h2><div class="spacer battle-history"><br></div><div class="battle-history">Squoop, come back!<br></div><div class="battle-history">Go! Raven (<strong>Corviknight</strong>)!<br></div><div class="battle-history">[Raven's Pressure]<br><small>Raven is exerting its pressure!</small><br></div><div class="spacer battle-history"><br></div><div class="battle-history">The opposing Hydreigon used <strong>Nasty Plot</strong>!<br></div><div class="battle-history"><small>The opposing Hydreigon's Sp. Atk rose sharply!</small><br></div><div class="spacer battle-history"><br></div><h2 class="battle-history">Turn 27</h2><div class="spacer battle-history"><br></div><div class="battle-history">Coppersmith withdrew Hydreigon!<br></div><div class="battle-history">Coppersmith sent out <strong>Zapdos</strong>!<br></div><div class="spacer battle-history"><br></div><div class="battle-history">Raven used <strong>U-turn</strong>!<br></div><div class="battle-history"><small>It's not very effective...</small><br></div><div class="battle-history"><small>(The opposing Zapdos lost 7% of its health!)</small><br></div><div class="battle-history">[The opposing Zapdos's Static]<br><small>Raven is paralyzed! It may be unable to move!</small><br></div><div class="chat chatmessage-eeveegirl1380"><strong style="color:#7b6dd7"><small>☆</small><span class="username" data-name="EeveeGirl1380">EeveeGirl1380</span>:</strong> <em>ah</em></div><div class="spacer battle-history"><br></div><div class="battle-history">Raven went back to EeveeGirl1380!<br></div><div class="battle-history">Go! Clefable (<strong>Clefable-Mega</strong>)!<br></div><div class="spacer battle-history"><br></div><div class="battle-history"><small>The opposing Zapdos was hurt by its burn!</small><br></div><div class="spacer battle-history"><br></div><h2 class="battle-history">Turn 28</h2><div class="spacer battle-history"><br></div><div class="battle-history">Clefable used <strong>Soft-Boiled</strong>!<br></div><div class="battle-history"><small>Clefable had its HP restored.</small><br></div><div class="spacer battle-history"><br></div><div class="battle-history">The opposing Zapdos used <strong>Volt Switch</strong>!<br></div><div class="battle-history"><small>(Clefable lost 27% of its health!)</small><br></div><div class="spacer battle-history"><br></div><div class="battle-history">The opposing Zapdos went back to Coppersmith!<br></div><div class="battle-history">Coppersmith sent out <strong>Hydreigon</strong>!<br></div><div class="spacer battle-history"><br></div><h2 class="battle-history">Turn 29</h2><div class="spacer battle-history"><br></div><div class="battle-history">Coppersmith withdrew Hydreigon!<br></div><div class="battle-history">Coppersmith sent out <strong>Nidoqueen</strong>!<br></div><div class="spacer battle-history"><br></div><div class="battle-history">Clefable, come back!<br></div><div class="battle-history">Go! Raven (<strong>Corviknight</strong>)!<br></div><div class="battle-history">[Raven's Pressure]<br><small>Raven is exerting its pressure!</small><br></div><div class="spacer battle-history"><br></div><h2 class="battle-history">Turn 30</h2><div class="spacer battle-history"><br></div><div class="battle-history">The opposing Nidoqueen used <strong>Stealth Rock</strong>!<br></div><div class="battle-history"><small>Pointed stones float in the air around your team!</small><br></div><div class="spacer battle-history"><br></div><div class="battle-history">Raven is paralyzed! It can't move!<br></div><div class="spacer battle-history"><br></div><h2 class="battle-history">Turn 31</h2><div class="spacer battle-history"><br></div><div class="battle-history">Coppersmith withdrew Nidoqueen!<br></div><div class="battle-history">Coppersmith sent out <strong>Zapdos</strong>!<br></div><div class="spacer battle-history"><br></div><div class="battle-history">Raven is paralyzed! It can't move!<br></div><div class="spacer battle-history"><br></div><div class="battle-history"><small>The opposing Zapdos was hurt by its burn!</small><br></div><div class="spacer battle-history"><br></div><h2 class="battle-history">Turn 32</h2><div class="chat chatmessage-eeveegirl1380"><strong style="color:#7b6dd7"><small>☆</small><span class="username" data-name="EeveeGirl1380">EeveeGirl1380</span>:</strong> <em>wow</em></div><div class="chat chatmessage-coppersmith"><strong style="color:#0aa445"><small>☆</small><span class="username" data-name="Coppersmith">Coppersmith</span>:</strong> <em>reminds me of the</em></div><div class="spacer battle-history"><br></div><div class="battle-history">Raven, come back!<br></div><div class="battle-history">Go! Clefable (<strong>Clefable-Mega</strong>)!<br></div><div class="battle-history"><small>Pointed stones dug into Clefable!</small><br></div><div class="spacer battle-history"><br></div><div class="battle-history">The opposing Zapdos used <strong>Roost</strong>!<br></div><div class="battle-history"><small>The opposing Zapdos had its HP restored.</small><br></div><div class="battle-history"><small>(The opposing Zapdos loses Flying type this turn.)</small><br></div><div class="spacer battle-history"><br></div><div class="battle-history"><small>The opposing Zapdos was hurt by its burn!</small><br></div><div class="spacer battle-history"><br></div><h2 class="battle-history">Turn 33</h2><div class="spacer battle-history"><br></div><div class="battle-history">Clefable used <strong>Soft-Boiled</strong>!<br></div><div class="battle-history"><small>Clefable had its HP restored.</small><br></div><div class="spacer battle-history"><br></div><div class="battle-history">The opposing Zapdos used <strong>Volt Switch</strong>!<br></div><div class="battle-history"><small>(Clefable lost 30% of its health!)</small><br></div><div class="spacer battle-history"><br></div><div class="battle-history">The opposing Zapdos went back to Coppersmith!<br></div><div class="battle-history">Coppersmith sent out <strong>Hydreigon</strong>!<br></div><div class="spacer battle-history"><br></div><h2 class="battle-history">Turn 34</h2><div class="spacer battle-history"><br></div><div class="battle-history">Coppersmith withdrew Hydreigon!<br></div><div class="battle-history">Coppersmith sent out <strong>Nidoqueen</strong>!<br></div><div class="spacer battle-history"><br></div><div class="battle-history">Clefable, come back!<br></div><div class="battle-history">Go! Raven (<strong>Corviknight</strong>)!<br></div><div class="battle-history"><small>Pointed stones dug into Raven!</small><br></div><div class="battle-history">[Raven's Pressure]<br><small>Raven is exerting its pressure!</small><br></div><div class="spacer battle-history"><br></div><div class="battle-history"><small>Raven restored a little HP using its Leftovers!</small><br></div><div class="spacer battle-history"><br></div><h2 class="battle-history">Turn 35</h2><div class="spacer battle-history"><br></div><div class="battle-history">Coppersmith withdrew Nidoqueen!<br></div><div class="battle-history">Coppersmith sent out <strong>Zapdos</strong>!<br></div><div class="spacer battle-history"><br></div><div class="battle-history">Raven used <strong>Defog</strong>!<br></div><div class="battle-history"><small>The opposing Zapdos's evasiveness fell!</small><br></div><div class="battle-history"><small>The pointed stones disappeared from around your team!</small><br></div><div class="spacer battle-history"><br></div><div class="battle-history"><small>Raven restored a little HP using its Leftovers!</small><br></div><div class="battle-history"><small>The opposing Zapdos was hurt by its burn!</small><br></div><div class="spacer battle-history"><br></div><h2 class="battle-history">Turn 36</h2><div class="chat chatmessage-eeveegirl1380"><strong style="color:#7b6dd7"><small>☆</small><span class="username" data-name="EeveeGirl1380">EeveeGirl1380</span>:</strong> <em>phew</em></div><div class="chat chatmessage-coppersmith"><strong style="color:#0aa445"><small>☆</small><span class="username" data-name="Coppersmith">Coppersmith</span>:</strong> <em>buff corv</em></div><div class="spacer battle-history"><br></div><div class="battle-history">Raven, come back!<br></div><div class="battle-history">Go! Clefable (<strong>Clefable-Mega</strong>)!<br></div><div class="spacer battle-history"><br></div><div class="battle-history">The opposing Zapdos used <strong>Volt Switch</strong>!<br></div><div class="battle-history"><small>(Clefable lost 25% of its health!)</small><br></div><div class="chat chatmessage-eeveegirl1380"><strong style="color:#7b6dd7"><small>☆</small><span class="username" data-name="EeveeGirl1380">EeveeGirl1380</span>:</strong> <em>momentum</em></div><div class="spacer battle-history"><br></div><div class="battle-history">The opposing Zapdos went back to Coppersmith!<br></div><div class="battle-history">Coppersmith sent out <strong>Hydreigon</strong>!<br></div><div class="spacer battle-history"><br></div><h2 class="battle-history">Turn 37</h2><div class="spacer battle-history"><br></div><div class="battle-history">Clefable, come back!<br></div><div class="battle-history">Go! Raven (<strong>Corviknight</strong>)!<br></div><div class="battle-history">[Raven's Pressure]<br><small>Raven is exerting its pressure!</small><br></div><div class="spacer battle-history"><br></div><div class="battle-history">The opposing Hydreigon used <strong>Nasty Plot</strong>!<br></div><div class="battle-history"><small>The opposing Hydreigon's Sp. Atk rose sharply!</small><br></div><div class="spacer battle-history"><br></div><div class="battle-history"><small>Raven restored a little HP using its Leftovers!</small><br></div><div class="spacer battle-history"><br></div><h2 class="battle-history">Turn 38</h2><div class="spacer battle-history"><br></div><div class="battle-history">Coppersmith withdrew Hydreigon!<br></div><div class="battle-history">Coppersmith sent out <strong>Zapdos</strong>!<br></div><div class="spacer battle-history"><br></div><div class="battle-history">Raven used <strong>Brave Bird</strong>!<br></div><div class="battle-history"><small>It's not very effective...</small><br></div><div class="battle-history"><small>(The opposing Zapdos lost 19% of its health!)</small><br></div><div class="battle-history"><small>Raven was damaged by the recoil!</small><br></div><div class="spacer battle-history"><br></div><div class="battle-history"><small>Raven restored a little HP using its Leftovers!</small><br></div><div class="battle-history"><small>The opposing Zapdos was hurt by its burn!</small><br></div><div class="spacer battle-history"><br></div><h2 class="battle-history">Turn 39</h2><div class="spacer battle-history"><br></div><div class="battle-history">Raven, come back!<br></div><div class="battle-history">Go! Squoop (<strong>Gastrodon-East</strong>)!<br></div><div class="spacer battle-history"><br></div><div class="battle-history">The opposing Zapdos used <strong>Roost</strong>!<br></div><div class="battle-history"><small>The opposing Zapdos had its HP restored.</small><br></div><div class="battle-history"><small>(The opposing Zapdos loses Flying type this turn.)</small><br></div><div class="spacer battle-history"><br></div><div class="battle-history"><small>The opposing Zapdos was hurt by its burn!</small><br></div><div class="spacer battle-history"><br></div><h2 class="battle-history">Turn 40</h2><div class="spacer battle-history"><br></div><div class="battle-history">Coppersmith withdrew Zapdos!<br></div><div class="battle-history">Coppersmith sent out <strong>Hydreigon</strong>!<br></div><div class="spacer battle-history"><br></div><div class="battle-history">Squoop used <strong>Scald</strong>!<br></div><div class="battle-history"><small>It's not very effective...</small><br></div><div class="battle-history"><small>(The opposing Hydreigon lost 13% of its health!)</small><br></div><div class="battle-history"><small>The opposing Hydreigon was burned!</small><br></div><div class="spacer battle-history"><br></div><div class="battle-history"><small>The opposing Hydreigon was hurt by its burn!</small><br></div><div class="spacer battle-history"><br></div><h2 class="battle-history">Turn 41</h2><div class="spacer battle-history"><br></div><div class="battle-history">The opposing Hydreigon used <strong>Roost</strong>!<br></div><div class="battle-history"><small>The opposing Hydreigon had its HP restored.</small><br></div><div class="spacer battle-history"><br></div><div class="battle-history">Squoop used <strong>Clear Smog</strong>!<br></div><div class="battle-history"><small>(The opposing Hydreigon lost 11% of its health!)</small><br></div><div class="battle-history"><small>The opposing Hydreigon's stat changes were removed!</small><br></div><div class="spacer battle-history"><br></div><div class="battle-history"><small>The opposing Hydreigon was hurt by its burn!</small><br></div><div class="spacer battle-history"><br></div><h2 class="battle-history">Turn 42</h2><div class="spacer battle-history"><br></div><div class="battle-history">The opposing Hydreigon used <strong>Nasty Plot</strong>!<br></div><div class="battle-history"><small>The opposing Hydreigon's Sp. Atk rose sharply!</small><br></div><div class="spacer battle-history"><br></div><div class="battle-history">Squoop used <strong>Clear Smog</strong>!<br></div><div class="battle-history"><small>(The opposing Hydreigon lost 12% of its health!)</small><br></div><div class="battle-history"><small>The opposing Hydreigon's stat changes were removed!</small><br></div><div class="spacer battle-history"><br></div><div class="battle-history"><small>The opposing Hydreigon was hurt by its burn!</small><br></div><div class="spacer battle-history"><br></div><h2 class="battle-history">Turn 43</h2><div class="spacer battle-history"><br></div><div class="battle-history">The opposing Hydreigon used <strong>Roost</strong>!<br></div><div class="battle-history"><small>The opposing Hydreigon had its HP restored.</small><br></div><div class="spacer battle-history"><br></div><div class="battle-history">Squoop used <strong>Clear Smog</strong>!<br></div><div class="battle-history"><small>(The opposing Hydreigon lost 11% of its health!)</small><br></div><div class="battle-history"><small>The opposing Hydreigon's stat changes were removed!</small><br></div><div class="spacer battle-history"><br></div><div class="battle-history"><small>The opposing Hydreigon was hurt by its burn!</small><br></div><div class="spacer battle-history"><br></div><h2 class="battle-history">Turn 44</h2><div class="spacer battle-history"><br></div><div class="battle-history">Squoop, come back!<br></div><div class="battle-history">Go! Zamazenta (<strong>Zamazenta-Crowned</strong>)!<br></div><div class="battle-history">[Zamazenta's Dauntless Shield]<br></div><div class="battle-history"><small>Zamazenta's Defense rose!</small><br></div><div class="spacer battle-history"><br></div><div class="battle-history">The opposing Hydreigon used <strong>Nasty Plot</strong>!<br></div><div class="battle-history"><small>The opposing Hydreigon's Sp. Atk rose sharply!</small><br></div><div class="spacer battle-history"><br></div><div class="battle-history"><small>The opposing Hydreigon was hurt by its burn!</small><br></div><div class="spacer battle-history"><br></div><h2 class="battle-history">Turn 45</h2><div class="spacer battle-history"><br></div><div class="battle-history">Coppersmith withdrew Hydreigon!<br></div><div class="battle-history">Coppersmith sent out <strong>Nidoqueen</strong>!<br></div><div class="spacer battle-history"><br></div><div class="battle-history">Zamazenta used <strong>Close Combat</strong>!<br></div><div class="battle-history"><small>It's not very effective...</small><br></div><div class="battle-history"><small>(The opposing Nidoqueen lost 24% of its health!)</small><br></div><div class="battle-history"><small>Zamazenta's Defense fell!</small><br></div><div class="battle-history"><small>Zamazenta's Sp. Def fell!</small><br></div><div class="spacer battle-history"><br></div><h2 class="battle-history">Turn 46</h2><div class="chat chatmessage-coppersmith"><strong style="color:#0aa445"><small>☆</small><span class="username" data-name="Coppersmith">Coppersmith</span>:</strong> <em>oh right helmet is gone</em></div><div class="spacer battle-history"><br></div><div class="battle-history">Coppersmith withdrew Nidoqueen!<br></div><div class="battle-history">Coppersmith sent out <strong>Buzzwole</strong>!<br></div><div class="spacer battle-history"><br></div><div class="battle-history">Zamazenta used <strong>Behemoth Bash</strong>!<br></div><div class="battle-history"><small>(The opposing Buzzwole lost 26% of its health!)</small><br></div><div class="battle-history"><small>Zamazenta was hurt by the Rocky Helmet!</small><br></div><div class="spacer battle-history"><br></div><h2 class="battle-history">Turn 47</h2><div class="spacer battle-history"><br></div><div class="battle-history">Zamazenta, come back!<br></div><div class="battle-history">Go! Squoop (<strong>Gastrodon-East</strong>)!<br></div><div class="spacer battle-history"><br></div><div class="battle-history">The opposing Buzzwole used <strong>Toxic</strong>!<br></div><div class="battle-history"><small>Squoop was badly poisoned!</small><br></div><div class="spacer battle-history"><br></div><div class="battle-history"><small>Squoop was hurt by poison!</small><br></div><div class="spacer battle-history"><br></div><h2 class="battle-history">Turn 48</h2><div class="spacer battle-history"><br></div><div class="battle-history">Coppersmith withdrew Buzzwole!<br></div><div class="battle-history">Coppersmith sent out <strong>Hydreigon</strong>!<br></div><div class="spacer battle-history"><br></div><div class="battle-history">Squoop used <strong>Scald</strong>!<br></div><div class="battle-history"><small>It's not very effective...</small><br></div><div class="battle-history"><small>(The opposing Hydreigon lost 13% of its health!)</small><br></div><div class="spacer battle-history"><br></div><div class="battle-history"><small>Squoop restored a little HP using its Leftovers!</small><br></div><div class="battle-history"><small>The opposing Hydreigon was hurt by its burn!</small><br></div><div class="battle-history"><small>Squoop was hurt by poison!</small><br></div><div class="spacer battle-history"><br></div><h2 class="battle-history">Turn 49</h2><div class="spacer battle-history"><br></div><div class="battle-history">Squoop, come back!<br></div><div class="battle-history">Go! Zamazenta (<strong>Zamazenta-Crowned</strong>)!<br></div><div class="battle-history">[Zamazenta's Dauntless Shield]<br></div><div class="battle-history"><small>Zamazenta's Defense rose!</small><br></div><div class="spacer battle-history"><br></div><div class="battle-history">The opposing Hydreigon used <strong>Roost</strong>!<br></div><div class="battle-history"><small>The opposing Hydreigon had its HP restored.</small><br></div><div class="spacer battle-history"><br></div><div class="battle-history"><small>The opposing Hydreigon was hurt by its burn!</small><br></div><div class="spacer battle-history"><br></div><h2 class="battle-history">Turn 50</h2><div class="spacer battle-history"><br></div><div class="battle-history">Coppersmith withdrew Hydreigon!<br></div><div class="battle-history">Coppersmith sent out <strong>Buzzwole</strong>!<br></div><div class="spacer battle-history"><br></div><div class="battle-history">Zamazenta used <strong>Close Combat</strong>!<br></div><div class="battle-history"><small>It's not very effective...</small><br></div><div class="battle-history"><small>(The opposing Buzzwole lost 15% of its health!)</small><br></div><div class="battle-history"><small>Zamazenta's Defense fell!</small><br></div><div class="battle-history"><small>Zamazenta's Sp. Def fell!</small><br></div><div class="battle-history"><small>Zamazenta was hurt by the Rocky Helmet!</small><br></div><div class="spacer battle-history"><br></div><h2 class="battle-history">Turn 51</h2><div class="spacer battle-history"><br></div><div class="battle-history">Zamazenta used <strong>Rest</strong>!<br></div><div class="battle-history"><small>Zamazenta slept and became healthy!</small><br></div><div class="spacer battle-history"><br></div><div class="battle-history">The opposing Buzzwole used <strong>Roost</strong>!<br></div><div class="battle-history"><small>The opposing Buzzwole had its HP restored.</small><br></div><div class="spacer battle-history"><br></div><h2 class="battle-history">Turn 52</h2><div class="spacer battle-history"><br></div><div class="battle-history">Zamazenta, come back!<br></div><div class="battle-history">Go! Lando (<strong>Landorus-Therian</strong>)!<br></div><div class="battle-history">[Lando's Intimidate]<br></div><div class="battle-history"><small>The opposing Buzzwole's Attack fell!</small><br></div><div class="spacer battle-history"><br></div><div class="battle-history">The opposing Buzzwole used <strong>Drain Punch</strong>!<br></div><div class="battle-history"><small>It's not very effective...</small><br></div><div class="battle-history"><small>(Lando lost 14% of its health!)</small><br></div><div class="spacer battle-history"><br></div><h2 class="battle-history">Turn 53</h2><div class="spacer battle-history"><br></div><div class="battle-history">Lando used <strong>Stealth Rock</strong>!<br></div><div class="battle-history"><small>Pointed stones float in the air around the opposing team!</small><br></div><div class="spacer battle-history"><br></div><div class="battle-history">The opposing Buzzwole used <strong>Ice Punch</strong>!<br></div><div class="battle-history"><small>It's super effective!</small><br></div><div class="battle-history"><small>(Lando lost 72% of its health!)</small><br></div><div class="spacer battle-history"><br></div><h2 class="battle-history">Turn 54</h2><div class="chat chatmessage-eeveegirl1380"><strong style="color:#7b6dd7"><small>☆</small><span class="username" data-name="EeveeGirl1380">EeveeGirl1380</span>:</strong> <em>dang</em></div><div class="spacer battle-history"><br></div><div class="battle-history"><small>Lando surrounded itself with its Z-Power!</small><br></div><div class="spacer battle-history"><br></div><div class="battle-history"><small>Lando unleashes its full-force Z-Move!</small><br>Lando used <strong>Supersonic Skystrike</strong>!<br></div><div class="battle-history"><small>It's super effective!</small><br></div><div class="battle-history"><small>(The opposing Buzzwole lost 100% of its health!)</small><br></div><div class="spacer battle-history"><br></div><div class="battle-history">The opposing Buzzwole fainted!<br></div><div class="chat chatmessage-eeveegirl1380"><strong style="color:#7b6dd7"><small>☆</small><span class="username" data-name="EeveeGirl1380">EeveeGirl1380</span>:</strong> <em>wo</em></div><div class="spacer battle-history"><br></div><div class="battle-history">Coppersmith sent out <strong>Hydreigon</strong>!<br></div><div class="battle-history"><small>Pointed stones dug into the opposing Hydreigon!</small><br></div><div class="spacer battle-history"><br></div><h2 class="battle-history">Turn 55</h2><div class="spacer battle-history"><br></div><div class="battle-history">The opposing Hydreigon used <strong>Roost</strong>!<br></div><div class="battle-history"><small>The opposing Hydreigon had its HP restored.</small><br></div><div class="spacer battle-history"><br></div><div class="battle-history">Lando used <strong>Fly</strong>!<br></div><div class="battle-history">Lando flew up high!<br></div><div class="spacer battle-history"><br></div><div class="battle-history"><small>The opposing Hydreigon was hurt by its burn!</small><br></div><div class="spacer battle-history"><br></div><h2 class="battle-history">Turn 56</h2><div class="spacer battle-history"><br></div><div class="battle-history">Coppersmith withdrew Hydreigon!<br></div><div class="battle-history">Coppersmith sent out <strong>Zapdos</strong>!<br></div><div class="battle-history"><small>Pointed stones dug into the opposing Zapdos!</small><br></div><div class="spacer battle-history"><br></div><div class="battle-history">Lando used <strong>Fly</strong>!<br></div><div class="battle-history"><small>It's not very effective...</small><br></div><div class="battle-history"><small>(The opposing Zapdos lost 31% of its health!)</small><br></div><div class="spacer battle-history"><br></div><div class="battle-history"><small>The opposing Zapdos was hurt by its burn!</small><br></div><div class="spacer battle-history"><br></div><h2 class="battle-history">Turn 57</h2><div class="chat chatmessage-eeveegirl1380"><strong style="color:#7b6dd7"><small>☆</small><span class="username" data-name="EeveeGirl1380">EeveeGirl1380</span>:</strong> <em>wo</em></div><div class="spacer battle-history"><br></div><div class="battle-history">Lando used <strong>Fly</strong>!<br></div><div class="battle-history">Lando flew up high!<br></div><div class="spacer battle-history"><br></div><div class="battle-history">The opposing Zapdos used <strong>Roost</strong>!<br></div><div class="battle-history"><small>The opposing Zapdos had its HP restored.</small><br></div><div class="battle-history"><small>(The opposing Zapdos loses Flying type this turn.)</small><br></div><div class="spacer battle-history"><br></div><div class="battle-history"><small>The opposing Zapdos was hurt by its burn!</small><br></div><div class="spacer battle-history"><br></div><h2 class="battle-history">Turn 58</h2><div class="spacer battle-history"><br></div><div class="battle-history">Lando used <strong>Fly</strong>!<br></div><div class="battle-history"><small>The opposing Zapdos avoided the attack!</small><br></div><div class="spacer battle-history"><br></div><div class="battle-history">The opposing Zapdos used <strong>Defog</strong>!<br></div><div class="battle-history"><small>Lando's evasiveness fell!</small><br></div><div class="battle-history"><small>The pointed stones disappeared from around the opposing team!</small><br></div><div class="spacer battle-history"><br></div><div class="battle-history"><small>The opposing Zapdos was hurt by its burn!</small><br></div><div class="spacer battle-history"><br></div><h2 class="battle-history">Turn 59</h2><div class="spacer battle-history"><br></div><div class="battle-history">Lando used <strong>Stealth Rock</strong>!<br></div><div class="battle-history"><small>Pointed stones float in the air around the opposing team!</small><br></div><div class="spacer battle-history"><br></div><div class="battle-history">The opposing Zapdos used <strong>Hurricane</strong>!<br></div><div class="battle-history"><small>A critical hit!</small><br></div><div class="battle-history"><small>(Lando lost 4% of its health!)</small><br></div><div class="spacer battle-history"><br></div><div class="battle-history">Lando fainted!<br></div><div class="spacer battle-history"><br></div><div class="battle-history"><small>The opposing Zapdos was hurt by its burn!</small><br></div><div class="spacer battle-history"><br></div><div class="battle-history">Go! Clefable (<strong>Clefable-Mega</strong>)!<br></div><div class="spacer battle-history"><br></div><h2 class="battle-history">Turn 60</h2><div class="spacer battle-history"><br></div><div class="battle-history">Clefable used <strong>Soft-Boiled</strong>!<br></div><div class="battle-history"><small>Clefable had its HP restored.</small><br></div><div class="spacer battle-history"><br></div><div class="battle-history">The opposing Zapdos used <strong>Roost</strong>!<br></div><div class="battle-history"><small>The opposing Zapdos had its HP restored.</small><br></div><div class="battle-history"><small>(The opposing Zapdos loses Flying type this turn.)</small><br></div><div class="spacer battle-history"><br></div><div class="battle-history"><small>The opposing Zapdos was hurt by its burn!</small><br></div><div class="spacer battle-history"><br></div><h2 class="battle-history">Turn 61</h2><div class="spacer battle-history"><br></div><div class="battle-history">Clefable used <strong>Heal Bell</strong>!<br></div><div class="battle-history"><small>A bell chimed!</small><br></div><div class="battle-history"><small>Clefable was cured of paralysis!</small><br></div><div class="battle-history"><small>Raven was cured of paralysis!</small><br></div><div class="battle-history"><small>Zamazenta woke up!</small><br></div><div class="battle-history"><small>Squoop was cured of its poisoning!</small><br></div><div class="spacer battle-history"><br></div><div class="battle-history">The opposing Zapdos used <strong>Defog</strong>!<br></div><div class="battle-history"><small>Clefable's evasiveness fell!</small><br></div><div class="battle-history"><small>The pointed stones disappeared from around the opposing team!</small><br></div><div class="spacer battle-history"><br></div><div class="battle-history"><small>The opposing Zapdos was hurt by its burn!</small><br></div><div class="spacer battle-history"><br></div><h2 class="battle-history">Turn 62</h2><div class="chat chatmessage-eeveegirl1380"><strong style="color:#7b6dd7"><small>☆</small><span class="username" data-name="EeveeGirl1380">EeveeGirl1380</span>:</strong> <em>ah</em></div><div class="spacer battle-history"><br></div><div class="battle-history">Clefable used <strong>Knock Off</strong>!<br></div><div class="battle-history"><small>(The opposing Zapdos lost 11% of its health!)</small><br></div><div class="battle-history">[The opposing Zapdos's Static]<br><small>Clefable is paralyzed! It may be unable to move!</small><br></div><div class="spacer battle-history"><br></div><div class="battle-history">The opposing Zapdos used <strong>Hurricane</strong>!<br></div><div class="battle-history"><small>A critical hit!</small><br></div><div class="battle-history"><small>(Clefable lost 60% of its health!)</small><br></div><div class="spacer battle-history"><br></div><div class="battle-history"><small>The opposing Zapdos was hurt by its burn!</small><br></div><div class="spacer battle-history"><br></div><h2 class="battle-history">Turn 63</h2><div class="chat chatmessage-eeveegirl1380"><strong style="color:#7b6dd7"><small>☆</small><span class="username" data-name="EeveeGirl1380">EeveeGirl1380</span>:</strong> <em>dang</em></div><div class="spacer battle-history"><br></div><div class="battle-history">Clefable used <strong>Soft-Boiled</strong>!<br></div><div class="battle-history"><small>Clefable had its HP restored.</small><br></div><div class="spacer battle-history"><br></div><div class="battle-history">The opposing Zapdos used <strong>Volt Switch</strong>!<br></div><div class="battle-history"><small>(Clefable lost 28% of its health!)</small><br></div><div class="chat chatmessage-eeveegirl1380"><strong style="color:#7b6dd7"><small>☆</small><span class="username" data-name="EeveeGirl1380">EeveeGirl1380</span>:</strong> <em>#bitluck?</em></div><div class="spacer battle-history"><br></div><div class="battle-history">The opposing Zapdos went back to Coppersmith!<br></div><div class="battle-history">Coppersmith sent out <strong>Nidoqueen</strong>!<br></div><div class="spacer battle-history"><br></div><h2 class="battle-history">Turn 64</h2><div class="spacer battle-history"><br></div><div class="battle-history">Clefable is paralyzed! It can't move!<br></div><div class="spacer battle-history"><br></div><div class="battle-history">The opposing Nidoqueen used <strong>Milk Drink</strong>!<br></div><div class="battle-history"><small>The opposing Nidoqueen had its HP restored.</small><br></div><div class="spacer battle-history"><br></div><h2 class="battle-history">Turn 65</h2><div class="chat chatmessage-coppersmith"><strong style="color:#0aa445"><small>☆</small><span class="username" data-name="Coppersmith">Coppersmith</span>:</strong> <em>peculiar clef set</em></div><div class="spacer battle-history"><br></div><div class="battle-history">Clefable used <strong>Soft-Boiled</strong>!<br></div><div class="battle-history"><small>Clefable had its HP restored.</small><br></div><div class="spacer battle-history"><br></div><div class="battle-history">The opposing Nidoqueen used <strong>Poison Jab</strong>!<br></div><div class="battle-history"><small>(Clefable lost 18% of its health!)</small><br></div><div class="spacer battle-history"><br></div><h2 class="battle-history">Turn 66</h2><div class="chat chatmessage-eeveegirl1380"><strong style="color:#7b6dd7"><small>☆</small><span class="username" data-name="EeveeGirl1380">EeveeGirl1380</span>:</strong> <em>yah, ausma's</em></div><div class="spacer battle-history"><br></div><div class="battle-history">Clefable used <strong>Heal Bell</strong>!<br></div><div class="battle-history"><small>A bell chimed!</small><br></div><div class="battle-history"><small>Clefable was cured of paralysis!</small><br></div><div class="spacer battle-history"><br></div><div class="battle-history">The opposing Nidoqueen used <strong>Stealth Rock</strong>!<br></div><div class="battle-history"><small>Pointed stones float in the air around your team!</small><br></div><div class="spacer battle-history"><br></div><h2 class="battle-history">Turn 67</h2><div class="spacer battle-history"><br></div><div class="battle-history">Coppersmith withdrew Nidoqueen!<br></div><div class="battle-history">Coppersmith sent out <strong>Zapdos</strong>!<br></div><div class="spacer battle-history"><br></div><div class="battle-history">Clefable used <strong>Knock Off</strong>!<br></div><div class="battle-history"><small>(The opposing Zapdos lost 13% of its health!)</small><br></div><div class="spacer battle-history"><br></div><div class="battle-history"><small>The opposing Zapdos was hurt by its burn!</small><br></div><div class="spacer battle-history"><br></div><h2 class="battle-history">Turn 68</h2><div class="spacer battle-history"><br></div><div class="battle-history">Clefable used <strong>Soft-Boiled</strong>!<br></div><div class="battle-history"><small>Clefable had its HP restored.</small><br></div><div class="spacer battle-history"><br></div><div class="battle-history">The opposing Zapdos used <strong>Roost</strong>!<br></div><div class="battle-history"><small>The opposing Zapdos had its HP restored.</small><br></div><div class="battle-history"><small>(The opposing Zapdos loses Flying type this turn.)</small><br></div><div class="spacer battle-history"><br></div><div class="battle-history"><small>The opposing Zapdos was hurt by its burn!</small><br></div><div class="spacer battle-history"><br></div><h2 class="battle-history">Turn 69</h2><div class="chat chatmessage-eeveegirl1380"><strong style="color:#7b6dd7"><small>☆</small><span class="username" data-name="EeveeGirl1380">EeveeGirl1380</span>:</strong> <em>stall war</em></div><div class="chat chatmessage-eeveegirl1380"><strong style="color:#7b6dd7"><small>☆</small><span class="username" data-name="EeveeGirl1380">EeveeGirl1380</span>:</strong> <em>not what i expected</em></div><div class="spacer battle-history"><br></div><div class="battle-history">Clefable used <strong>Knock Off</strong>!<br></div><div class="battle-history"><small>(The opposing Zapdos lost 13% of its health!)</small><br></div><div class="spacer battle-history"><br></div><div class="battle-history">The opposing Zapdos used <strong>Hurricane</strong>!<br></div><div class="battle-history"><small>(Clefable lost 42% of its health!)</small><br></div><div class="spacer battle-history"><br></div><div class="battle-history"><small>The opposing Zapdos was hurt by its burn!</small><br></div><div class="spacer battle-history"><br></div><h2 class="battle-history">Turn 70</h2><div class="spacer battle-history"><br></div><div class="battle-history">Clefable used <strong>Knock Off</strong>!<br></div><div class="battle-history"><small>(The opposing Zapdos lost 13% of its health!)</small><br></div><div class="battle-history">[The opposing Zapdos's Static]<br><small>Clefable is paralyzed! It may be unable to move!</small><br></div><div class="spacer battle-history"><br></div><div class="battle-history">The opposing Zapdos used <strong>Volt Switch</strong>!<br></div><div class="battle-history"><small>(Clefable lost 29% of its health!)</small><br></div><div class="spacer battle-history"><br></div><div class="battle-history">The opposing Zapdos went back to Coppersmith!<br></div><div class="battle-history">Coppersmith sent out <strong>Hydreigon</strong>!<br></div><div class="spacer battle-history"><br></div><div class="battle-history"><small>The opposing Hydreigon was hurt by its burn!</small><br></div><div class="spacer battle-history"><br></div><h2 class="battle-history">Turn 71</h2><div class="chat chatmessage-eeveegirl1380"><strong style="color:#7b6dd7"><small>☆</small><span class="username" data-name="EeveeGirl1380">EeveeGirl1380</span>:</strong> <em>how did i know taht was gonna happen</em></div><div class="spacer battle-history"><br></div><div class="battle-history">Coppersmith withdrew Hydreigon!<br></div><div class="battle-history">Coppersmith sent out <strong>Nidoqueen</strong>!<br></div><div class="spacer battle-history"><br></div><div class="battle-history">Clefable, come back!<br></div><div class="battle-history">Go! Zamazenta (<strong>Zamazenta-Crowned</strong>)!<br></div><div class="battle-history"><small>Pointed stones dug into Zamazenta!</small><br></div><div class="battle-history">[Zamazenta's Dauntless Shield]<br></div><div class="battle-history"><small>Zamazenta's Defense rose!</small><br></div><div class="spacer battle-history"><br></div><h2 class="battle-history">Turn 72</h2><div class="spacer battle-history"><br></div><div class="battle-history">Zamazenta, come back!<br></div><div class="battle-history">Go! Raven (<strong>Corviknight</strong>)!<br></div><div class="battle-history"><small>Pointed stones dug into Raven!</small><br></div><div class="battle-history">[Raven's Pressure]<br><small>Raven is exerting its pressure!</small><br></div><div class="spacer battle-history"><br></div><div class="battle-history">The opposing Nidoqueen used <strong>Earthquake</strong>!<br></div><div class="battle-history"><small>It doesn't affect Raven...</small><br></div><div class="spacer battle-history"><br></div><div class="battle-history"><small>Raven restored a little HP using its Leftovers!</small><br></div><div class="spacer battle-history"><br></div><h2 class="battle-history">Turn 73</h2><div class="chat chatmessage-coppersmith"><strong style="color:#0aa445"><small>☆</small><span class="username" data-name="Coppersmith">Coppersmith</span>:</strong> <em>yknow in the future, ill consider not doing bo3</em></div><div class="chat chatmessage-eeveegirl1380"><strong style="color:#7b6dd7"><small>☆</small><span class="username" data-name="EeveeGirl1380">EeveeGirl1380</span>:</strong> <em>yeah</em></div><div class="spacer battle-history"><br></div><div class="battle-history">The opposing Nidoqueen used <strong>Stealth Rock</strong>!<br></div><div class="battle-history"><small>But it failed!</small><br></div><div class="spacer battle-history"><br></div><div class="battle-history">Raven used <strong>U-turn</strong>!<br></div><div class="battle-history"><small>It's not very effective...</small><br></div><div class="battle-history"><small>(The opposing Nidoqueen lost 5% of its health!)</small><br></div><div class="chat chatmessage-eeveegirl1380"><strong style="color:#7b6dd7"><small>☆</small><span class="username" data-name="EeveeGirl1380">EeveeGirl1380</span>:</strong> <em>might be a good idea</em></div><div class="spacer battle-history"><br></div><div class="battle-history">Raven went back to EeveeGirl1380!<br></div><div class="battle-history">Go! Clefable (<strong>Clefable-Mega</strong>)!<br></div><div class="battle-history"><small>Pointed stones dug into Clefable!</small><br></div><div class="spacer battle-history"><br></div><h2 class="battle-history">Turn 74</h2><div class="spacer battle-history"><br></div><div class="battle-history">Clefable used <strong>Soft-Boiled</strong>!<br></div><div class="battle-history"><small>Clefable had its HP restored.</small><br></div><div class="spacer battle-history"><br></div><div class="battle-history">The opposing Nidoqueen used <strong>Earthquake</strong>!<br></div><div class="battle-history"><small>A critical hit!</small><br></div><div class="battle-history"><small>(Clefable lost 35% of its health!)</small><br></div><div class="spacer battle-history"><br></div><h2 class="battle-history">Turn 75</h2><div class="chat chatmessage-eeveegirl1380"><strong style="color:#7b6dd7"><small>☆</small><span class="username" data-name="EeveeGirl1380">EeveeGirl1380</span>:</strong> <em>sheeesh</em></div><div class="spacer battle-history"><br></div><div class="battle-history">Clefable used <strong>Soft-Boiled</strong>!<br></div><div class="battle-history"><small>Clefable had its HP restored.</small><br></div><div class="spacer battle-history"><br></div><div class="battle-history">The opposing Nidoqueen used <strong>Earthquake</strong>!<br></div><div class="battle-history"><small>(Clefable lost 23% of its health!)</small><br></div><div class="spacer battle-history"><br></div><h2 class="battle-history">Turn 76</h2><div class="chat chatmessage-coppersmith"><strong style="color:#0aa445"><small>☆</small><span class="username" data-name="Coppersmith">Coppersmith</span>:</strong> <em>#bitluck</em></div><div class="spacer battle-history"><br></div><div class="battle-history">Coppersmith withdrew Nidoqueen!<br></div><div class="battle-history">Coppersmith sent out <strong>Hydreigon</strong>!<br></div><div class="spacer battle-history"><br></div><div class="battle-history">Clefable used <strong>Will-O-Wisp</strong>!<br></div><div class="battle-history"><small>(Since gen 7, Dark is immune to Prankster moves.)</small><br></div><div class="battle-history"><small>It doesn't affect the opposing Hydreigon...</small><br></div><div class="spacer battle-history"><br></div><div class="battle-history"><small>The opposing Hydreigon was hurt by its burn!</small><br></div><div class="spacer battle-history"><br></div><h2 class="battle-history">Turn 77</h2><div class="spacer battle-history"><br></div><div class="battle-history">Coppersmith withdrew Hydreigon!<br></div><div class="battle-history">Coppersmith sent out <strong>Nidoqueen</strong>!<br></div><div class="spacer battle-history"><br></div><div class="battle-history">Clefable, come back!<br></div><div class="battle-history">Go! Raven (<strong>Corviknight</strong>)!<br></div><div class="battle-history"><small>Pointed stones dug into Raven!</small><br></div><div class="battle-history">[Raven's Pressure]<br><small>Raven is exerting its pressure!</small><br></div><div class="spacer battle-history"><br></div><div class="battle-history"><small>Raven restored a little HP using its Leftovers!</small><br></div><div class="spacer battle-history"><br></div><h2 class="battle-history">Turn 78</h2><div class="spacer battle-history"><br></div><div class="battle-history">Coppersmith withdrew Nidoqueen!<br></div><div class="battle-history">Coppersmith sent out <strong>Zapdos</strong>!<br></div><div class="spacer battle-history"><br></div><div class="battle-history">Raven used <strong>Brave Bird</strong>!<br></div><div class="battle-history"><small>It's not very effective...</small><br></div><div class="battle-history"><small>(The opposing Zapdos lost 19% of its health!)</small><br></div><div class="battle-history">[The opposing Zapdos's Static]<br><small>Raven is paralyzed! It may be unable to move!</small><br></div><div class="battle-history"><small>Raven was damaged by the recoil!</small><br></div><div class="spacer battle-history"><br></div><div class="battle-history"><small>Raven restored a little HP using its Leftovers!</small><br></div><div class="battle-history"><small>The opposing Zapdos was hurt by its burn!</small><br></div><div class="spacer battle-history"><br></div><h2 class="battle-history">Turn 79</h2><div class="spacer battle-history"><br></div><div class="battle-history">The opposing Zapdos used <strong>Roost</strong>!<br></div><div class="battle-history"><small>The opposing Zapdos had its HP restored.</small><br></div><div class="battle-history"><small>(The opposing Zapdos loses Flying type this turn.)</small><br></div><div class="spacer battle-history"><br></div><div class="battle-history">Raven is paralyzed! It can't move!<br></div><div class="spacer battle-history"><br></div><div class="battle-history"><small>Raven restored a little HP using its Leftovers!</small><br></div><div class="battle-history"><small>The opposing Zapdos was hurt by its burn!</small><br></div><div class="spacer battle-history"><br></div><h2 class="battle-history">Turn 80</h2><div class="spacer battle-history"><br></div><div class="battle-history">Raven, come back!<br></div><div class="battle-history">Go! Squoop (<strong>Gastrodon-East</strong>)!<br></div><div class="battle-history"><small>Pointed stones dug into Squoop!</small><br></div><div class="spacer battle-history"><br></div><div class="battle-history">The opposing Zapdos used <strong>Volt Switch</strong>!<br></div><div class="battle-history"><small>It doesn't affect Squoop...</small><br></div><div class="spacer battle-history"><br></div><div class="battle-history"><small>Squoop restored a little HP using its Leftovers!</small><br></div><div class="battle-history"><small>The opposing Zapdos was hurt by its burn!</small><br></div><div class="spacer battle-history"><br></div><h2 class="battle-history">Turn 81</h2><div class="spacer battle-history"><br></div><div class="battle-history">The opposing Zapdos went back to Coppersmith!<br></div><div class="battle-history">Coppersmith sent out <strong>Hydreigon</strong>!<br></div><div class="spacer battle-history"><br></div><div class="battle-history">Squoop used <strong>Recover</strong>!<br></div><div class="battle-history"><small>Squoop had its HP restored.</small><br></div><div class="spacer battle-history"><br></div><div class="battle-history"><small>The opposing Hydreigon was hurt by its burn!</small><br></div><div class="spacer battle-history"><br></div><h2 class="battle-history">Turn 82</h2><div class="spacer battle-history"><br></div><div class="battle-history">The opposing Hydreigon used <strong>Nasty Plot</strong>!<br></div><div class="battle-history"><small>The opposing Hydreigon's Sp. Atk rose sharply!</small><br></div><div class="spacer battle-history"><br></div><div class="battle-history">Squoop used <strong>Scald</strong>!<br></div><div class="battle-history"><small>It's not very effective...</small><br></div><div class="battle-history"><small>(The opposing Hydreigon lost 14% of its health!)</small><br></div><div class="spacer battle-history"><br></div><div class="battle-history"><small>The opposing Hydreigon was hurt by its burn!</small><br></div><div class="spacer battle-history"><br></div><h2 class="battle-history">Turn 83</h2><div class="spacer battle-history"><br></div><div class="battle-history">The opposing Hydreigon used <strong>Roost</strong>!<br></div><div class="battle-history"><small>The opposing Hydreigon had its HP restored.</small><br></div><div class="spacer battle-history"><br></div><div class="battle-history">Squoop used <strong>Clear Smog</strong>!<br></div><div class="battle-history"><small>(The opposing Hydreigon lost 11% of its health!)</small><br></div><div class="battle-history"><small>The opposing Hydreigon's stat changes were removed!</small><br></div><div class="spacer battle-history"><br></div><div class="battle-history"><small>The opposing Hydreigon was hurt by its burn!</small><br></div><div class="spacer battle-history"><br></div><h2 class="battle-history">Turn 84</h2><div class="spacer battle-history"><br></div><div class="battle-history">The opposing Hydreigon used <strong>Nasty Plot</strong>!<br></div><div class="battle-history"><small>The opposing Hydreigon's Sp. Atk rose sharply!</small><br></div><div class="spacer battle-history"><br></div><div class="battle-history">Squoop used <strong>Clear Smog</strong>!<br></div><div class="battle-history"><small>(The opposing Hydreigon lost 11% of its health!)</small><br></div><div class="battle-history"><small>The opposing Hydreigon's stat changes were removed!</small><br></div><div class="spacer battle-history"><br></div><div class="battle-history"><small>The opposing Hydreigon was hurt by its burn!</small><br></div><div class="spacer battle-history"><br></div><h2 class="battle-history">Turn 85</h2><div class="chat chatmessage-eeveegirl1380"><strong style="color:#7b6dd7"><small>☆</small><span class="username" data-name="EeveeGirl1380">EeveeGirl1380</span>:</strong> <em>lets play</em></div><div class="chat chatmessage-eeveegirl1380"><strong style="color:#7b6dd7"><small>☆</small><span class="username" data-name="EeveeGirl1380">EeveeGirl1380</span>:</strong> <em>stallmons</em></div><div class="spacer battle-history"><br></div><div class="battle-history">The opposing Hydreigon used <strong>Roost</strong>!<br></div><div class="battle-history"><small>The opposing Hydreigon had its HP restored.</small><br></div><div class="spacer battle-history"><br></div><div class="battle-history">Squoop used <strong>Clear Smog</strong>!<br></div><div class="battle-history"><small>(The opposing Hydreigon lost 10% of its health!)</small><br></div><div class="battle-history"><small>The opposing Hydreigon's stat changes were removed!</small><br></div><div class="spacer battle-history"><br></div><div class="battle-history"><small>The opposing Hydreigon was hurt by its burn!</small><br></div><div class="spacer battle-history"><br></div><h2 class="battle-history">Turn 86</h2><div class="spacer battle-history"><br></div><div class="battle-history">Squoop, come back!<br></div><div class="battle-history">Go! Zamazenta (<strong>Zamazenta-Crowned</strong>)!<br></div><div class="battle-history"><small>Pointed stones dug into Zamazenta!</small><br></div><div class="battle-history">[Zamazenta's Dauntless Shield]<br></div><div class="battle-history"><small>Zamazenta's Defense rose!</small><br></div><div class="spacer battle-history"><br></div><div class="battle-history">The opposing Hydreigon used <strong>Nasty Plot</strong>!<br></div><div class="battle-history"><small>The opposing Hydreigon's Sp. Atk rose sharply!</small><br></div><div class="spacer battle-history"><br></div><div class="battle-history"><small>The opposing Hydreigon was hurt by its burn!</small><br></div><div class="spacer battle-history"><br></div><h2 class="battle-history">Turn 87</h2><div class="spacer battle-history"><br></div><div class="battle-history">Coppersmith withdrew Hydreigon!<br></div><div class="battle-history">Coppersmith sent out <strong>Nidoqueen</strong>!<br></div><div class="spacer battle-history"><br></div><div class="battle-history">Zamazenta used <strong>Behemoth Bash</strong>!<br></div><div class="battle-history"><small>(The opposing Nidoqueen lost 42% of its health!)</small><br></div><div class="spacer battle-history"><br></div><h2 class="battle-history">Turn 88</h2><div class="spacer battle-history"><br></div><div class="battle-history">Zamazenta used <strong>Howl</strong>!<br></div><div class="battle-history"><small>Zamazenta's Attack rose!</small><br></div><div class="spacer battle-history"><br></div><div class="battle-history">The opposing Nidoqueen used <strong>Milk Drink</strong>!<br></div><div class="battle-history"><small>The opposing Nidoqueen had its HP restored.</small><br></div><div class="spacer battle-history"><br></div><h2 class="battle-history">Turn 89</h2><div class="spacer battle-history"><br></div><div class="battle-history">Zamazenta used <strong>Behemoth Bash</strong>!<br></div><div class="battle-history"><small>(The opposing Nidoqueen lost 68% of its health!)</small><br></div><div class="spacer battle-history"><br></div><div class="battle-history">The opposing Nidoqueen used <strong>Earthquake</strong>!<br></div><div class="battle-history"><small>It's super effective!</small><br></div><div class="battle-history"><small>(Zamazenta lost 33% of its health!)</small><br></div><div class="spacer battle-history"><br></div><h2 class="battle-history">Turn 90</h2><div class="chat chatmessage-eeveegirl1380"><strong style="color:#7b6dd7"><small>☆</small><span class="username" data-name="EeveeGirl1380">EeveeGirl1380</span>:</strong> <em>dng</em></div><div class="spacer battle-history"><br></div><div class="battle-history">Zamazenta used <strong>Behemoth Bash</strong>!<br></div><div class="battle-history"><small>(The opposing Nidoqueen lost 32% of its health!)</small><br></div><div class="spacer battle-history"><br></div><div class="battle-history">The opposing Nidoqueen fainted!<br></div><div class="spacer battle-history"><br></div><div class="battle-history">Coppersmith sent out <strong>Zapdos</strong>!<br></div><div class="spacer battle-history"><br></div><h2 class="battle-history">Turn 91</h2><div class="chat chatmessage-eeveegirl1380"><strong style="color:#7b6dd7"><small>☆</small><span class="username" data-name="EeveeGirl1380">EeveeGirl1380</span>:</strong> <em>eating that up like a champ</em></div><div class="spacer battle-history"><br></div><div class="battle-history">Zamazenta used <strong>Behemoth Bash</strong>!<br></div><div class="battle-history"><small>It's not very effective...</small><br></div><div class="battle-history"><small>(The opposing Zapdos lost 39% of its health!)</small><br></div><div class="spacer battle-history"><br></div><div class="battle-history">The opposing Zapdos used <strong>Roost</strong>!<br></div><div class="battle-history"><small>The opposing Zapdos had its HP restored.</small><br></div><div class="battle-history"><small>(The opposing Zapdos loses Flying type this turn.)</small><br></div><div class="spacer battle-history"><br></div><div class="battle-history"><small>The opposing Zapdos was hurt by its burn!</small><br></div><div class="spacer battle-history"><br></div><h2 class="battle-history">Turn 92</h2><div class="chat chatmessage-eeveegirl1380"><strong style="color:#7b6dd7"><small>☆</small><span class="username" data-name="EeveeGirl1380">EeveeGirl1380</span>:</strong> <em>i see</em></div><div class="spacer battle-history"><br></div><div class="battle-history">Zamazenta used <strong>Howl</strong>!<br></div><div class="battle-history"><small>Zamazenta's Attack rose!</small><br></div><div class="spacer battle-history"><br></div><div class="battle-history">The opposing Zapdos used <strong>Hurricane</strong>!<br></div><div class="battle-history"><small>(Zamazenta lost 37% of its health!)</small><br></div><div class="spacer battle-history"><br></div><div class="battle-history"><small>The opposing Zapdos was hurt by its burn!</small><br></div><div class="spacer battle-history"><br></div><h2 class="battle-history">Turn 93</h2><div class="spacer battle-history"><br></div><div class="battle-history">Zamazenta used <strong>Rest</strong>!<br></div><div class="battle-history"><small>Zamazenta slept and became healthy!</small><br></div><div class="spacer battle-history"><br></div><div class="battle-history">The opposing Zapdos used <strong>Volt Switch</strong>!<br></div><div class="battle-history"><small>(Zamazenta lost 23% of its health!)</small><br></div><div class="spacer battle-history"><br></div><div class="battle-history">The opposing Zapdos went back to Coppersmith!<br></div><div class="battle-history">Coppersmith sent out Dhelmise (<strong>Dhelmise-Mega</strong>)!<br></div><div class="battle-history">[The opposing Dhelmise's Primordial Sea]<br><small>A heavy rain began to fall!</small><br></div><div class="spacer battle-history"><br></div><h2 class="battle-history">Turn 94</h2><div class="chat chatmessage-eeveegirl1380"><strong style="color:#7b6dd7"><small>☆</small><span class="username" data-name="EeveeGirl1380">EeveeGirl1380</span>:</strong> <em>not great</em></div><div class="spacer battle-history"><br></div><div class="battle-history">Zamazenta, come back!<br></div><div class="battle-history">Go! Squoop (<strong>Gastrodon-East</strong>)!<br></div><div class="battle-history"><small>Pointed stones dug into Squoop!</small><br></div><div class="spacer battle-history"><br></div><div class="battle-history">The opposing Dhelmise used <strong>Swords Dance</strong>!<br></div><div class="battle-history"><small>The opposing Dhelmise's Attack rose sharply!</small><br></div><div class="spacer battle-history"><br></div><div class="battle-history"><small>Squoop restored a little HP using its Leftovers!</small><br></div><div class="spacer battle-history"><br></div><h2 class="battle-history">Turn 95</h2><div class="chat chatmessage-eeveegirl1380"><strong style="color:#7b6dd7"><small>☆</small><span class="username" data-name="EeveeGirl1380">EeveeGirl1380</span>:</strong> <em>thank goodness for squoop</em></div><div class="spacer battle-history"><br></div><div class="battle-history">The opposing Dhelmise used <strong>Poltergeist</strong>!<br></div><div class="battle-history"><small>Squoop is about to be attacked by its Leftovers!</small><br></div><div class="battle-history"><small>(Squoop lost 89% of its health!)</small><br></div><div class="spacer battle-history"><br></div><div class="battle-history">Squoop used <strong>Earthquake</strong>!<br></div><div class="battle-history"><small>It's super effective!</small><br></div><div class="battle-history"><small>(The opposing Dhelmise lost 59% of its health!)</small><br></div><div class="spacer battle-history"><br></div><div class="battle-history"><small>Squoop restored a little HP using its Leftovers!</small><br></div><div class="spacer battle-history"><br></div><h2 class="battle-history">Turn 96</h2><div class="chat chatmessage-eeveegirl1380"><strong style="color:#7b6dd7"><small>☆</small><span class="username" data-name="EeveeGirl1380">EeveeGirl1380</span>:</strong> <em>ah darn it suoop</em></div><div class="chat"><small> Hematemesis joined</small></div><div class="spacer battle-history"><br></div><div class="battle-history">The opposing Dhelmise used <strong>Poltergeist</strong>!<br></div><div class="battle-history"><small>Squoop is about to be attacked by its Leftovers!</small><br></div><div class="battle-history"><small>(Squoop lost 17% of its health!)</small><br></div><div class="spacer battle-history"><br></div><div class="battle-history">Squoop fainted!<br></div><div class="spacer battle-history"><br></div><div class="battle-history">Go! Zamazenta (<strong>Zamazenta-Crowned</strong>)!<br></div><div class="battle-history"><small>Pointed stones dug into Zamazenta!</small><br></div><div class="battle-history">[Zamazenta's Dauntless Shield]<br></div><div class="battle-history"><small>Zamazenta's Defense rose!</small><br></div><div class="spacer battle-history"><br></div><h2 class="battle-history">Turn 97</h2><div class="chat chatmessage-hematemesis"><strong style="color:#9412d5"><small> </small><span class="username" data-name="Hematemesis">Hematemesis</span>:</strong> <em>Wow my tarnished nicknames</em></div><div class="chat chatmessage-eeveegirl1380"><strong style="color:#7b6dd7"><small>☆</small><span class="username" data-name="EeveeGirl1380">EeveeGirl1380</span>:</strong> <em>yes</em></div><div class="chat chatmessage-eeveegirl1380"><strong style="color:#7b6dd7"><small>☆</small><span class="username" data-name="EeveeGirl1380">EeveeGirl1380</span>:</strong> <em>also</em></div><div class="chat chatmessage-eeveegirl1380"><strong style="color:#7b6dd7"><small>☆</small><span class="username" data-name="EeveeGirl1380">EeveeGirl1380</span>:</strong> <em>squoop</em></div><div class="spacer battle-history"><br></div><div class="battle-history">Zamazenta is fast asleep.<br></div><div class="spacer battle-history"><br></div><div class="battle-history">The opposing Dhelmise used <strong>Poltergeist</strong>!<br></div><div class="battle-history"><small>Zamazenta is about to be attacked by its Rusted Shield!</small><br></div><div class="battle-history"><small>(Zamazenta lost 61% of its health!)</small><br></div><div class="spacer battle-history"><br></div><h2 class="battle-history">Turn 98</h2><div class="chat chatmessage-eeveegirl1380"><strong style="color:#7b6dd7"><small>☆</small><span class="username" data-name="EeveeGirl1380">EeveeGirl1380</span>:</strong> <em>wait</em></div><div class="chat chatmessage-eeveegirl1380"><strong style="color:#7b6dd7"><small>☆</small><span class="username" data-name="EeveeGirl1380">EeveeGirl1380</span>:</strong> <em>AH I FORGOT IT WAS SLEEPING</em></div><div class="spacer battle-history"><br></div><div class="battle-history">Zamazenta is fast asleep.<br></div><div class="spacer battle-history"><br></div><div class="battle-history">The opposing Dhelmise used <strong>Poltergeist</strong>!<br></div><div class="battle-history"><small>Zamazenta is about to be attacked by its Rusted Shield!</small><br></div><div class="battle-history"><small>(Zamazenta lost 13% of its health!)</small><br></div><div class="spacer battle-history"><br></div><div class="battle-history">Zamazenta fainted!<br></div><div class="spacer battle-history"><br></div><div class="battle-history">Go! Helios (<strong>Volcarona</strong>)!<br></div><div class="spacer battle-history"><br></div><h2 class="battle-history">Turn 99</h2><div class="chat chatmessage-eeveegirl1380"><strong style="color:#7b6dd7"><small>☆</small><span class="username" data-name="EeveeGirl1380">EeveeGirl1380</span>:</strong> <em>*shh</em></div><div class="spacer battle-history"><br></div><div class="battle-history">Helios used <strong>Bug Buzz</strong>!<br></div><div class="battle-history"><small>It's not very effective...</small><br></div><div class="battle-history"><small>(The opposing Dhelmise lost 8% of its health!)</small><br></div><div class="spacer battle-history"><br></div><div class="battle-history">The opposing Dhelmise fainted!<br></div><div class="battle-history"><small>The heavy rain has lifted!</small><br></div><div class="spacer battle-history"><br></div><div class="battle-history">Coppersmith sent out <strong>Zapdos</strong>!<br></div><div class="spacer battle-history"><br></div><h2 class="battle-history">Turn 100</h2><div class="spacer battle-history"><br></div><div class="battle-history">Helios used <strong>Quiver Dance</strong>!<br></div><div class="battle-history"><small>Helios's Sp. Atk rose!</small><br></div><div class="battle-history"><small>Helios's Sp. Def rose!</small><br></div><div class="battle-history"><small>Helios's Speed rose!</small><br></div><div class="spacer battle-history"><br></div><div class="battle-history">The opposing Zapdos used <strong>Hurricane</strong>!<br></div><div class="battle-history"><small>It's super effective!</small><br></div><div class="battle-history"><small>(Helios lost 49% of its health!)</small><br></div><div class="battle-history"><small>Helios became confused!</small><br></div><div class="spacer battle-history"><br></div><div class="battle-history"><small>The opposing Zapdos was hurt by its burn!</small><br></div><div class="spacer battle-history"><br></div><h2 class="battle-history">Turn 101</h2><div class="chat chatmessage-eeveegirl1380"><strong style="color:#7b6dd7"><small>☆</small><span class="username" data-name="EeveeGirl1380">EeveeGirl1380</span>:</strong> <em>not rigjht now</em></div><div class="spacer battle-history"><br></div><div class="battle-history"><small>Helios is confused!</small><br></div><div class="battle-history">It hurt itself in its confusion!<br></div><div class="spacer battle-history"><br></div><div class="battle-history">The opposing Zapdos used <strong>Hurricane</strong>!<br></div><div class="battle-history"><small>Helios avoided the attack!</small><br></div><div class="spacer battle-history"><br></div><div class="battle-history"><small>The opposing Zapdos was hurt by its burn!</small><br></div><div class="spacer battle-history"><br></div><h2 class="battle-history">Turn 102</h2><div class="spacer battle-history"><br></div><div class="battle-history"><small>Helios snapped out of its confusion!</small><br></div><div class="spacer battle-history"><br></div><div class="battle-history">Helios used <strong>Roost</strong>!<br></div><div class="battle-history"><small>Helios had its HP restored.</small><br></div><div class="spacer battle-history"><br></div><div class="battle-history">The opposing Zapdos used <strong>Hurricane</strong>!<br></div><div class="battle-history"><small>Helios avoided the attack!</small><br></div><div class="spacer battle-history"><br></div><div class="battle-history"><small>The opposing Zapdos was hurt by its burn!</small><br></div><div class="spacer battle-history"><br></div><h2 class="battle-history">Turn 103</h2><div class="spacer battle-history"><br></div><div class="battle-history">Helios used <strong>Quiver Dance</strong>!<br></div><div class="battle-history"><small>Helios's Sp. Atk rose!</small><br></div><div class="battle-history"><small>Helios's Sp. Def rose!</small><br></div><div class="battle-history"><small>Helios's Speed rose!</small><br></div><div class="spacer battle-history"><br></div><div class="battle-history">The opposing Zapdos used <strong>Roost</strong>!<br></div><div class="battle-history"><small>The opposing Zapdos had its HP restored.</small><br></div><div class="battle-history"><small>(The opposing Zapdos loses Flying type this turn.)</small><br></div><div class="spacer battle-history"><br></div><div class="battle-history"><small>The opposing Zapdos was hurt by its burn!</small><br></div><div class="spacer battle-history"><br></div><h2 class="battle-history">Turn 104</h2><div class="chat"><small> BlazingHero657 joined</small></div><div class="chat chatmessage-eeveegirl1380"><strong style="color:#7b6dd7"><small>☆</small><span class="username" data-name="EeveeGirl1380">EeveeGirl1380</span>:</strong> <em>#luck</em></div><div class="spacer battle-history"><br></div><div class="battle-history">Helios used <strong>Quiver Dance</strong>!<br></div><div class="battle-history"><small>Helios's Sp. Atk rose!</small><br></div><div class="battle-history"><small>Helios's Sp. Def rose!</small><br></div><div class="battle-history"><small>Helios's Speed rose!</small><br></div><div class="spacer battle-history"><br></div><div class="battle-history">The opposing Zapdos used <strong>Hurricane</strong>!<br></div><div class="battle-history"><small>Helios avoided the attack!</small><br></div><div class="spacer battle-history"><br></div><div class="battle-history"><small>The opposing Zapdos was hurt by its burn!</small><br></div><div class="spacer battle-history"><br></div><h2 class="battle-history">Turn 105</h2><div class="chat chatmessage-eeveegirl1380"><strong style="color:#7b6dd7"><small>☆</small><span class="username" data-name="EeveeGirl1380">EeveeGirl1380</span>:</strong> <em>wow</em></div><div class="chat chatmessage-eeveegirl1380"><strong style="color:#7b6dd7"><small>☆</small><span class="username" data-name="EeveeGirl1380">EeveeGirl1380</span>:</strong> <em>uh</em></div><div class="chat chatmessage-eeveegirl1380"><strong style="color:#7b6dd7"><small>☆</small><span class="username" data-name="EeveeGirl1380">EeveeGirl1380</span>:</strong> <em>im sorry</em></div><div class="spacer battle-history"><br></div><div class="battle-history">Helios used <strong>Quiver Dance</strong>!<br></div><div class="battle-history"><small>Helios's Sp. Atk rose!</small><br></div><div class="battle-history"><small>Helios's Sp. Def rose!</small><br></div><div class="battle-history"><small>Helios's Speed rose!</small><br></div><div class="spacer battle-history"><br></div><div class="battle-history">The opposing Zapdos used <strong>Volt Switch</strong>!<br></div><div class="battle-history"><small>(Helios lost 9% of its health!)</small><br></div><div class="battle-history"><small>Coppersmith forfeited.</small><br></div><div class="spacer battle-history"><br></div><div class="battle-history"><strong>EeveeGirl1380</strong> won the battle!<br></div><div class="chat chatmessage-coppersmith"><strong style="color:#0aa445"><small>☆</small><span class="username" data-name="Coppersmith">Coppersmith</span>:</strong> <em>its good</em></div><div class="chat chatmessage-eeveegirl1380"><strong style="color:#7b6dd7"><small>☆</small><span class="username" data-name="EeveeGirl1380">EeveeGirl1380</span>:</strong> <em>gg</em></div><div class="chat chatmessage-coppersmith"><strong style="color:#0aa445"><small>☆</small><span class="username" data-name="Coppersmith">Coppersmith</span>:</strong> <em>gg</em></div><div class="chat"><small> BlazingHero657 and ☆EeveeGirl1380 left</small></div></div><div class="inner-preempt message-log"></div></div></div>
</div>
<script>
let daily = Math.floor(Date.now()/1000/60/60/24);document.write('<script src="https://dragonheaven.herokuapp.com/js/replay-embed.js?version'+daily+'"></'+'script>');
</script>
