<!DOCTYPE html>
<meta charset="utf-8" />
<!-- version 1 -->
<title>[Gen 8] Megas for All replay: JosJet vs. ZigguratJester</title>
<style>
html,body {font-family:Verdana, sans-serif;font-size:10pt;margin:0;padding:0;}body{padding:12px 0;} .battle-log {font-family:Verdana, sans-serif;font-size:10pt;} .battle-log-inline {border:1px solid #AAAAAA;background:#EEF2F5;color:black;max-width:640px;margin:0 auto 80px;padding-bottom:5px;} .battle-log .inner {padding:4px 8px 0px 8px;} .battle-log .inner-preempt {padding:0 8px 4px 8px;} .battle-log .inner-after {margin-top:0.5em;} .battle-log h2 {margin:0.5em -8px;padding:4px 8px;border:1px solid #AAAAAA;background:#E0E7EA;border-left:0;border-right:0;font-family:Verdana, sans-serif;font-size:13pt;} .battle-log .chat {vertical-align:middle;padding:3px 0 3px 0;font-size:8pt;} .battle-log .chat strong {color:#40576A;} .battle-log .chat em {padding:1px 4px 1px 3px;color:#000000;font-style:normal;} .chat.mine {background:rgba(0,0,0,0.05);margin-left:-8px;margin-right:-8px;padding-left:8px;padding-right:8px;} .spoiler {color:#BBBBBB;background:#BBBBBB;padding:0px 3px;} .spoiler:hover, .spoiler:active, .spoiler-shown {color:#000000;background:#E2E2E2;padding:0px 3px;} .spoiler a {color:#BBBBBB;} .spoiler:hover a, .spoiler:active a, .spoiler-shown a {color:#2288CC;} .chat code, .chat .spoiler:hover code, .chat .spoiler:active code, .chat .spoiler-shown code {border:1px solid #C0C0C0;background:#EEEEEE;color:black;padding:0 2px;} .chat .spoiler code {border:1px solid #CCCCCC;background:#CCCCCC;color:#CCCCCC;} .battle-log .rated {padding:3px 4px;} .battle-log .rated strong {color:white;background:#89A;padding:1px 4px;border-radius:4px;} .spacer {margin-top:0.5em;} .message-announce {background:#6688AA;color:white;padding:1px 4px 2px;} .message-announce a, .broadcast-green a, .broadcast-blue a, .broadcast-red a {color:#DDEEFF;} .broadcast-green {background-color:#559955;color:white;padding:2px 4px;} .broadcast-blue {background-color:#6688AA;color:white;padding:2px 4px;} .infobox {border:1px solid #6688AA;padding:2px 4px;} .infobox-limited {max-height:200px;overflow:auto;overflow-x:hidden;} .broadcast-red {background-color:#AA5544;color:white;padding:2px 4px;} .message-learn-canlearn {font-weight:bold;color:#228822;text-decoration:underline;} .message-learn-cannotlearn {font-weight:bold;color:#CC2222;text-decoration:underline;} .message-effect-weak {font-weight:bold;color:#CC2222;} .message-effect-resist {font-weight:bold;color:#6688AA;} .message-effect-immune {font-weight:bold;color:#666666;} .message-learn-list {margin-top:0;margin-bottom:0;} .message-throttle-notice, .message-error {color:#992222;} .message-overflow, .chat small.message-overflow {font-size:0pt;} .message-overflow::before {font-size:9pt;content:'...';} .subtle {color:#3A4A66;}
</style>
<div class="wrapper replay-wrapper" style="max-width:1180px;margin:0 auto">
<input type="hidden" name="replayid" value="dragonheaven-gen8megasforall-341" />
<div class="battle"></div><div class="battle-log"></div><div class="replay-controls"></div><div class="replay-controls-2"></div>
<h1 style="font-weight:normal;text-align:center"><strong>[Gen 8] Megas for All</strong><br /><a href="http://pokemonshowdown.com/users/josjet" class="subtle" target="_blank">JosJet</a> vs. <a href="http://pokemonshowdown.com/users/zigguratjester" class="subtle" target="_blank">ZigguratJester</a></h1>
<script type="text/plain" class="battle-log-data">|j|☆JosJet
|j|☆ZigguratJester
|t:|1635031491
|player|p1|JosJet|maid-gen4|
|player|p2|ZigguratJester|clown|
|teamsize|p1|6
|teamsize|p2|6
|gametype|singles
|gen|8
|tier|[Gen 8] Megas for All
|rated|Tournament battle
|clearpoke
|poke|p1|Druddigon, M|
|poke|p1|Haxorus, F|
|poke|p1|Klefki, M|
|poke|p1|Ludicolo, F|
|poke|p1|Ninetales-Alola, M|
|poke|p1|Rapidash, F|
|poke|p2|Garchomp, F|
|poke|p2|Sharpedo, M|
|poke|p2|Qwilfish, M|
|poke|p2|Gyarados, M|
|poke|p2|Ferrothorn, M|
|poke|p2|Basculin-Blue-Striped, M|
|rule|HP Percentage Mod: HP is shown in percentages
|rule|Endless Battle Clause: Forcing endless battles is banned
|rule|OHKO Clause: OHKO moves are banned
|rule|Evasion Moves Clause: Evasion moves are banned
|rule|Species Clause: Limit one of each Pokémon
|rule|Dynamax Clause: You cannot dynamax
|rule|Sleep Clause Mod: Limit one foe put to sleep
|rule|Freeze Clause Mod: Limit one foe frozen
|raw|<img src="https:\/\/raw.githubusercontent.com\/scoopapa\/DH\/master\/data\/mods\/m4av6\/sprites\/m4a_banner.png" height="65" width="381">
|-message|Welcome to Megas for All!
|-message|This is a National Dex-based format where we aim to give a new Mega Evolution to every Pokémon.
|-message|Just like any official format, you can still only Mega Evolve one Pokémon per team!
|-message|You can find our thread and metagame resources here:
|-message|https:\/\/www.smogon.com\/forums\/threads\/3671140\/
|teampreview
|j|#inkbug1

|c|☆ZigguratJester|glhf!
|j| Ninjacid
|c|☆JosJet|ty yt!
|c|☆ZigguratJester|nice team!
|
|t:|1635031508
|start
|switch|p1a: Druddigon|Druddigon, M|100\/100
|switch|p2a: Qwilfish|Qwilfish, M|100\/100
|-ability|p2a: Qwilfish|Intimidate|boost
|-unboost|p1a: Druddigon|atk|1
|-ability|p1a: Druddigon|Mold Breaker
|turn|1
|c|☆JosJet|thanks I spent meany years
|c|☆JosJet|building this team
|
|t:|1635031529
|move|p2a: Qwilfish|Taunt|p1a: Druddigon
|-start|p1a: Druddigon|move: Taunt
|cant|p1a: Druddigon|move: Taunt|Stealth Rock
|
|upkeep
|turn|2
|
|t:|1635031534
|move|p2a: Qwilfish|Toxic Spikes|p1a: Druddigon
|-sidestart|p1: JosJet|move: Toxic Spikes
|move|p1a: Druddigon|Earthquake|p2a: Qwilfish
|-supereffective|p2a: Qwilfish
|-damage|p2a: Qwilfish|62\/100
|
|-heal|p2a: Qwilfish|68\/100|[from] item: Black Sludge
|upkeep
|turn|3
|
|t:|1635031548
|switch|p1a: Rapidash|Rapidash, F|100\/100
|-status|p1a: Rapidash|psn
|move|p2a: Qwilfish|Scald|p1a: Rapidash
|-supereffective|p1a: Rapidash
|-damage|p1a: Rapidash|47\/100 psn
|
|-heal|p2a: Qwilfish|74\/100|[from] item: Black Sludge
|-damage|p1a: Rapidash|35\/100 psn|[from] psn
|upkeep
|turn|4
|c|☆JosJet|misclick
|c|☆JosJet|why
|
|t:|1635031562
|switch|p1a: Druddigon|Druddigon, M|100\/100
|-status|p1a: Druddigon|psn
|-ability|p1a: Druddigon|Mold Breaker
|move|p2a: Qwilfish|Scald|p1a: Druddigon
|-resisted|p1a: Druddigon
|-damage|p1a: Druddigon|92\/100 psn
|
|-heal|p2a: Qwilfish|80\/100|[from] item: Black Sludge
|-damage|p1a: Druddigon|80\/100 psn|[from] psn
|upkeep
|turn|5
|
|t:|1635031574
|move|p2a: Qwilfish|Taunt|p1a: Druddigon
|-start|p1a: Druddigon|move: Taunt
|move|p1a: Druddigon|Earthquake|p2a: Qwilfish
|-supereffective|p2a: Qwilfish
|-damage|p2a: Qwilfish|14\/100
|
|-heal|p2a: Qwilfish|20\/100|[from] item: Black Sludge
|-damage|p1a: Druddigon|68\/100 psn|[from] psn
|upkeep
|turn|6
|j| Spooky Fingaa
|j| TheNubbins
|
|t:|1635031613
|switch|p2a: Gyarados|Gyarados, M|100\/100
|switch|p1a: Ludicolo|Ludicolo, F|100\/100
|-status|p1a: Ludicolo|psn
|
|-damage|p1a: Ludicolo|88\/100 psn|[from] psn
|upkeep
|turn|7
|
|t:|1635031622
|switch|p1a: Klefki|Klefki, M|100\/100
|move|p2a: Gyarados|Dragon Dance|p2a: Gyarados
|-boost|p2a: Gyarados|atk|1
|-boost|p2a: Gyarados|spe|1
|
|upkeep
|turn|8
|
|t:|1635031635
|switch|p2a: Sharpedo|Sharpedo, M|100\/100
|move|p1a: Klefki|Thunder Wave|p2a: Sharpedo
|-hint|Since gen 7, Dark is immune to Prankster moves.
|-immune|p2a: Sharpedo
|
|upkeep
|turn|9
|
|t:|1635031643
|move|p2a: Sharpedo|Liquidation|p1a: Klefki
|-damage|p1a: Klefki|62\/100
|move|p1a: Klefki|Dazzling Gleam|p2a: Sharpedo
|-supereffective|p2a: Sharpedo
|-damage|p2a: Sharpedo|0 fnt
|faint|p2a: Sharpedo
|
|-heal|p1a: Klefki|67\/100|[from] item: Leftovers
|upkeep
|c|☆ZigguratJester|ooh
|
|t:|1635031652
|switch|p2a: Garchomp|Garchomp, F|100\/100
|turn|10
|c|☆JosJet|xD
|
|t:|1635031661
|switch|p1a: Druddigon|Druddigon, M|68\/100 psn
|-ability|p1a: Druddigon|Mold Breaker
|move|p2a: Garchomp|Earthquake|p1a: Druddigon
|-damage|p1a: Druddigon|9\/100 psn
|
|-damage|p1a: Druddigon|0 fnt|[from] psn
|faint|p1a: Druddigon
|upkeep
|
|t:|1635031664
|switch|p1a: Ludicolo|Ludicolo, F|88\/100 psn
|turn|11
|
|t:|1635031673
|switch|p2a: Ferrothorn|Ferrothorn, M|100\/100
|move|p1a: Ludicolo|Ice Beam|p2a: Ferrothorn
|-damage|p2a: Ferrothorn|78\/100
|-damage|p1a: Ludicolo|78\/100 psn|[from] item: Life Orb
|
|-heal|p2a: Ferrothorn|84\/100|[from] item: Leftovers
|-damage|p1a: Ludicolo|66\/100 psn|[from] psn
|upkeep
|turn|12
|
|t:|1635031686
|switch|p1a: Rapidash|Rapidash, F|35\/100 psn
|move|p2a: Ferrothorn|Power Whip|p1a: Rapidash
|-resisted|p1a: Rapidash
|-damage|p1a: Rapidash|2\/100 psn
|
|-heal|p2a: Ferrothorn|91\/100|[from] item: Leftovers
|-damage|p1a: Rapidash|0 fnt|[from] psn
|faint|p1a: Rapidash
|upkeep
|
|t:|1635031690
|switch|p1a: Ninetales|Ninetales-Alola, M|100\/100
|-status|p1a: Ninetales|psn
|-weather|Hail|[from] ability: Snow Warning|[of] p1a: Ninetales
|turn|13
|
|t:|1635031700
|move|p1a: Ninetales|Aurora Veil|p1a: Ninetales
|-sidestart|p1: JosJet|move: Aurora Veil
|move|p2a: Ferrothorn|Leech Seed|p1a: Ninetales
|-start|p1a: Ninetales|move: Leech Seed
|
|-weather|Hail|[upkeep]
|-damage|p2a: Ferrothorn|84\/100|[from] Hail
|-heal|p2a: Ferrothorn|91\/100|[from] item: Leftovers
|-damage|p1a: Ninetales|88\/100 psn|[from] Leech Seed|[of] p2a: Ferrothorn
|-heal|p2a: Ferrothorn|100\/100|[silent]
|-damage|p1a: Ninetales|76\/100 psn|[from] psn
|upkeep
|turn|14
|
|t:|1635031709
|move|p1a: Ninetales|Hypnosis|p2a: Ferrothorn|[miss]
|-miss|p1a: Ninetales|p2a: Ferrothorn
|move|p2a: Ferrothorn|Leech Seed||[still]
|-fail|p2a: Ferrothorn
|
|-weather|Hail|[upkeep]
|-damage|p2a: Ferrothorn|94\/100|[from] Hail
|-heal|p2a: Ferrothorn|100\/100|[from] item: Leftovers
|-damage|p1a: Ninetales|64\/100 psn|[from] Leech Seed|[of] p2a: Ferrothorn
|-damage|p1a: Ninetales|51\/100 psn|[from] psn
|upkeep
|turn|15
|
|t:|1635031719
|switch|p1a: Haxorus|Haxorus, F|100\/100
|-status|p1a: Haxorus|psn
|-ability|p1a: Haxorus|Mold Breaker
|switch|p2a: Qwilfish|Qwilfish, M|20\/100
|-ability|p2a: Qwilfish|Intimidate|boost
|-unboost|p1a: Haxorus|atk|1
|
|-weather|Hail|[upkeep]
|-damage|p1a: Haxorus|94\/100 psn|[from] Hail
|-damage|p2a: Qwilfish|14\/100|[from] Hail
|-heal|p2a: Qwilfish|20\/100|[from] item: Black Sludge
|-damage|p1a: Haxorus|82\/100 psn|[from] psn
|upkeep
|turn|16
|
|t:|1635031734
|move|p1a: Haxorus|Close Combat|p2a: Qwilfish
|-resisted|p2a: Qwilfish
|-damage|p2a: Qwilfish|8\/100
|-unboost|p1a: Haxorus|def|1
|-unboost|p1a: Haxorus|spd|1
|move|p2a: Qwilfish|Pain Split|p1a: Haxorus
|-sethp|p1a: Haxorus|46\/100 psn|[from] move: Pain Split|[silent]
|-sethp|p2a: Qwilfish|40\/100|[from] move: Pain Split
|
|-weather|Hail|[upkeep]
|-damage|p1a: Haxorus|39\/100 psn|[from] Hail
|-damage|p2a: Qwilfish|34\/100|[from] Hail
|-heal|p2a: Qwilfish|40\/100|[from] item: Black Sludge
|-damage|p1a: Haxorus|27\/100 psn|[from] psn
|upkeep
|turn|17
|c|☆JosJet|pain
|c| Spooky Fingaa|split
|c| Ninjacid|sniped 
|
|t:|1635031752
|switch|p1a: Ninetales|Ninetales-Alola, M|51\/100 psn
|move|p2a: Qwilfish|Scald|p1a: Ninetales
|-damage|p1a: Ninetales|44\/100 psn
|
|-weather|none
|-heal|p2a: Qwilfish|46\/100|[from] item: Black Sludge
|-damage|p1a: Ninetales|31\/100 psn|[from] psn
|upkeep
|turn|18
|c| Ninjacid|i was about to say it
|
|t:|1635031767
|switch|p2a: Ferrothorn|Ferrothorn, M|100\/100
|move|p1a: Ninetales|Freeze-Dry|p2a: Ferrothorn
|-damage|p2a: Ferrothorn|87\/100
|
|-heal|p2a: Ferrothorn|93\/100|[from] item: Leftovers
|-damage|p1a: Ninetales|19\/100 psn|[from] psn
|upkeep
|turn|19
|
|t:|1635031776
|switch|p2a: Qwilfish|Qwilfish, M|46\/100
|-ability|p2a: Qwilfish|Intimidate|boost
|-unboost|p1a: Ninetales|atk|1
|move|p1a: Ninetales|Hypnosis|p2a: Qwilfish
|-status|p2a: Qwilfish|slp|[from] move: Hypnosis
|
|-heal|p2a: Qwilfish|52\/100 slp|[from] item: Black Sludge
|-damage|p1a: Ninetales|7\/100 psn|[from] psn
|upkeep
|turn|20
|
|t:|1635031786
|switch|p2a: Ferrothorn|Ferrothorn, M|93\/100
|move|p1a: Ninetales|Freeze-Dry|p2a: Ferrothorn
|-damage|p2a: Ferrothorn|79\/100
|
|-heal|p2a: Ferrothorn|85\/100|[from] item: Leftovers
|-damage|p1a: Ninetales|0 fnt|[from] psn
|faint|p1a: Ninetales
|-sideend|p1: JosJet|move: Aurora Veil
|upkeep
|
|t:|1635031791
|switch|p1a: Ludicolo|Ludicolo, F|66\/100 psn
|turn|21
|c|☆JosJet|ahhhh I gttg
|c|☆JosJet|I'll play super quick
|c|☆JosJet|lol
|
|t:|1635031805
|move|p1a: Ludicolo|Ice Beam|p2a: Ferrothorn
|-damage|p2a: Ferrothorn|64\/100
|-damage|p1a: Ludicolo|56\/100 psn|[from] item: Life Orb
|move|p2a: Ferrothorn|Power Whip|p1a: Ludicolo
|-damage|p1a: Ludicolo|0 fnt
|faint|p1a: Ludicolo
|
|-heal|p2a: Ferrothorn|70\/100|[from] item: Leftovers
|upkeep
|
|t:|1635031807
|switch|p1a: Klefki|Klefki, M|67\/100
|turn|22
|
|t:|1635031816
|move|p1a: Klefki|Foul Play|p2a: Ferrothorn
|-damage|p2a: Ferrothorn|55\/100
|-damage|p1a: Klefki|55\/100|[from] ability: Iron Barbs|[of] p2a: Ferrothorn
|move|p2a: Ferrothorn|Leech Seed|p1a: Klefki
|-start|p1a: Klefki|move: Leech Seed
|
|-heal|p1a: Klefki|61\/100|[from] item: Leftovers
|-heal|p2a: Ferrothorn|62\/100|[from] item: Leftovers
|-damage|p1a: Klefki|49\/100|[from] Leech Seed|[of] p2a: Ferrothorn
|-heal|p2a: Ferrothorn|73\/100|[silent]
|upkeep
|turn|23
|
|t:|1635031826
|move|p1a: Klefki|Thunder Wave|p2a: Ferrothorn
|-status|p2a: Ferrothorn|par
|move|p2a: Ferrothorn|Spikes|p1a: Klefki
|-sidestart|p1: JosJet|Spikes
|
|-heal|p1a: Klefki|55\/100|[from] item: Leftovers
|-heal|p2a: Ferrothorn|79\/100 par|[from] item: Leftovers
|-damage|p1a: Klefki|43\/100|[from] Leech Seed|[of] p2a: Ferrothorn
|-heal|p2a: Ferrothorn|90\/100 par|[silent]
|upkeep
|turn|24
|c|☆JosJet|I have to give my friend a steamer
|c|☆JosJet|lol
|
|t:|1635031836
|move|p1a: Klefki|Dazzling Gleam|p2a: Ferrothorn
|-resisted|p2a: Ferrothorn
|-damage|p2a: Ferrothorn|83\/100 par
|move|p2a: Ferrothorn|Spikes|p1a: Klefki
|-sidestart|p1: JosJet|Spikes
|
|-heal|p1a: Klefki|49\/100|[from] item: Leftovers
|-heal|p2a: Ferrothorn|89\/100 par|[from] item: Leftovers
|-damage|p1a: Klefki|36\/100|[from] Leech Seed|[of] p2a: Ferrothorn
|-heal|p2a: Ferrothorn|99\/100 par|[silent]
|upkeep
|turn|25
|
|t:|1635031845
|switch|p1a: Haxorus|Haxorus, F|27\/100 psn
|-damage|p1a: Haxorus|11\/100 psn|[from] Spikes
|-ability|p1a: Haxorus|Mold Breaker
|cant|p2a: Ferrothorn|par
|
|-heal|p2a: Ferrothorn|100\/100 par|[from] item: Leftovers
|-damage|p1a: Haxorus|0 fnt|[from] psn
|faint|p1a: Haxorus
|upkeep
|
|t:|1635031847
|switch|p1a: Klefki|Klefki, M|36\/100
|-damage|p1a: Klefki|20\/100|[from] Spikes
|turn|26
|
|t:|1635031857
|move|p1a: Klefki|Foul Play|p2a: Ferrothorn
|-damage|p2a: Ferrothorn|86\/100 par
|-damage|p1a: Klefki|7\/100|[from] ability: Iron Barbs|[of] p2a: Ferrothorn
|cant|p2a: Ferrothorn|par
|
|-heal|p1a: Klefki|13\/100|[from] item: Leftovers
|-heal|p2a: Ferrothorn|92\/100 par|[from] item: Leftovers
|upkeep
|turn|27
|c|☆ZigguratJester|gg
|
|t:|1635031866
|move|p1a: Klefki|Foul Play|p2a: Ferrothorn
|-damage|p2a: Ferrothorn|76\/100 par
|-damage|p1a: Klefki|1\/100|[from] ability: Iron Barbs|[of] p2a: Ferrothorn
|move|p2a: Ferrothorn|Power Whip|p1a: Klefki
|-resisted|p1a: Klefki
|-damage|p1a: Klefki|0 fnt
|faint|p1a: Klefki
|
|win|ZigguratJester
|c|☆JosJet|gg!
|l| Spooky Fingaa</script>
</div>
<div class="battle-log battle-log-inline"><div class="inner"><div class="battle-options"><div style="padding-top: 3px; padding-right: 3px; text-align: right"><button class="icon button" name="openBattleOptions" title="Options">Battle Options</button></div></div><div class="inner message-log"><div class="chat"><small>☆JosJet and ☆ZigguratJester joined</small></div><div class=""><small>Format:</small> <br><strong>[Gen 8] Megas for All</strong></div><div class="rated"><strong>Tournament battle</strong></div><div class=""><small><em>HP Percentage Mod:</em> HP is shown in percentages</small></div><div class=""><small><em>Endless Battle Clause:</em> Forcing endless battles is banned</small></div><div class=""><small><em>OHKO Clause:</em> OHKO moves are banned</small></div><div class=""><small><em>Evasion Moves Clause:</em> Evasion moves are banned</small></div><div class=""><small><em>Species Clause:</em> Limit one of each Pokémon</small></div><div class=""><small><em>Dynamax Clause:</em> You cannot dynamax</small></div><div class=""><small><em>Sleep Clause Mod:</em> Limit one foe put to sleep</small></div><div class=""><small><em>Freeze Clause Mod:</em> Limit one foe frozen</small></div><div class="chat"><img src="https://raw.githubusercontent.com/scoopapa/DH/master/data/mods/m4av6/sprites/m4a_banner.png" height="65" width="381"></div><div class="spacer battle-history"><br></div><div class="battle-history"><small>Welcome to Megas for All!</small><br></div><div class="battle-history"><small>This is a National Dex-based format where we aim to give a new Mega Evolution to every Pokémon.</small><br></div><div class="battle-history"><small>Just like any official format, you can still only Mega Evolve one Pokémon per team!</small><br></div><div class="battle-history"><small>You can find our thread and metagame resources here:</small><br></div><div class="battle-history"><small>https://www.smogon.com/forums/threads/3671140/</small><br></div><div class="chat battle-history"><strong>JosJet's team:</strong> <em style="color:#445566;display:block;">Druddigon / Haxorus / Klefki / Ludicolo / Ninetales-Alola / Rapidash</em></div><div class="chat battle-history"><strong>ZigguratJester's team:</strong> <em style="color:#445566;display:block;">Garchomp / Sharpedo / Qwilfish / Gyarados / Ferrothorn / Basculin-Blue-Striped</em></div><div class="chat"><small>#inkbug1 joined</small></div><div class="chat chatmessage-zigguratjester"><strong style="color:#bc17cf"><small>☆</small><span class="username" data-name="ZigguratJester">ZigguratJester</span>:</strong> <em>glhf!</em></div><div class="chat"><small> Ninjacid joined</small></div><div class="chat chatmessage-josjet"><strong style="color:#41b2b6"><small>☆</small><span class="username" data-name="JosJet">JosJet</span>:</strong> <em>ty yt!</em></div><div class="chat chatmessage-zigguratjester"><strong style="color:#bc17cf"><small>☆</small><span class="username" data-name="ZigguratJester">ZigguratJester</span>:</strong> <em>nice team!</em></div><div class="spacer battle-history"><br></div><div class="battle-history">Battle started between JosJet and ZigguratJester!<br></div><div class="spacer battle-history"><br></div><div class="battle-history">Go! <strong>Druddigon</strong>!<br></div><div class="spacer battle-history"><br></div><div class="battle-history">ZigguratJester sent out <strong>Qwilfish</strong>!<br></div><div class="battle-history">[The opposing Qwilfish's Intimidate]<br></div><div class="battle-history"><small>Druddigon's Attack fell!</small><br></div><div class="battle-history">[Druddigon's Mold Breaker]<br><small>Druddigon breaks the mold!</small><br></div><div class="spacer battle-history"><br></div><h2 class="battle-history">Turn 1</h2><div class="chat chatmessage-josjet"><strong style="color:#41b2b6"><small>☆</small><span class="username" data-name="JosJet">JosJet</span>:</strong> <em>thanks I spent meany years</em></div><div class="chat chatmessage-josjet"><strong style="color:#41b2b6"><small>☆</small><span class="username" data-name="JosJet">JosJet</span>:</strong> <em>building this team</em></div><div class="spacer battle-history"><br></div><div class="battle-history">The opposing Qwilfish used <strong>Taunt</strong>!<br></div><div class="battle-history"><small>Druddigon fell for the taunt!</small><br></div><div class="spacer battle-history"><br></div><div class="battle-history">Druddigon can't use Stealth Rock after the taunt!<br></div><div class="spacer battle-history"><br></div><h2 class="battle-history">Turn 2</h2><div class="spacer battle-history"><br></div><div class="battle-history">The opposing Qwilfish used <strong>Toxic Spikes</strong>!<br></div><div class="battle-history"><small>Poison spikes were scattered on the ground all around your team!</small><br></div><div class="spacer battle-history"><br></div><div class="battle-history">Druddigon used <strong>Earthquake</strong>!<br></div><div class="battle-history"><small>It's super effective!</small><br></div><div class="battle-history"><small>(The opposing Qwilfish lost 38% of its health!)</small><br></div><div class="spacer battle-history"><br></div><div class="battle-history"><small>The opposing Qwilfish restored a little HP using its Black Sludge!</small><br></div><div class="spacer battle-history"><br></div><h2 class="battle-history">Turn 3</h2><div class="spacer battle-history"><br></div><div class="battle-history">Druddigon, come back!<br></div><div class="battle-history">Go! <strong>Rapidash</strong>!<br></div><div class="battle-history"><small>Rapidash was poisoned!</small><br></div><div class="spacer battle-history"><br></div><div class="battle-history">The opposing Qwilfish used <strong>Scald</strong>!<br></div><div class="battle-history"><small>It's super effective!</small><br></div><div class="battle-history"><small>(Rapidash lost 53% of its health!)</small><br></div><div class="spacer battle-history"><br></div><div class="battle-history"><small>The opposing Qwilfish restored a little HP using its Black Sludge!</small><br></div><div class="battle-history"><small>Rapidash was hurt by poison!</small><br></div><div class="spacer battle-history"><br></div><h2 class="battle-history">Turn 4</h2><div class="chat chatmessage-josjet"><strong style="color:#41b2b6"><small>☆</small><span class="username" data-name="JosJet">JosJet</span>:</strong> <em>misclick</em></div><div class="chat chatmessage-josjet"><strong style="color:#41b2b6"><small>☆</small><span class="username" data-name="JosJet">JosJet</span>:</strong> <em>why</em></div><div class="spacer battle-history"><br></div><div class="battle-history">Rapidash, come back!<br></div><div class="battle-history">Go! <strong>Druddigon</strong>!<br></div><div class="battle-history"><small>Druddigon was poisoned!</small><br></div><div class="battle-history">[Druddigon's Mold Breaker]<br><small>Druddigon breaks the mold!</small><br></div><div class="spacer battle-history"><br></div><div class="battle-history">The opposing Qwilfish used <strong>Scald</strong>!<br></div><div class="battle-history"><small>It's not very effective...</small><br></div><div class="battle-history"><small>(Druddigon lost 8% of its health!)</small><br></div><div class="spacer battle-history"><br></div><div class="battle-history"><small>The opposing Qwilfish restored a little HP using its Black Sludge!</small><br></div><div class="battle-history"><small>Druddigon was hurt by poison!</small><br></div><div class="spacer battle-history"><br></div><h2 class="battle-history">Turn 5</h2><div class="spacer battle-history"><br></div><div class="battle-history">The opposing Qwilfish used <strong>Taunt</strong>!<br></div><div class="battle-history"><small>Druddigon fell for the taunt!</small><br></div><div class="spacer battle-history"><br></div><div class="battle-history">Druddigon used <strong>Earthquake</strong>!<br></div><div class="battle-history"><small>It's super effective!</small><br></div><div class="battle-history"><small>(The opposing Qwilfish lost 66% of its health!)</small><br></div><div class="spacer battle-history"><br></div><div class="battle-history"><small>The opposing Qwilfish restored a little HP using its Black Sludge!</small><br></div><div class="battle-history"><small>Druddigon was hurt by poison!</small><br></div><div class="spacer battle-history"><br></div><h2 class="battle-history">Turn 6</h2><div class="chat"><small> Spooky Fingaa and  TheNubbins joined</small></div><div class="spacer battle-history"><br></div><div class="battle-history">ZigguratJester withdrew Qwilfish!<br></div><div class="battle-history">ZigguratJester sent out <strong>Gyarados</strong>!<br></div><div class="spacer battle-history"><br></div><div class="battle-history">Druddigon, come back!<br></div><div class="battle-history">Go! <strong>Ludicolo</strong>!<br></div><div class="battle-history"><small>Ludicolo was poisoned!</small><br></div><div class="spacer battle-history"><br></div><div class="battle-history"><small>Ludicolo was hurt by poison!</small><br></div><div class="spacer battle-history"><br></div><h2 class="battle-history">Turn 7</h2><div class="spacer battle-history"><br></div><div class="battle-history">Ludicolo, come back!<br></div><div class="battle-history">Go! <strong>Klefki</strong>!<br></div><div class="spacer battle-history"><br></div><div class="battle-history">The opposing Gyarados used <strong>Dragon Dance</strong>!<br></div><div class="battle-history"><small>The opposing Gyarados's Attack rose!</small><br></div><div class="battle-history"><small>The opposing Gyarados's Speed rose!</small><br></div><div class="spacer battle-history"><br></div><h2 class="battle-history">Turn 8</h2><div class="spacer battle-history"><br></div><div class="battle-history">ZigguratJester withdrew Gyarados!<br></div><div class="battle-history">ZigguratJester sent out <strong>Sharpedo</strong>!<br></div><div class="spacer battle-history"><br></div><div class="battle-history">Klefki used <strong>Thunder Wave</strong>!<br></div><div class="battle-history"><small>(Since gen 7, Dark is immune to Prankster moves.)</small><br></div><div class="battle-history"><small>It doesn't affect the opposing Sharpedo...</small><br></div><div class="spacer battle-history"><br></div><h2 class="battle-history">Turn 9</h2><div class="spacer battle-history"><br></div><div class="battle-history">The opposing Sharpedo used <strong>Liquidation</strong>!<br></div><div class="battle-history"><small>(Klefki lost 38% of its health!)</small><br></div><div class="spacer battle-history"><br></div><div class="battle-history">Klefki used <strong>Dazzling Gleam</strong>!<br></div><div class="battle-history"><small>It's super effective!</small><br></div><div class="battle-history"><small>(The opposing Sharpedo lost 100% of its health!)</small><br></div><div class="spacer battle-history"><br></div><div class="battle-history">The opposing Sharpedo fainted!<br></div><div class="spacer battle-history"><br></div><div class="battle-history"><small>Klefki restored a little HP using its Leftovers!</small><br></div><div class="chat chatmessage-zigguratjester"><strong style="color:#bc17cf"><small>☆</small><span class="username" data-name="ZigguratJester">ZigguratJester</span>:</strong> <em>ooh</em></div><div class="spacer battle-history"><br></div><div class="battle-history">ZigguratJester sent out <strong>Garchomp</strong>!<br></div><div class="spacer battle-history"><br></div><h2 class="battle-history">Turn 10</h2><div class="chat chatmessage-josjet"><strong style="color:#41b2b6"><small>☆</small><span class="username" data-name="JosJet">JosJet</span>:</strong> <em>xD</em></div><div class="spacer battle-history"><br></div><div class="battle-history">Klefki, come back!<br></div><div class="battle-history">Go! <strong>Druddigon</strong>!<br></div><div class="battle-history">[Druddigon's Mold Breaker]<br><small>Druddigon breaks the mold!</small><br></div><div class="spacer battle-history"><br></div><div class="battle-history">The opposing Garchomp used <strong>Earthquake</strong>!<br></div><div class="battle-history"><small>(Druddigon lost 59% of its health!)</small><br></div><div class="spacer battle-history"><br></div><div class="battle-history"><small>Druddigon was hurt by poison!</small><br></div><div class="spacer battle-history"><br></div><div class="battle-history">Druddigon fainted!<br></div><div class="spacer battle-history"><br></div><div class="battle-history">Go! <strong>Ludicolo</strong>!<br></div><div class="spacer battle-history"><br></div><h2 class="battle-history">Turn 11</h2><div class="spacer battle-history"><br></div><div class="battle-history">ZigguratJester withdrew Garchomp!<br></div><div class="battle-history">ZigguratJester sent out <strong>Ferrothorn</strong>!<br></div><div class="spacer battle-history"><br></div><div class="battle-history">Ludicolo used <strong>Ice Beam</strong>!<br></div><div class="battle-history"><small>(The opposing Ferrothorn lost 22% of its health!)</small><br></div><div class="battle-history"><small>Ludicolo lost some of its HP!</small><br></div><div class="spacer battle-history"><br></div><div class="battle-history"><small>The opposing Ferrothorn restored a little HP using its Leftovers!</small><br></div><div class="battle-history"><small>Ludicolo was hurt by poison!</small><br></div><div class="spacer battle-history"><br></div><h2 class="battle-history">Turn 12</h2><div class="spacer battle-history"><br></div><div class="battle-history">Ludicolo, come back!<br></div><div class="battle-history">Go! <strong>Rapidash</strong>!<br></div><div class="spacer battle-history"><br></div><div class="battle-history">The opposing Ferrothorn used <strong>Power Whip</strong>!<br></div><div class="battle-history"><small>It's not very effective...</small><br></div><div class="battle-history"><small>(Rapidash lost 33% of its health!)</small><br></div><div class="spacer battle-history"><br></div><div class="battle-history"><small>The opposing Ferrothorn restored a little HP using its Leftovers!</small><br></div><div class="battle-history"><small>Rapidash was hurt by poison!</small><br></div><div class="spacer battle-history"><br></div><div class="battle-history">Rapidash fainted!<br></div><div class="spacer battle-history"><br></div><div class="battle-history">Go! Ninetales (<strong>Ninetales-Alola</strong>)!<br></div><div class="battle-history"><small>Ninetales was poisoned!</small><br></div><div class="battle-history">[Ninetales's Snow Warning]<br><small>It started to hail!</small><br></div><div class="spacer battle-history"><br></div><h2 class="battle-history">Turn 13</h2><div class="spacer battle-history"><br></div><div class="battle-history">Ninetales used <strong>Aurora Veil</strong>!<br></div><div class="battle-history"><small>Aurora Veil made your team stronger against physical and special moves!</small><br></div><div class="spacer battle-history"><br></div><div class="battle-history">The opposing Ferrothorn used <strong>Leech Seed</strong>!<br></div><div class="battle-history"><small>Ninetales was seeded!</small><br></div><div class="spacer battle-history"><br></div><div class="battle-history"><small>(The hail is crashing down.)</small><br></div><div class="battle-history"><small>The opposing Ferrothorn is buffeted by the hail!</small><br></div><div class="battle-history"><small>The opposing Ferrothorn restored a little HP using its Leftovers!</small><br></div><div class="battle-history"><small>Ninetales's health is sapped by Leech Seed!</small><br></div><div class="battle-history"><small>Ninetales was hurt by poison!</small><br></div><div class="spacer battle-history"><br></div><h2 class="battle-history">Turn 14</h2><div class="spacer battle-history"><br></div><div class="battle-history">Ninetales used <strong>Hypnosis</strong>!<br></div><div class="battle-history"><small>The opposing Ferrothorn avoided the attack!</small><br></div><div class="spacer battle-history"><br></div><div class="battle-history">The opposing Ferrothorn used <strong>Leech Seed</strong>!<br></div><div class="battle-history"><small>But it failed!</small><br></div><div class="spacer battle-history"><br></div><div class="battle-history"><small>(The hail is crashing down.)</small><br></div><div class="battle-history"><small>The opposing Ferrothorn is buffeted by the hail!</small><br></div><div class="battle-history"><small>The opposing Ferrothorn restored a little HP using its Leftovers!</small><br></div><div class="battle-history"><small>Ninetales's health is sapped by Leech Seed!</small><br></div><div class="battle-history"><small>Ninetales was hurt by poison!</small><br></div><div class="spacer battle-history"><br></div><h2 class="battle-history">Turn 15</h2><div class="spacer battle-history"><br></div><div class="battle-history">Ninetales, come back!<br></div><div class="battle-history">Go! <strong>Haxorus</strong>!<br></div><div class="battle-history"><small>Haxorus was poisoned!</small><br></div><div class="battle-history">[Haxorus's Mold Breaker]<br><small>Haxorus breaks the mold!</small><br></div><div class="spacer battle-history"><br></div><div class="battle-history">ZigguratJester withdrew Ferrothorn!<br></div><div class="battle-history">ZigguratJester sent out <strong>Qwilfish</strong>!<br></div><div class="battle-history">[The opposing Qwilfish's Intimidate]<br></div><div class="battle-history"><small>Haxorus's Attack fell!</small><br></div><div class="spacer battle-history"><br></div><div class="battle-history"><small>(The hail is crashing down.)</small><br></div><div class="battle-history"><small>Haxorus is buffeted by the hail!</small><br></div><div class="battle-history"><small>The opposing Qwilfish is buffeted by the hail!</small><br></div><div class="battle-history"><small>The opposing Qwilfish restored a little HP using its Black Sludge!</small><br></div><div class="battle-history"><small>Haxorus was hurt by poison!</small><br></div><div class="spacer battle-history"><br></div><h2 class="battle-history">Turn 16</h2><div class="spacer battle-history"><br></div><div class="battle-history">Haxorus used <strong>Close Combat</strong>!<br></div><div class="battle-history"><small>It's not very effective...</small><br></div><div class="battle-history"><small>(The opposing Qwilfish lost 12% of its health!)</small><br></div><div class="battle-history"><small>Haxorus's Defense fell!</small><br></div><div class="battle-history"><small>Haxorus's Sp. Def fell!</small><br></div><div class="spacer battle-history"><br></div><div class="battle-history">The opposing Qwilfish used <strong>Pain Split</strong>!<br></div><div class="battle-history"><small>The battlers shared their pain!</small><br></div><div class="spacer battle-history"><br></div><div class="battle-history"><small>(The hail is crashing down.)</small><br></div><div class="battle-history"><small>Haxorus is buffeted by the hail!</small><br></div><div class="battle-history"><small>The opposing Qwilfish is buffeted by the hail!</small><br></div><div class="battle-history"><small>The opposing Qwilfish restored a little HP using its Black Sludge!</small><br></div><div class="battle-history"><small>Haxorus was hurt by poison!</small><br></div><div class="spacer battle-history"><br></div><h2 class="battle-history">Turn 17</h2><div class="chat chatmessage-josjet"><strong style="color:#41b2b6"><small>☆</small><span class="username" data-name="JosJet">JosJet</span>:</strong> <em>pain</em></div><div class="chat chatmessage-spookyfingaa"><strong style="color:#6647e2"><small> </small><span class="username" data-name="Spooky Fingaa">Spooky Fingaa</span>:</strong> <em>split</em></div><div class="chat chatmessage-ninjacid"><strong style="color:#c62447"><small> </small><span class="username" data-name="Ninjacid">Ninjacid</span>:</strong> <em>sniped </em></div><div class="spacer battle-history"><br></div><div class="battle-history">Haxorus, come back!<br></div><div class="battle-history">Go! Ninetales (<strong>Ninetales-Alola</strong>)!<br></div><div class="spacer battle-history"><br></div><div class="battle-history">The opposing Qwilfish used <strong>Scald</strong>!<br></div><div class="battle-history"><small>(Ninetales lost 7% of its health!)</small><br></div><div class="spacer battle-history"><br></div><div class="battle-history"><small>The hail stopped.</small><br></div><div class="battle-history"><small>The opposing Qwilfish restored a little HP using its Black Sludge!</small><br></div><div class="battle-history"><small>Ninetales was hurt by poison!</small><br></div><div class="spacer battle-history"><br></div><h2 class="battle-history">Turn 18</h2><div class="chat chatmessage-ninjacid"><strong style="color:#c62447"><small> </small><span class="username" data-name="Ninjacid">Ninjacid</span>:</strong> <em>i was about to say it</em></div><div class="spacer battle-history"><br></div><div class="battle-history">ZigguratJester withdrew Qwilfish!<br></div><div class="battle-history">ZigguratJester sent out <strong>Ferrothorn</strong>!<br></div><div class="spacer battle-history"><br></div><div class="battle-history">Ninetales used <strong>Freeze-Dry</strong>!<br></div><div class="battle-history"><small>(The opposing Ferrothorn lost 13% of its health!)</small><br></div><div class="spacer battle-history"><br></div><div class="battle-history"><small>The opposing Ferrothorn restored a little HP using its Leftovers!</small><br></div><div class="battle-history"><small>Ninetales was hurt by poison!</small><br></div><div class="spacer battle-history"><br></div><h2 class="battle-history">Turn 19</h2><div class="spacer battle-history"><br></div><div class="battle-history">ZigguratJester withdrew Ferrothorn!<br></div><div class="battle-history">ZigguratJester sent out <strong>Qwilfish</strong>!<br></div><div class="battle-history">[The opposing Qwilfish's Intimidate]<br></div><div class="battle-history"><small>Ninetales's Attack fell!</small><br></div><div class="spacer battle-history"><br></div><div class="battle-history">Ninetales used <strong>Hypnosis</strong>!<br></div><div class="battle-history"><small>The opposing Qwilfish fell asleep!</small><br></div><div class="spacer battle-history"><br></div><div class="battle-history"><small>The opposing Qwilfish restored a little HP using its Black Sludge!</small><br></div><div class="battle-history"><small>Ninetales was hurt by poison!</small><br></div><div class="spacer battle-history"><br></div><h2 class="battle-history">Turn 20</h2><div class="spacer battle-history"><br></div><div class="battle-history">ZigguratJester withdrew Qwilfish!<br></div><div class="battle-history">ZigguratJester sent out <strong>Ferrothorn</strong>!<br></div><div class="spacer battle-history"><br></div><div class="battle-history">Ninetales used <strong>Freeze-Dry</strong>!<br></div><div class="battle-history"><small>(The opposing Ferrothorn lost 14% of its health!)</small><br></div><div class="spacer battle-history"><br></div><div class="battle-history"><small>The opposing Ferrothorn restored a little HP using its Leftovers!</small><br></div><div class="battle-history"><small>Ninetales was hurt by poison!</small><br></div><div class="spacer battle-history"><br></div><div class="battle-history">Ninetales fainted!<br></div><div class="battle-history"><small>Your team's Aurora Veil wore off!</small><br></div><div class="spacer battle-history"><br></div><div class="battle-history">Go! <strong>Ludicolo</strong>!<br></div><div class="spacer battle-history"><br></div><h2 class="battle-history">Turn 21</h2><div class="chat chatmessage-josjet"><strong style="color:#41b2b6"><small>☆</small><span class="username" data-name="JosJet">JosJet</span>:</strong> <em>ahhhh I gttg</em></div><div class="chat chatmessage-josjet"><strong style="color:#41b2b6"><small>☆</small><span class="username" data-name="JosJet">JosJet</span>:</strong> <em>I'll play super quick</em></div><div class="chat chatmessage-josjet"><strong style="color:#41b2b6"><small>☆</small><span class="username" data-name="JosJet">JosJet</span>:</strong> <em>lol</em></div><div class="spacer battle-history"><br></div><div class="battle-history">Ludicolo used <strong>Ice Beam</strong>!<br></div><div class="battle-history"><small>(The opposing Ferrothorn lost 21% of its health!)</small><br></div><div class="battle-history"><small>Ludicolo lost some of its HP!</small><br></div><div class="spacer battle-history"><br></div><div class="battle-history">The opposing Ferrothorn used <strong>Power Whip</strong>!<br></div><div class="battle-history"><small>(Ludicolo lost 56% of its health!)</small><br></div><div class="spacer battle-history"><br></div><div class="battle-history">Ludicolo fainted!<br></div><div class="spacer battle-history"><br></div><div class="battle-history"><small>The opposing Ferrothorn restored a little HP using its Leftovers!</small><br></div><div class="spacer battle-history"><br></div><div class="battle-history">Go! <strong>Klefki</strong>!<br></div><div class="spacer battle-history"><br></div><h2 class="battle-history">Turn 22</h2><div class="spacer battle-history"><br></div><div class="battle-history">Klefki used <strong>Foul Play</strong>!<br></div><div class="battle-history"><small>(The opposing Ferrothorn lost 15% of its health!)</small><br></div><div class="battle-history">[The opposing Ferrothorn's Iron Barbs]<br><small>Klefki was hurt!</small><br></div><div class="spacer battle-history"><br></div><div class="battle-history">The opposing Ferrothorn used <strong>Leech Seed</strong>!<br></div><div class="battle-history"><small>Klefki was seeded!</small><br></div><div class="spacer battle-history"><br></div><div class="battle-history"><small>Klefki restored a little HP using its Leftovers!</small><br></div><div class="battle-history"><small>The opposing Ferrothorn restored a little HP using its Leftovers!</small><br></div><div class="battle-history"><small>Klefki's health is sapped by Leech Seed!</small><br></div><div class="spacer battle-history"><br></div><h2 class="battle-history">Turn 23</h2><div class="spacer battle-history"><br></div><div class="battle-history">Klefki used <strong>Thunder Wave</strong>!<br></div><div class="battle-history"><small>The opposing Ferrothorn is paralyzed! It may be unable to move!</small><br></div><div class="spacer battle-history"><br></div><div class="battle-history">The opposing Ferrothorn used <strong>Spikes</strong>!<br></div><div class="battle-history"><small>Spikes were scattered on the ground all around your team!</small><br></div><div class="spacer battle-history"><br></div><div class="battle-history"><small>Klefki restored a little HP using its Leftovers!</small><br></div><div class="battle-history"><small>The opposing Ferrothorn restored a little HP using its Leftovers!</small><br></div><div class="battle-history"><small>Klefki's health is sapped by Leech Seed!</small><br></div><div class="spacer battle-history"><br></div><h2 class="battle-history">Turn 24</h2><div class="chat chatmessage-josjet"><strong style="color:#41b2b6"><small>☆</small><span class="username" data-name="JosJet">JosJet</span>:</strong> <em>I have to give my friend a steamer</em></div><div class="chat chatmessage-josjet"><strong style="color:#41b2b6"><small>☆</small><span class="username" data-name="JosJet">JosJet</span>:</strong> <em>lol</em></div><div class="spacer battle-history"><br></div><div class="battle-history">Klefki used <strong>Dazzling Gleam</strong>!<br></div><div class="battle-history"><small>It's not very effective...</small><br></div><div class="battle-history"><small>(The opposing Ferrothorn lost 7% of its health!)</small><br></div><div class="spacer battle-history"><br></div><div class="battle-history">The opposing Ferrothorn used <strong>Spikes</strong>!<br></div><div class="battle-history"><small>Spikes were scattered on the ground all around your team!</small><br></div><div class="spacer battle-history"><br></div><div class="battle-history"><small>Klefki restored a little HP using its Leftovers!</small><br></div><div class="battle-history"><small>The opposing Ferrothorn restored a little HP using its Leftovers!</small><br></div><div class="battle-history"><small>Klefki's health is sapped by Leech Seed!</small><br></div><div class="spacer battle-history"><br></div><h2 class="battle-history">Turn 25</h2><div class="spacer battle-history"><br></div><div class="battle-history">Klefki, come back!<br></div><div class="battle-history">Go! <strong>Haxorus</strong>!<br></div><div class="battle-history"><small>Haxorus was hurt by the spikes!</small><br></div><div class="battle-history">[Haxorus's Mold Breaker]<br><small>Haxorus breaks the mold!</small><br></div><div class="spacer battle-history"><br></div><div class="battle-history">The opposing Ferrothorn is paralyzed! It can't move!<br></div><div class="spacer battle-history"><br></div><div class="battle-history"><small>The opposing Ferrothorn restored a little HP using its Leftovers!</small><br></div><div class="battle-history"><small>Haxorus was hurt by poison!</small><br></div><div class="spacer battle-history"><br></div><div class="battle-history">Haxorus fainted!<br></div><div class="spacer battle-history"><br></div><div class="battle-history">Go! <strong>Klefki</strong>!<br></div><div class="battle-history"><small>Klefki was hurt by the spikes!</small><br></div><div class="spacer battle-history"><br></div><h2 class="battle-history">Turn 26</h2><div class="spacer battle-history"><br></div><div class="battle-history">Klefki used <strong>Foul Play</strong>!<br></div><div class="battle-history"><small>(The opposing Ferrothorn lost 14% of its health!)</small><br></div><div class="battle-history">[The opposing Ferrothorn's Iron Barbs]<br><small>Klefki was hurt!</small><br></div><div class="spacer battle-history"><br></div><div class="battle-history">The opposing Ferrothorn is paralyzed! It can't move!<br></div><div class="spacer battle-history"><br></div><div class="battle-history"><small>Klefki restored a little HP using its Leftovers!</small><br></div><div class="battle-history"><small>The opposing Ferrothorn restored a little HP using its Leftovers!</small><br></div><div class="spacer battle-history"><br></div><h2 class="battle-history">Turn 27</h2><div class="chat chatmessage-zigguratjester"><strong style="color:#bc17cf"><small>☆</small><span class="username" data-name="ZigguratJester">ZigguratJester</span>:</strong> <em>gg</em></div><div class="spacer battle-history"><br></div><div class="battle-history">Klefki used <strong>Foul Play</strong>!<br></div><div class="battle-history"><small>(The opposing Ferrothorn lost 16% of its health!)</small><br></div><div class="battle-history">[The opposing Ferrothorn's Iron Barbs]<br><small>Klefki was hurt!</small><br></div><div class="spacer battle-history"><br></div><div class="battle-history">The opposing Ferrothorn used <strong>Power Whip</strong>!<br></div><div class="battle-history"><small>It's not very effective...</small><br></div><div class="battle-history"><small>(Klefki lost 1% of its health!)</small><br></div><div class="spacer battle-history"><br></div><div class="battle-history">Klefki fainted!<br></div><div class="spacer battle-history"><br></div><div class="battle-history"><strong>ZigguratJester</strong> won the battle!<br></div><div class="chat chatmessage-josjet"><strong style="color:#41b2b6"><small>☆</small><span class="username" data-name="JosJet">JosJet</span>:</strong> <em>gg!</em></div><div class="chat"><small> Spooky Fingaa left</small></div></div><div class="inner-preempt message-log"></div></div></div>
</div>
<script>
let daily = Math.floor(Date.now()/1000/60/60/24);document.write('<script src="https://dragonheaven.herokuapp.com/js/replay-embed.js?version'+daily+'"></'+'script>');
</script>
