<!DOCTYPE html>
<meta charset="utf-8" />
<!-- version 1 -->
<title>[Gen 8] Megas for All replay: ThatTheDamned vs. Sticky Fingaa</title>
<style>
html,body {font-family:Verdana, sans-serif;font-size:10pt;margin:0;padding:0;}body{padding:12px 0;} .battle-log {font-family:Verdana, sans-serif;font-size:10pt;} .battle-log-inline {border:1px solid #AAAAAA;background:#EEF2F5;color:black;max-width:640px;margin:0 auto 80px;padding-bottom:5px;} .battle-log .inner {padding:4px 8px 0px 8px;} .battle-log .inner-preempt {padding:0 8px 4px 8px;} .battle-log .inner-after {margin-top:0.5em;} .battle-log h2 {margin:0.5em -8px;padding:4px 8px;border:1px solid #AAAAAA;background:#E0E7EA;border-left:0;border-right:0;font-family:Verdana, sans-serif;font-size:13pt;} .battle-log .chat {vertical-align:middle;padding:3px 0 3px 0;font-size:8pt;} .battle-log .chat strong {color:#40576A;} .battle-log .chat em {padding:1px 4px 1px 3px;color:#000000;font-style:normal;} .chat.mine {background:rgba(0,0,0,0.05);margin-left:-8px;margin-right:-8px;padding-left:8px;padding-right:8px;} .spoiler {color:#BBBBBB;background:#BBBBBB;padding:0px 3px;} .spoiler:hover, .spoiler:active, .spoiler-shown {color:#000000;background:#E2E2E2;padding:0px 3px;} .spoiler a {color:#BBBBBB;} .spoiler:hover a, .spoiler:active a, .spoiler-shown a {color:#2288CC;} .chat code, .chat .spoiler:hover code, .chat .spoiler:active code, .chat .spoiler-shown code {border:1px solid #C0C0C0;background:#EEEEEE;color:black;padding:0 2px;} .chat .spoiler code {border:1px solid #CCCCCC;background:#CCCCCC;color:#CCCCCC;} .battle-log .rated {padding:3px 4px;} .battle-log .rated strong {color:white;background:#89A;padding:1px 4px;border-radius:4px;} .spacer {margin-top:0.5em;} .message-announce {background:#6688AA;color:white;padding:1px 4px 2px;} .message-announce a, .broadcast-green a, .broadcast-blue a, .broadcast-red a {color:#DDEEFF;} .broadcast-green {background-color:#559955;color:white;padding:2px 4px;} .broadcast-blue {background-color:#6688AA;color:white;padding:2px 4px;} .infobox {border:1px solid #6688AA;padding:2px 4px;} .infobox-limited {max-height:200px;overflow:auto;overflow-x:hidden;} .broadcast-red {background-color:#AA5544;color:white;padding:2px 4px;} .message-learn-canlearn {font-weight:bold;color:#228822;text-decoration:underline;} .message-learn-cannotlearn {font-weight:bold;color:#CC2222;text-decoration:underline;} .message-effect-weak {font-weight:bold;color:#CC2222;} .message-effect-resist {font-weight:bold;color:#6688AA;} .message-effect-immune {font-weight:bold;color:#666666;} .message-learn-list {margin-top:0;margin-bottom:0;} .message-throttle-notice, .message-error {color:#992222;} .message-overflow, .chat small.message-overflow {font-size:0pt;} .message-overflow::before {font-size:9pt;content:'...';} .subtle {color:#3A4A66;}
</style>
<div class="wrapper replay-wrapper" style="max-width:1180px;margin:0 auto">
<input type="hidden" name="replayid" value="dragonheaven-gen8megasforall-294" />
<div class="battle"></div><div class="battle-log"></div><div class="replay-controls"></div><div class="replay-controls-2"></div>
<h1 style="font-weight:normal;text-align:center"><strong>[Gen 8] Megas for All</strong><br /><a href="http://pokemonshowdown.com/users/thatthedamned" class="subtle" target="_blank">ThatTheDamned</a> vs. <a href="http://pokemonshowdown.com/users/stickyfingaa" class="subtle" target="_blank">Sticky Fingaa</a></h1>
<script type="text/plain" class="battle-log-data">|j|☆ThatTheDamned
|j|☆Sticky Fingaa
|t:|1615669475
|player|p1|ThatTheDamned|bugcatcher|
|player|p2|Sticky Fingaa|cress|
|teamsize|p1|6
|teamsize|p2|6
|gametype|singles
|gen|8
|tier|[Gen 8] Megas for All
|clearpoke
|poke|p1|Delphox, F|
|poke|p1|Gliscor, M|
|poke|p1|Conkeldurr, F|
|poke|p1|Kommo-o, F|
|poke|p1|Rotom-Wash|
|poke|p1|Amoonguss, M|
|poke|p2|Kyurem|
|poke|p2|Delphox, F|
|poke|p2|Tangrowth, F|
|poke|p2|Rotom-Wash|
|poke|p2|Clefable, F|
|poke|p2|Landorus-Therian, M|
|rule|HP Percentage Mod: HP is shown in percentages
|rule|Endless Battle Clause: Forcing endless battles is banned
|rule|OHKO Clause: OHKO moves are banned
|rule|Evasion Moves Clause: Evasion moves are banned
|rule|Species Clause: Limit one of each Pokémon
|rule|Dynamax Clause: You cannot dynamax
|rule|Sleep Clause Mod: Limit one foe put to sleep
|rule|Freeze Clause Mod: Limit one foe frozen
|raw|<img src="https:\/\/www.smogon.com\/forums\/attachments\/banner_2-png.302358\/" height="65" width="381">
|-message|Welcome to Megas for All!
|-message|This is a National Dex-based format where we aim to give a new Mega Evolution to every Pokémon.
|-message|Just like any official format, you can still only Mega Evolve one Pokémon per team!
|-message|You can find our thread and metagame resources here:
|-message|https:\/\/www.smogon.com\/forums\/threads\/3671140\/
|teampreview
|j| pupugugu
|j|+inkbug1

|j| BlaueBrause
|c|☆Sticky Fingaa|hf
|c|☆ThatTheDamned|You too.
|c|☆ThatTheDamned|Ha. You brought the mon I was worried about seeing all day.
|j| TheMainMon
|j| Woopersons 42
|c|☆Sticky Fingaa|kyurem?
|c|☆ThatTheDamned|Yeah.
|c| Woopersons 42|eita
|c|☆Sticky Fingaa|yeah
|c|☆Sticky Fingaa|he love to destroy balance
|
|t:|1615669533
|start
|switch|p1a: Conkeldurr|Conkeldurr, F|100\/100
|switch|p2a: Kyurem|Kyurem|100\/100
|-ability|p2a: Kyurem|Pressure
|turn|1
|
|t:|1615669546
|switch|p2a: Clefable|Clefable, F|100\/100
|move|p1a: Conkeldurr|Drain Punch|p2a: Clefable
|-resisted|p2a: Clefable
|-damage|p2a: Clefable|84\/100
|
|-status|p1a: Conkeldurr|brn|[from] item: Flame Orb
|upkeep
|turn|2
|
|t:|1615669558
|switch|p1a: Delphox|Delphox, F|100\/100
|move|p2a: Clefable|Moonblast|p1a: Delphox
|-resisted|p1a: Delphox
|-damage|p1a: Delphox|83\/100
|
|upkeep
|turn|3
|j| bro torterra ☯
|
|t:|1615669566
|detailschange|p1a: Delphox|Delphox-Mega, F
|-mega|p1a: Delphox|Delphox|Delphite
|-start|p1a: Delphox|typechange|Fire\/Psychic|[silent]
|raw|<ul class="utilichart"><li class="result"><span class="col pokemonnamecol" style="white-space: nowrap">Delphox-Mega<\/span> <span class="col typecol"><img src="https:\/\/play.pokemonshowdown.com\/sprites\/types\/Fire.png" alt="Fire" height="14" width="32"><img src="https:\/\/play.pokemonshowdown.com\/sprites\/types\/Psychic.png" alt="Psychic" height="14" width="32"><\/span> <span style="float: left ; min-height: 26px"><span class="col abilitycol">Clairvoyance<\/span><span class="col abilitycol"><\/span><\/span><span style="float: left ; min-height: 26px"><span class="col statcol"><em>HP<\/em><br>75<\/span> <span class="col statcol"><em>Atk<\/em><br>69<\/span> <span class="col statcol"><em>Def<\/em><br>115<\/span> <span class="col statcol"><em>SpA<\/em><br>135<\/span> <span class="col statcol"><em>SpD<\/em><br>130<\/span> <span class="col statcol"><em>Spe<\/em><br>110<\/span> <\/span><\/li><li style="clear: both"><\/li><\/ul>
|move|p1a: Delphox|Mystical Fire|p2a: Clefable
|-damage|p2a: Clefable|47\/100
|-unboost|p2a: Clefable|spa|1
|move|p2a: Clefable|Calm Mind|p2a: Clefable
|-boost|p2a: Clefable|spa|1
|-boost|p2a: Clefable|spd|1
|
|upkeep
|turn|4
|
|t:|1615669575
|move|p1a: Delphox|Mystical Fire|p2a: Clefable
|-damage|p2a: Clefable|20\/100
|-unboost|p2a: Clefable|spa|1
|move|p2a: Clefable|Soft-Boiled|p2a: Clefable
|-heal|p2a: Clefable|70\/100
|
|upkeep
|turn|5
|
|t:|1615669587
|switch|p1a: Amoonguss|Amoonguss, M|100\/100
|move|p2a: Clefable|Calm Mind|p2a: Clefable
|-boost|p2a: Clefable|spa|1
|-boost|p2a: Clefable|spd|1
|
|upkeep
|turn|6
|
|t:|1615669596
|switch|p2a: Tangrowth|Tangrowth, F|100\/100
|move|p1a: Amoonguss|Clear Smog|p2a: Tangrowth
|-supereffective|p2a: Tangrowth
|-damage|p2a: Tangrowth|81\/100
|-clearboost|p2a: Tangrowth
|
|upkeep
|turn|7
|
|t:|1615669605
|switch|p2a: Delphox|Delphox, F|100\/100
|move|p1a: Amoonguss|Hidden Power|p2a: Delphox
|-resisted|p2a: Delphox
|-damage|p2a: Delphox|94\/100
|
|upkeep
|turn|8
|
|t:|1615669613
|switch|p1a: Delphox|Delphox-Mega, F|83\/100
|-start|p1a: Delphox|typechange|Fire\/Psychic|[silent]
|detailschange|p2a: Delphox|Delphox-Mega, F
|-mega|p2a: Delphox|Delphox|Delphite
|-start|p2a: Delphox|typechange|Fire\/Psychic|[silent]
|raw|<ul class="utilichart"><li class="result"><span class="col pokemonnamecol" style="white-space: nowrap">Delphox-Mega<\/span> <span class="col typecol"><img src="https:\/\/play.pokemonshowdown.com\/sprites\/types\/Fire.png" alt="Fire" height="14" width="32"><img src="https:\/\/play.pokemonshowdown.com\/sprites\/types\/Psychic.png" alt="Psychic" height="14" width="32"><\/span> <span style="float: left ; min-height: 26px"><span class="col abilitycol">Clairvoyance<\/span><span class="col abilitycol"><\/span><\/span><span style="float: left ; min-height: 26px"><span class="col statcol"><em>HP<\/em><br>75<\/span> <span class="col statcol"><em>Atk<\/em><br>69<\/span> <span class="col statcol"><em>Def<\/em><br>115<\/span> <span class="col statcol"><em>SpA<\/em><br>135<\/span> <span class="col statcol"><em>SpD<\/em><br>130<\/span> <span class="col statcol"><em>Spe<\/em><br>110<\/span> <\/span><\/li><li style="clear: both"><\/li><\/ul>
|-ability|p2a: Delphox|Clairvoyance
|-message|Delphox cast Psyshock into the future!
|
|upkeep
|turn|9
|
|t:|1615669621
|move|p1a: Delphox|Mystical Fire|p2a: Delphox
|-resisted|p2a: Delphox
|-damage|p2a: Delphox|75\/100
|-unboost|p2a: Delphox|spa|1
|move|p2a: Delphox|Shadow Ball|p1a: Delphox
|-supereffective|p1a: Delphox
|-damage|p1a: Delphox|43\/100
|-unboost|p1a: Delphox|spd|1
|
|upkeep
|turn|10
|
|t:|1615669634
|switch|p1a: Rotom|Rotom-Wash|100\/100
|move|p2a: Delphox|Wish|p2a: Delphox
|
|-ability|p2a: Delphox|Clairvoyance
|Delphox's Psyshock took effect!
|move|p2a: Delphox|Psyshock|p1a: Rotom|[from]Clairvoyance
|-damage|p1a: Rotom|70\/100
|-heal|p1a: Rotom|76\/100|[from] item: Leftovers
|upkeep
|turn|11
|
|t:|1615669647
|switch|p2a: Tangrowth|Tangrowth, F|100\/100
|move|p1a: Rotom|Volt Switch|p2a: Tangrowth
|-resisted|p2a: Tangrowth
|-crit|p2a: Tangrowth
|-damage|p2a: Tangrowth|88\/100
|
|t:|1615669654
|switch|p1a: Gliscor|Gliscor, M|100\/100|[from]move: Volt Switch
|
|-heal|p2a: Tangrowth|100\/100|[from] move: Wish|[wisher] Delphox
|-status|p1a: Gliscor|tox|[from] item: Toxic Orb
|upkeep
|turn|12
|
|t:|1615669665
|switch|p1a: Amoonguss|Amoonguss, M|100\/100
|switch|p2a: Landorus|Landorus-Therian, M|100\/100
|-ability|p2a: Landorus|Intimidate|boost
|-unboost|p1a: Amoonguss|atk|1
|
|upkeep
|turn|13
|
|t:|1615669676
|-zpower|p2a: Landorus
|move|p2a: Landorus|Supersonic Skystrike|p1a: Amoonguss|[zeffect]
|-supereffective|p1a: Amoonguss
|-damage|p1a: Amoonguss|0 fnt
|faint|p1a: Amoonguss
|
|upkeep
|c|☆ThatTheDamned|Well now I feel extra stupid about switching in Zapdos like that last game.
|
|t:|1615669695
|switch|p1a: Rotom|Rotom-Wash|76\/100
|turn|14
|
|t:|1615669704
|switch|p2a: Tangrowth|Tangrowth, F|100\/100
|move|p1a: Rotom|Hydro Pump|p2a: Tangrowth|[miss]
|-miss|p1a: Rotom|p2a: Tangrowth
|
|-heal|p1a: Rotom|82\/100|[from] item: Leftovers
|upkeep
|turn|15
|
|t:|1615669713
|move|p1a: Rotom|Volt Switch|p2a: Tangrowth
|-resisted|p2a: Tangrowth
|-crit|p2a: Tangrowth
|-damage|p2a: Tangrowth|88\/100
|
|t:|1615669718
|switch|p1a: Conkeldurr|Conkeldurr, F|100\/100 brn|[from]move: Volt Switch
|move|p2a: Tangrowth|Knock Off|p1a: Conkeldurr
|-resisted|p1a: Conkeldurr
|-damage|p1a: Conkeldurr|89\/100 brn
|-enditem|p1a: Conkeldurr|Flame Orb|[from] move: Knock Off|[of] p2a: Tangrowth
|
|-damage|p1a: Conkeldurr|83\/100 brn|[from] brn
|upkeep
|turn|16
|
|t:|1615669729
|move|p1a: Conkeldurr|Knock Off|p2a: Tangrowth
|-damage|p2a: Tangrowth|52\/100
|-enditem|p2a: Tangrowth|Assault Vest|[from] move: Knock Off|[of] p1a: Conkeldurr
|move|p2a: Tangrowth|Giga Drain|p1a: Conkeldurr
|-damage|p1a: Conkeldurr|44\/100 brn
|-heal|p2a: Tangrowth|69\/100|[from] drain|[of] p1a: Conkeldurr
|
|-damage|p1a: Conkeldurr|38\/100 brn|[from] brn
|upkeep
|turn|17
|
|t:|1615669738
|switch|p2a: Landorus|Landorus-Therian, M|100\/100
|-ability|p2a: Landorus|Intimidate|boost
|-unboost|p1a: Conkeldurr|atk|1
|move|p1a: Conkeldurr|Drain Punch|p2a: Landorus
|-resisted|p2a: Landorus
|-damage|p2a: Landorus|72\/100
|-heal|p1a: Conkeldurr|51\/100 brn|[from] drain|[of] p2a: Landorus
|
|-damage|p1a: Conkeldurr|45\/100 brn|[from] brn
|upkeep
|turn|18
|c| TheMainMon|What does Clairvoyance do
|c|☆ThatTheDamned|It delays all Psychic moves by two turns.
|c| TheMainMon|Ok
|
|t:|1615669760
|switch|p1a: Kommo-o|Kommo-o, F|100\/100
|move|p2a: Landorus|Swords Dance|p2a: Landorus
|-boost|p2a: Landorus|atk|2
|
|upkeep
|turn|19
|
|t:|1615669767
|move|p2a: Landorus|Swords Dance|p2a: Landorus
|-boost|p2a: Landorus|atk|2
|move|p1a: Kommo-o|Stealth Rock|p2a: Landorus
|-sidestart|p2: Sticky Fingaa|move: Stealth Rock
|
|upkeep
|turn|20
|c| TheMainMon|nice. I forgot what it did
|
|t:|1615669773
|move|p2a: Landorus|Earthquake|p1a: Kommo-o
|-damage|p1a: Kommo-o|0 fnt
|faint|p1a: Kommo-o
|
|upkeep
|l| TheMainMon
|
|t:|1615669778
|switch|p1a: Gliscor|Gliscor, M|100\/100 tox
|turn|21
|
|t:|1615669784
|move|p2a: Landorus|Stone Edge|p1a: Gliscor
|-crit|p1a: Gliscor
|-damage|p1a: Gliscor|0 fnt
|faint|p1a: Gliscor
|
|upkeep
|
|t:|1615669789
|switch|p1a: Delphox|Delphox-Mega, F|43\/100
|-start|p1a: Delphox|typechange|Fire\/Psychic|[silent]
|turn|22
|
|t:|1615669796
|move|p1a: Delphox|Mystical Fire|p2a: Landorus
|-damage|p2a: Landorus|22\/100
|-unboost|p2a: Landorus|spa|1
|move|p2a: Landorus|Earthquake|p1a: Delphox
|-supereffective|p1a: Delphox
|-damage|p1a: Delphox|0 fnt
|faint|p1a: Delphox
|
|upkeep
|l| BlaueBrause
|
|t:|1615669804
|switch|p1a: Rotom|Rotom-Wash|82\/100
|turn|23
|
|t:|1615669809
|move|p2a: Landorus|Stone Edge|p1a: Rotom
|-damage|p1a: Rotom|0 fnt
|faint|p1a: Rotom
|
|upkeep
|c|☆ThatTheDamned|Welp, this was a rout.
|c|☆ThatTheDamned|gg
|
|t:|1615669817
|switch|p1a: Conkeldurr|Conkeldurr, F|45\/100 brn
|turn|24
|c|☆Sticky Fingaa|gg
|
|t:|1615669821
|move|p1a: Conkeldurr|Mach Punch|p2a: Landorus
|-resisted|p2a: Landorus
|-damage|p2a: Landorus|1\/100
|move|p2a: Landorus|Earthquake|p1a: Conkeldurr
|-damage|p1a: Conkeldurr|0 fnt
|faint|p1a: Conkeldurr
|
|win|Sticky Fingaa
|l|☆ThatTheDamned
|j|☆ThatTheDamned
|player|p1|ThatTheDamned|bugcatcher
|l|☆Sticky Fingaa</script>
</div>
<div class="battle-log battle-log-inline"><div class="inner"><div class="battle-options"><div style="padding-top: 3px; padding-right: 3px; text-align: right"><button class="icon button" name="openBattleOptions" title="Options">Battle Options</button></div></div><div class="inner message-log"><div class="chat"><small>☆ThatTheDamned and ☆Sticky Fingaa joined</small></div><div class=""><small>Format:</small> <br><strong>[Gen 8] Megas for All</strong></div><div class=""><small><em>HP Percentage Mod:</em> HP is shown in percentages</small></div><div class=""><small><em>Endless Battle Clause:</em> Forcing endless battles is banned</small></div><div class=""><small><em>OHKO Clause:</em> OHKO moves are banned</small></div><div class=""><small><em>Evasion Moves Clause:</em> Evasion moves are banned</small></div><div class=""><small><em>Species Clause:</em> Limit one of each Pokémon</small></div><div class=""><small><em>Dynamax Clause:</em> You cannot dynamax</small></div><div class=""><small><em>Sleep Clause Mod:</em> Limit one foe put to sleep</small></div><div class=""><small><em>Freeze Clause Mod:</em> Limit one foe frozen</small></div><div class="chat"><img src="https://www.smogon.com/forums/attachments/banner_2-png.302358/" height="65" width="381"></div><div class="spacer battle-history"><br></div><div class="battle-history"><small>Welcome to Megas for All!</small><br></div><div class="battle-history"><small>This is a National Dex-based format where we aim to give a new Mega Evolution to every Pokémon.</small><br></div><div class="battle-history"><small>Just like any official format, you can still only Mega Evolve one Pokémon per team!</small><br></div><div class="battle-history"><small>You can find our thread and metagame resources here:</small><br></div><div class="battle-history"><small>https://www.smogon.com/forums/threads/3671140/</small><br></div><div class="chat battle-history"><strong>ThatTheDamned's team:</strong> <em style="color:#445566;display:block;">Delphox / Gliscor / Conkeldurr / Kommo-o / Rotom-Wash / Amoonguss</em></div><div class="chat battle-history"><strong>Sticky Fingaa's team:</strong> <em style="color:#445566;display:block;">Kyurem / Delphox / Tangrowth / Rotom-Wash / Clefable / Landorus-Therian</em></div><div class="chat"><small> pupugugu, +inkbug1, and  BlaueBrause joined</small></div><div class="chat chatmessage-stickyfingaa"><strong style="color:#e76311"><small>☆</small><span class="username" data-name="Sticky Fingaa">Sticky Fingaa</span>:</strong> <em>hf</em></div><div class="chat chatmessage-thatthedamned"><strong style="color:#ae6012"><small>☆</small><span class="username" data-name="ThatTheDamned">ThatTheDamned</span>:</strong> <em>You too.</em></div><div class="chat chatmessage-thatthedamned"><strong style="color:#ae6012"><small>☆</small><span class="username" data-name="ThatTheDamned">ThatTheDamned</span>:</strong> <em>Ha. You brought the mon I was worried about seeing all day.</em></div><div class="chat"><small> TheMainMon and  Woopersons 42 joined</small></div><div class="chat chatmessage-stickyfingaa"><strong style="color:#e76311"><small>☆</small><span class="username" data-name="Sticky Fingaa">Sticky Fingaa</span>:</strong> <em>kyurem?</em></div><div class="chat chatmessage-thatthedamned"><strong style="color:#ae6012"><small>☆</small><span class="username" data-name="ThatTheDamned">ThatTheDamned</span>:</strong> <em>Yeah.</em></div><div class="chat chatmessage-woopersons42"><strong style="color:#795fd7"><small> </small><span class="username" data-name="Woopersons 42">Woopersons 42</span>:</strong> <em>eita</em></div><div class="chat chatmessage-stickyfingaa"><strong style="color:#e76311"><small>☆</small><span class="username" data-name="Sticky Fingaa">Sticky Fingaa</span>:</strong> <em>yeah</em></div><div class="chat chatmessage-stickyfingaa"><strong style="color:#e76311"><small>☆</small><span class="username" data-name="Sticky Fingaa">Sticky Fingaa</span>:</strong> <em>he love to destroy balance</em></div><div class="spacer battle-history"><br></div><div class="battle-history">Battle started between ThatTheDamned and Sticky Fingaa!<br></div><div class="spacer battle-history"><br></div><div class="battle-history">Go! <strong>Conkeldurr</strong>!<br></div><div class="spacer battle-history"><br></div><div class="battle-history">Sticky Fingaa sent out <strong>Kyurem</strong>!<br></div><div class="battle-history">[The opposing Kyurem's Pressure]<br><small>The opposing Kyurem is exerting its pressure!</small><br></div><div class="spacer battle-history"><br></div><h2 class="battle-history">Turn 1</h2><div class="spacer battle-history"><br></div><div class="battle-history">Sticky Fingaa withdrew Kyurem!<br></div><div class="battle-history">Sticky Fingaa sent out <strong>Clefable</strong>!<br></div><div class="spacer battle-history"><br></div><div class="battle-history">Conkeldurr used <strong>Drain Punch</strong>!<br></div><div class="battle-history"><small>It's not very effective...</small><br></div><div class="battle-history"><small>(The opposing Clefable lost 16% of its health!)</small><br></div><div class="spacer battle-history"><br></div><div class="battle-history"><small>Conkeldurr was burned!</small><br></div><div class="spacer battle-history"><br></div><h2 class="battle-history">Turn 2</h2><div class="spacer battle-history"><br></div><div class="battle-history">Conkeldurr, come back!<br></div><div class="battle-history">Go! <strong>Delphox</strong>!<br></div><div class="spacer battle-history"><br></div><div class="battle-history">The opposing Clefable used <strong>Moonblast</strong>!<br></div><div class="battle-history"><small>It's not very effective...</small><br></div><div class="battle-history"><small>(Delphox lost 17% of its health!)</small><br></div><div class="spacer battle-history"><br></div><h2 class="battle-history">Turn 3</h2><div class="chat"><small> bro torterra ☯ joined</small></div><div class="spacer battle-history"><br></div><div class="battle-history"><small>Delphox's Delphite is reacting to the Key Stone!</small><br>Delphox has Mega Evolved into Mega Delphox!<br></div><div class="chat"><ul class="utilichart"><li class="result"><span class="col pokemonnamecol" style="white-space: nowrap">Delphox-Mega</span> <span class="col typecol"><img src="https://play.pokemonshowdown.com/sprites/types/Fire.png" alt="Fire" height="14" width="32"><img src="https://play.pokemonshowdown.com/sprites/types/Psychic.png" alt="Psychic" height="14" width="32"></span> <span style="float: left ; min-height: 26px"><span class="col abilitycol">Clairvoyance</span><span class="col abilitycol"></span></span><span style="float: left ; min-height: 26px"><span class="col statcol"><em>HP</em><br>75</span> <span class="col statcol"><em>Atk</em><br>69</span> <span class="col statcol"><em>Def</em><br>115</span> <span class="col statcol"><em>SpA</em><br>135</span> <span class="col statcol"><em>SpD</em><br>130</span> <span class="col statcol"><em>Spe</em><br>110</span> </span></li><li style="clear: both"></li></ul></div><div class="spacer battle-history"><br></div><div class="battle-history">Delphox used <strong>Mystical Fire</strong>!<br></div><div class="battle-history"><small>(The opposing Clefable lost 37% of its health!)</small><br></div><div class="battle-history"><small>The opposing Clefable's Sp. Atk fell!</small><br></div><div class="spacer battle-history"><br></div><div class="battle-history">The opposing Clefable used <strong>Calm Mind</strong>!<br></div><div class="battle-history"><small>The opposing Clefable's Sp. Atk rose!</small><br></div><div class="battle-history"><small>The opposing Clefable's Sp. Def rose!</small><br></div><div class="spacer battle-history"><br></div><h2 class="battle-history">Turn 4</h2><div class="spacer battle-history"><br></div><div class="battle-history">Delphox used <strong>Mystical Fire</strong>!<br></div><div class="battle-history"><small>(The opposing Clefable lost 27% of its health!)</small><br></div><div class="battle-history"><small>The opposing Clefable's Sp. Atk fell!</small><br></div><div class="spacer battle-history"><br></div><div class="battle-history">The opposing Clefable used <strong>Soft-Boiled</strong>!<br></div><div class="battle-history"><small>The opposing Clefable had its HP restored.</small><br></div><div class="spacer battle-history"><br></div><h2 class="battle-history">Turn 5</h2><div class="spacer battle-history"><br></div><div class="battle-history">Delphox, come back!<br></div><div class="battle-history">Go! <strong>Amoonguss</strong>!<br></div><div class="spacer battle-history"><br></div><div class="battle-history">The opposing Clefable used <strong>Calm Mind</strong>!<br></div><div class="battle-history"><small>The opposing Clefable's Sp. Atk rose!</small><br></div><div class="battle-history"><small>The opposing Clefable's Sp. Def rose!</small><br></div><div class="spacer battle-history"><br></div><h2 class="battle-history">Turn 6</h2><div class="spacer battle-history"><br></div><div class="battle-history">Sticky Fingaa withdrew Clefable!<br></div><div class="battle-history">Sticky Fingaa sent out <strong>Tangrowth</strong>!<br></div><div class="spacer battle-history"><br></div><div class="battle-history">Amoonguss used <strong>Clear Smog</strong>!<br></div><div class="battle-history"><small>It's super effective!</small><br></div><div class="battle-history"><small>(The opposing Tangrowth lost 19% of its health!)</small><br></div><div class="battle-history"><small>The opposing Tangrowth's stat changes were removed!</small><br></div><div class="spacer battle-history"><br></div><h2 class="battle-history">Turn 7</h2><div class="spacer battle-history"><br></div><div class="battle-history">Sticky Fingaa withdrew Tangrowth!<br></div><div class="battle-history">Sticky Fingaa sent out <strong>Delphox</strong>!<br></div><div class="spacer battle-history"><br></div><div class="battle-history">Amoonguss used <strong>Hidden Power</strong>!<br></div><div class="battle-history"><small>It's not very effective...</small><br></div><div class="battle-history"><small>(The opposing Delphox lost 6% of its health!)</small><br></div><div class="spacer battle-history"><br></div><h2 class="battle-history">Turn 8</h2><div class="spacer battle-history"><br></div><div class="battle-history">Amoonguss, come back!<br></div><div class="battle-history">Go! Delphox (<strong>Delphox-Mega</strong>)!<br></div><div class="spacer battle-history"><br></div><div class="battle-history"><small>The opposing Delphox's Delphite is reacting to the Key Stone!</small><br>The opposing Delphox has Mega Evolved into Mega Delphox!<br></div><div class="chat"><ul class="utilichart"><li class="result"><span class="col pokemonnamecol" style="white-space: nowrap">Delphox-Mega</span> <span class="col typecol"><img src="https://play.pokemonshowdown.com/sprites/types/Fire.png" alt="Fire" height="14" width="32"><img src="https://play.pokemonshowdown.com/sprites/types/Psychic.png" alt="Psychic" height="14" width="32"></span> <span style="float: left ; min-height: 26px"><span class="col abilitycol">Clairvoyance</span><span class="col abilitycol"></span></span><span style="float: left ; min-height: 26px"><span class="col statcol"><em>HP</em><br>75</span> <span class="col statcol"><em>Atk</em><br>69</span> <span class="col statcol"><em>Def</em><br>115</span> <span class="col statcol"><em>SpA</em><br>135</span> <span class="col statcol"><em>SpD</em><br>130</span> <span class="col statcol"><em>Spe</em><br>110</span> </span></li><li style="clear: both"></li></ul></div><div class="battle-history">[The opposing Delphox's Clairvoyance]<br></div><div class="battle-history"><small>Delphox cast Psyshock into the future!</small><br></div><div class="spacer battle-history"><br></div><h2 class="battle-history">Turn 9</h2><div class="spacer battle-history"><br></div><div class="battle-history">Delphox used <strong>Mystical Fire</strong>!<br></div><div class="battle-history"><small>It's not very effective...</small><br></div><div class="battle-history"><small>(The opposing Delphox lost 19% of its health!)</small><br></div><div class="battle-history"><small>The opposing Delphox's Sp. Atk fell!</small><br></div><div class="spacer battle-history"><br></div><div class="battle-history">The opposing Delphox used <strong>Shadow Ball</strong>!<br></div><div class="battle-history"><small>It's super effective!</small><br></div><div class="battle-history"><small>(Delphox lost 40% of its health!)</small><br></div><div class="battle-history"><small>Delphox's Sp. Def fell!</small><br></div><div class="spacer battle-history"><br></div><h2 class="battle-history">Turn 10</h2><div class="spacer battle-history"><br></div><div class="battle-history">Delphox, come back!<br></div><div class="battle-history">Go! Rotom (<strong>Rotom-Wash</strong>)!<br></div><div class="spacer battle-history"><br></div><div class="battle-history">The opposing Delphox used <strong>Wish</strong>!<br></div><div class="spacer battle-history"><br></div><div class="battle-history">[The opposing Delphox's Clairvoyance]<br></div><div class="spacer battle-history"><br></div><div class="battle-history">The opposing Delphox used <strong>Psyshock</strong>!<br></div><div class="battle-history"><small>(Rotom lost 30% of its health!)</small><br></div><div class="battle-history"><small>Rotom restored a little HP using its Leftovers!</small><br></div><div class="spacer battle-history"><br></div><h2 class="battle-history">Turn 11</h2><div class="spacer battle-history"><br></div><div class="battle-history">Sticky Fingaa withdrew Delphox!<br></div><div class="battle-history">Sticky Fingaa sent out <strong>Tangrowth</strong>!<br></div><div class="spacer battle-history"><br></div><div class="battle-history">Rotom used <strong>Volt Switch</strong>!<br></div><div class="battle-history"><small>It's not very effective...</small><br></div><div class="battle-history"><small>A critical hit!</small><br></div><div class="battle-history"><small>(The opposing Tangrowth lost 12% of its health!)</small><br></div><div class="spacer battle-history"><br></div><div class="battle-history">Rotom went back to ThatTheDamned!<br></div><div class="battle-history">Go! <strong>Gliscor</strong>!<br></div><div class="spacer battle-history"><br></div><div class="battle-history"><small>Delphox's wish came true!</small><br></div><div class="battle-history"><small>Gliscor was badly poisoned!</small><br></div><div class="spacer battle-history"><br></div><h2 class="battle-history">Turn 12</h2><div class="spacer battle-history"><br></div><div class="battle-history">Gliscor, come back!<br></div><div class="battle-history">Go! <strong>Amoonguss</strong>!<br></div><div class="spacer battle-history"><br></div><div class="battle-history">Sticky Fingaa withdrew Tangrowth!<br></div><div class="battle-history">Sticky Fingaa sent out Landorus (<strong>Landorus-Therian</strong>)!<br></div><div class="battle-history">[The opposing Landorus's Intimidate]<br></div><div class="battle-history"><small>Amoonguss's Attack fell!</small><br></div><div class="spacer battle-history"><br></div><h2 class="battle-history">Turn 13</h2><div class="spacer battle-history"><br></div><div class="battle-history"><small>The opposing Landorus surrounded itself with its Z-Power!</small><br></div><div class="spacer battle-history"><br></div><div class="battle-history"><small>The opposing Landorus unleashes its full-force Z-Move!</small><br>The opposing Landorus used <strong>Supersonic Skystrike</strong>!<br></div><div class="battle-history"><small>It's super effective!</small><br></div><div class="battle-history"><small>(Amoonguss lost 100% of its health!)</small><br></div><div class="spacer battle-history"><br></div><div class="battle-history">Amoonguss fainted!<br></div><div class="chat chatmessage-thatthedamned"><strong style="color:#ae6012"><small>☆</small><span class="username" data-name="ThatTheDamned">ThatTheDamned</span>:</strong> <em>Well now I feel extra stupid about switching in Zapdos like that last game.</em></div><div class="spacer battle-history"><br></div><div class="battle-history">Go! Rotom (<strong>Rotom-Wash</strong>)!<br></div><div class="spacer battle-history"><br></div><h2 class="battle-history">Turn 14</h2><div class="spacer battle-history"><br></div><div class="battle-history">Sticky Fingaa withdrew Landorus!<br></div><div class="battle-history">Sticky Fingaa sent out <strong>Tangrowth</strong>!<br></div><div class="spacer battle-history"><br></div><div class="battle-history">Rotom used <strong>Hydro Pump</strong>!<br></div><div class="battle-history"><small>The opposing Tangrowth avoided the attack!</small><br></div><div class="spacer battle-history"><br></div><div class="battle-history"><small>Rotom restored a little HP using its Leftovers!</small><br></div><div class="spacer battle-history"><br></div><h2 class="battle-history">Turn 15</h2><div class="spacer battle-history"><br></div><div class="battle-history">Rotom used <strong>Volt Switch</strong>!<br></div><div class="battle-history"><small>It's not very effective...</small><br></div><div class="battle-history"><small>A critical hit!</small><br></div><div class="battle-history"><small>(The opposing Tangrowth lost 12% of its health!)</small><br></div><div class="spacer battle-history"><br></div><div class="battle-history">Rotom went back to ThatTheDamned!<br></div><div class="battle-history">Go! <strong>Conkeldurr</strong>!<br></div><div class="spacer battle-history"><br></div><div class="battle-history">The opposing Tangrowth used <strong>Knock Off</strong>!<br></div><div class="battle-history"><small>It's not very effective...</small><br></div><div class="battle-history"><small>(Conkeldurr lost 11% of its health!)</small><br></div><div class="battle-history"><small>The opposing Tangrowth knocked off Conkeldurr's Flame Orb!</small><br></div><div class="spacer battle-history"><br></div><div class="battle-history"><small>Conkeldurr was hurt by its burn!</small><br></div><div class="spacer battle-history"><br></div><h2 class="battle-history">Turn 16</h2><div class="spacer battle-history"><br></div><div class="battle-history">Conkeldurr used <strong>Knock Off</strong>!<br></div><div class="battle-history"><small>(The opposing Tangrowth lost 36% of its health!)</small><br></div><div class="battle-history"><small>Conkeldurr knocked off the opposing Tangrowth's Assault Vest!</small><br></div><div class="spacer battle-history"><br></div><div class="battle-history">The opposing Tangrowth used <strong>Giga Drain</strong>!<br></div><div class="battle-history"><small>(Conkeldurr lost 39% of its health!)</small><br></div><div class="battle-history"><small>Conkeldurr had its energy drained!</small><br></div><div class="spacer battle-history"><br></div><div class="battle-history"><small>Conkeldurr was hurt by its burn!</small><br></div><div class="spacer battle-history"><br></div><h2 class="battle-history">Turn 17</h2><div class="spacer battle-history"><br></div><div class="battle-history">Sticky Fingaa withdrew Tangrowth!<br></div><div class="battle-history">Sticky Fingaa sent out Landorus (<strong>Landorus-Therian</strong>)!<br></div><div class="battle-history">[The opposing Landorus's Intimidate]<br></div><div class="battle-history"><small>Conkeldurr's Attack fell!</small><br></div><div class="spacer battle-history"><br></div><div class="battle-history">Conkeldurr used <strong>Drain Punch</strong>!<br></div><div class="battle-history"><small>It's not very effective...</small><br></div><div class="battle-history"><small>(The opposing Landorus lost 28% of its health!)</small><br></div><div class="battle-history"><small>The opposing Landorus had its energy drained!</small><br></div><div class="spacer battle-history"><br></div><div class="battle-history"><small>Conkeldurr was hurt by its burn!</small><br></div><div class="spacer battle-history"><br></div><h2 class="battle-history">Turn 18</h2><div class="chat chatmessage-themainmon"><strong style="color:#5878b8"><small> </small><span class="username" data-name="TheMainMon">TheMainMon</span>:</strong> <em>What does Clairvoyance do</em></div><div class="chat chatmessage-thatthedamned"><strong style="color:#ae6012"><small>☆</small><span class="username" data-name="ThatTheDamned">ThatTheDamned</span>:</strong> <em>It delays all Psychic moves by two turns.</em></div><div class="chat chatmessage-themainmon"><strong style="color:#5878b8"><small> </small><span class="username" data-name="TheMainMon">TheMainMon</span>:</strong> <em>Ok</em></div><div class="spacer battle-history"><br></div><div class="battle-history">Conkeldurr, come back!<br></div><div class="battle-history">Go! <strong>Kommo-o</strong>!<br></div><div class="spacer battle-history"><br></div><div class="battle-history">The opposing Landorus used <strong>Swords Dance</strong>!<br></div><div class="battle-history"><small>The opposing Landorus's Attack rose sharply!</small><br></div><div class="spacer battle-history"><br></div><h2 class="battle-history">Turn 19</h2><div class="spacer battle-history"><br></div><div class="battle-history">The opposing Landorus used <strong>Swords Dance</strong>!<br></div><div class="battle-history"><small>The opposing Landorus's Attack rose sharply!</small><br></div><div class="spacer battle-history"><br></div><div class="battle-history">Kommo-o used <strong>Stealth Rock</strong>!<br></div><div class="battle-history"><small>Pointed stones float in the air around the opposing team!</small><br></div><div class="spacer battle-history"><br></div><h2 class="battle-history">Turn 20</h2><div class="chat chatmessage-themainmon"><strong style="color:#5878b8"><small> </small><span class="username" data-name="TheMainMon">TheMainMon</span>:</strong> <em>nice. I forgot what it did</em></div><div class="spacer battle-history"><br></div><div class="battle-history">The opposing Landorus used <strong>Earthquake</strong>!<br></div><div class="battle-history"><small>(Kommo-o lost 100% of its health!)</small><br></div><div class="spacer battle-history"><br></div><div class="battle-history">Kommo-o fainted!<br></div><div class="chat"><small> TheMainMon left</small></div><div class="spacer battle-history"><br></div><div class="battle-history">Go! <strong>Gliscor</strong>!<br></div><div class="spacer battle-history"><br></div><h2 class="battle-history">Turn 21</h2><div class="spacer battle-history"><br></div><div class="battle-history">The opposing Landorus used <strong>Stone Edge</strong>!<br></div><div class="battle-history"><small>A critical hit!</small><br></div><div class="battle-history"><small>(Gliscor lost 100% of its health!)</small><br></div><div class="spacer battle-history"><br></div><div class="battle-history">Gliscor fainted!<br></div><div class="spacer battle-history"><br></div><div class="battle-history">Go! Delphox (<strong>Delphox-Mega</strong>)!<br></div><div class="spacer battle-history"><br></div><h2 class="battle-history">Turn 22</h2><div class="spacer battle-history"><br></div><div class="battle-history">Delphox used <strong>Mystical Fire</strong>!<br></div><div class="battle-history"><small>(The opposing Landorus lost 50% of its health!)</small><br></div><div class="battle-history"><small>The opposing Landorus's Sp. Atk fell!</small><br></div><div class="spacer battle-history"><br></div><div class="battle-history">The opposing Landorus used <strong>Earthquake</strong>!<br></div><div class="battle-history"><small>It's super effective!</small><br></div><div class="battle-history"><small>(Delphox lost 43% of its health!)</small><br></div><div class="spacer battle-history"><br></div><div class="battle-history">Delphox fainted!<br></div><div class="chat"><small> BlaueBrause left</small></div><div class="spacer battle-history"><br></div><div class="battle-history">Go! Rotom (<strong>Rotom-Wash</strong>)!<br></div><div class="spacer battle-history"><br></div><h2 class="battle-history">Turn 23</h2><div class="spacer battle-history"><br></div><div class="battle-history">The opposing Landorus used <strong>Stone Edge</strong>!<br></div><div class="battle-history"><small>(Rotom lost 82% of its health!)</small><br></div><div class="spacer battle-history"><br></div><div class="battle-history">Rotom fainted!<br></div><div class="chat chatmessage-thatthedamned"><strong style="color:#ae6012"><small>☆</small><span class="username" data-name="ThatTheDamned">ThatTheDamned</span>:</strong> <em>Welp, this was a rout.</em></div><div class="chat chatmessage-thatthedamned"><strong style="color:#ae6012"><small>☆</small><span class="username" data-name="ThatTheDamned">ThatTheDamned</span>:</strong> <em>gg</em></div><div class="spacer battle-history"><br></div><div class="battle-history">Go! <strong>Conkeldurr</strong>!<br></div><div class="spacer battle-history"><br></div><h2 class="battle-history">Turn 24</h2><div class="chat chatmessage-stickyfingaa"><strong style="color:#e76311"><small>☆</small><span class="username" data-name="Sticky Fingaa">Sticky Fingaa</span>:</strong> <em>gg</em></div><div class="spacer battle-history"><br></div><div class="battle-history">Conkeldurr used <strong>Mach Punch</strong>!<br></div><div class="battle-history"><small>It's not very effective...</small><br></div><div class="battle-history"><small>(The opposing Landorus lost 21% of its health!)</small><br></div><div class="spacer battle-history"><br></div><div class="battle-history">The opposing Landorus used <strong>Earthquake</strong>!<br></div><div class="battle-history"><small>(Conkeldurr lost 45% of its health!)</small><br></div><div class="spacer battle-history"><br></div><div class="battle-history">Conkeldurr fainted!<br></div><div class="spacer battle-history"><br></div><div class="battle-history"><strong>Sticky Fingaa</strong> won the battle!<br></div><div class="chat"><small></small></div><div class="chat"><small>☆Sticky Fingaa left</small></div></div><div class="inner-preempt message-log"></div></div></div>
</div>
<script>
let daily = Math.floor(Date.now()/1000/60/60/24);document.write('<script src="https://dragonheaven.herokuapp.com/js/replay-embed.js?version'+daily+'"></'+'script>');
</script>
