<!DOCTYPE html>
<meta charset="utf-8" />
<!-- version 1 -->
<title>[Gen 8] Megas for All replay: Bekama vs. Testes do bos.</title>
<style>
html,body {font-family:Verdana, sans-serif;font-size:10pt;margin:0;padding:0;}body{padding:12px 0;} .battle-log {font-family:Verdana, sans-serif;font-size:10pt;} .battle-log-inline {border:1px solid #AAAAAA;background:#EEF2F5;color:black;max-width:640px;margin:0 auto 80px;padding-bottom:5px;} .battle-log .inner {padding:4px 8px 0px 8px;} .battle-log .inner-preempt {padding:0 8px 4px 8px;} .battle-log .inner-after {margin-top:0.5em;} .battle-log h2 {margin:0.5em -8px;padding:4px 8px;border:1px solid #AAAAAA;background:#E0E7EA;border-left:0;border-right:0;font-family:Verdana, sans-serif;font-size:13pt;} .battle-log .chat {vertical-align:middle;padding:3px 0 3px 0;font-size:8pt;} .battle-log .chat strong {color:#40576A;} .battle-log .chat em {padding:1px 4px 1px 3px;color:#000000;font-style:normal;} .chat.mine {background:rgba(0,0,0,0.05);margin-left:-8px;margin-right:-8px;padding-left:8px;padding-right:8px;} .spoiler {color:#BBBBBB;background:#BBBBBB;padding:0px 3px;} .spoiler:hover, .spoiler:active, .spoiler-shown {color:#000000;background:#E2E2E2;padding:0px 3px;} .spoiler a {color:#BBBBBB;} .spoiler:hover a, .spoiler:active a, .spoiler-shown a {color:#2288CC;} .chat code, .chat .spoiler:hover code, .chat .spoiler:active code, .chat .spoiler-shown code {border:1px solid #C0C0C0;background:#EEEEEE;color:black;padding:0 2px;} .chat .spoiler code {border:1px solid #CCCCCC;background:#CCCCCC;color:#CCCCCC;} .battle-log .rated {padding:3px 4px;} .battle-log .rated strong {color:white;background:#89A;padding:1px 4px;border-radius:4px;} .spacer {margin-top:0.5em;} .message-announce {background:#6688AA;color:white;padding:1px 4px 2px;} .message-announce a, .broadcast-green a, .broadcast-blue a, .broadcast-red a {color:#DDEEFF;} .broadcast-green {background-color:#559955;color:white;padding:2px 4px;} .broadcast-blue {background-color:#6688AA;color:white;padding:2px 4px;} .infobox {border:1px solid #6688AA;padding:2px 4px;} .infobox-limited {max-height:200px;overflow:auto;overflow-x:hidden;} .broadcast-red {background-color:#AA5544;color:white;padding:2px 4px;} .message-learn-canlearn {font-weight:bold;color:#228822;text-decoration:underline;} .message-learn-cannotlearn {font-weight:bold;color:#CC2222;text-decoration:underline;} .message-effect-weak {font-weight:bold;color:#CC2222;} .message-effect-resist {font-weight:bold;color:#6688AA;} .message-effect-immune {font-weight:bold;color:#666666;} .message-learn-list {margin-top:0;margin-bottom:0;} .message-throttle-notice, .message-error {color:#992222;} .message-overflow, .chat small.message-overflow {font-size:0pt;} .message-overflow::before {font-size:9pt;content:'...';} .subtle {color:#3A4A66;}
</style>
<div class="wrapper replay-wrapper" style="max-width:1180px;margin:0 auto">
<input type="hidden" name="replayid" value="dragonheaven-gen8megasforall-350-p8nuvu1wsn9nivfqe0ibbt0bw0zn92ipw" />
<div class="battle"></div><div class="battle-log"></div><div class="replay-controls"></div><div class="replay-controls-2"></div>
<h1 style="font-weight:normal;text-align:center"><strong>[Gen 8] Megas for All</strong><br /><a href="http://pokemonshowdown.com/users/bekama" class="subtle" target="_blank">Bekama</a> vs. <a href="http://pokemonshowdown.com/users/testesdobos" class="subtle" target="_blank">Testes do bos.</a></h1>
<script type="text/plain" class="battle-log-data">|raw|<div class="broadcast-red"><strong>This battle is invite-only!<\/strong><br \/>Users must be invited with <code>\/invite<\/code> (or be staff) to join<\/div>
|j|☆Bekama
|j|☆Testes do bos.
|t:|1618434661
|player|p1|Bekama|buck|
|player|p2|Testes do bos.|blackbelt-gen4dp|
|teamsize|p1|6
|teamsize|p2|6
|gametype|singles
|gen|8
|tier|[Gen 8] Megas for All
|clearpoke
|poke|p1|Reuniclus, F|
|poke|p1|Nidoking, M|
|poke|p1|Milotic, M|
|poke|p1|Volcarona, M|
|poke|p1|Liepard, M|
|poke|p1|Runerigus, F|
|poke|p2|Meowstic-F, F|
|poke|p2|Heatran, M|
|poke|p2|Bronzong|
|poke|p2|Umbreon, F|
|poke|p2|Weezing-Galar, F|
|poke|p2|Hoopa-Unbound|
|rule|HP Percentage Mod: HP is shown in percentages
|rule|Endless Battle Clause: Forcing endless battles is banned
|rule|OHKO Clause: OHKO moves are banned
|rule|Evasion Moves Clause: Evasion moves are banned
|rule|Species Clause: Limit one of each Pokémon
|rule|Dynamax Clause: You cannot dynamax
|rule|Sleep Clause Mod: Limit one foe put to sleep
|rule|Freeze Clause Mod: Limit one foe frozen
|raw|<img src="https:\/\/www.smogon.com\/forums\/attachments\/banner_2-png.302358\/" height="65" width="381">
|-message|Welcome to Megas for All!
|-message|This is a National Dex-based format where we aim to give a new Mega Evolution to every Pokémon.
|-message|Just like any official format, you can still only Mega Evolve one Pokémon per team!
|-message|You can find our thread and metagame resources here:
|-message|https:\/\/www.smogon.com\/forums\/threads\/3671140\/
|teampreview
|inactive|Battle timer is ON: inactive players will automatically lose when time's up. (requested by Testes do bos.)
|c|☆Bekama|good luck , have fun
|c|☆Testes do bos.|Hf 
|inactive|Bekama has 270 seconds left.
|
|t:|1618434729
|start
|switch|p1a: Runerigus|Runerigus, F|100\/100
|switch|p2a: Bronzong|Bronzong|100\/100
|turn|1
|
|t:|1618434743
|move|p1a: Runerigus|Poltergeist|p2a: Bronzong
|-activate|p2a: Bronzong|move: Poltergeist|Leftovers
|-supereffective|p2a: Bronzong
|-damage|p2a: Bronzong|56\/100
|move|p2a: Bronzong|Toxic|p1a: Runerigus
|-status|p1a: Runerigus|tox
|
|-heal|p2a: Bronzong|62\/100|[from] item: Leftovers
|-damage|p1a: Runerigus|94\/100 tox|[from] psn
|upkeep
|turn|2
|
|t:|1618434754
|switch|p2a: Umbreon|Umbreon, F|100\/100
|move|p1a: Runerigus|Poltergeist|p2a: Umbreon
|-activate|p2a: Umbreon|move: Poltergeist|Heavy-Duty Boots
|-resisted|p2a: Umbreon
|-damage|p2a: Umbreon|89\/100
|
|-heal|p1a: Runerigus|100\/100 tox|[from] item: Leftovers
|-damage|p1a: Runerigus|88\/100 tox|[from] psn
|upkeep
|turn|3
|
|t:|1618434766
|move|p2a: Umbreon|Wish|p2a: Umbreon
|move|p1a: Runerigus|Will-O-Wisp||[still]
|-status|p2a: Umbreon|brn
|-activate|p2a: Umbreon|ability: Synchronize
|-fail|p2a: Umbreon
|
|-heal|p1a: Runerigus|94\/100 tox|[from] item: Leftovers
|-damage|p2a: Umbreon|83\/100 brn|[from] brn
|-damage|p1a: Runerigus|75\/100 tox|[from] psn
|upkeep
|turn|4
|
|t:|1618434782
|move|p2a: Umbreon|Heal Bell|p2a: Umbreon
|-activate|p2a: Umbreon|move: Heal Bell
|-curestatus|p2a: Umbreon|brn|[msg]
|move|p1a: Runerigus|Earthquake|p2a: Umbreon
|-damage|p2a: Umbreon|62\/100
|
|-heal|p2a: Umbreon|100\/100|[from] move: Wish|[wisher] Umbreon
|-heal|p1a: Runerigus|82\/100 tox|[from] item: Leftovers
|-damage|p1a: Runerigus|57\/100 tox|[from] psn
|upkeep
|turn|5
|
|t:|1618434801
|switch|p1a: Cat|Liepard, M, shiny|100\/100
|move|p2a: Umbreon|Protect||[still]
|-fail|p2a: Umbreon
|
|upkeep
|turn|6
|
|t:|1618434809
|move|p2a: Umbreon|Protect|p2a: Umbreon
|-singleturn|p2a: Umbreon|Protect
|move|p1a: Cat|Substitute|p1a: Cat
|-start|p1a: Cat|Substitute
|-damage|p1a: Cat|76\/100
|
|upkeep
|turn|7
|
|t:|1618434821
|move|p1a: Cat|Encore|p2a: Umbreon
|-hint|Since gen 7, Dark is immune to Prankster moves.
|-immune|p2a: Umbreon
|move|p2a: Umbreon|Foul Play|p1a: Cat
|-resisted|p1a: Cat
|-end|p1a: Cat|Substitute
|
|upkeep
|turn|8
|
|t:|1618434837
|move|p1a: Cat|Nasty Plot|p1a: Cat
|-boost|p1a: Cat|spa|2
|move|p2a: Umbreon|Foul Play|p1a: Cat
|-resisted|p1a: Cat
|-damage|p1a: Cat|52\/100
|
|upkeep
|turn|9
|
|t:|1618434853
|move|p1a: Cat|Substitute|p1a: Cat
|-start|p1a: Cat|Substitute
|-damage|p1a: Cat|27\/100
|move|p2a: Umbreon|Foul Play|p1a: Cat
|-resisted|p1a: Cat
|-end|p1a: Cat|Substitute
|
|upkeep
|turn|10
|
|t:|1618434861
|move|p1a: Cat|Substitute|p1a: Cat
|-start|p1a: Cat|Substitute
|-damage|p1a: Cat|2\/100
|move|p2a: Umbreon|Foul Play|p1a: Cat
|-resisted|p1a: Cat
|-activate|p1a: Cat|move: Substitute|[damage]
|
|upkeep
|turn|11
|
|t:|1618434869
|move|p1a: Cat|Nasty Plot|p1a: Cat
|-boost|p1a: Cat|spa|2
|move|p2a: Umbreon|Foul Play|p1a: Cat
|-resisted|p1a: Cat
|-end|p1a: Cat|Substitute
|
|upkeep
|turn|12
|
|t:|1618434877
|move|p1a: Cat|Dark Pulse|p2a: Umbreon
|-resisted|p2a: Umbreon
|-damage|p2a: Umbreon|61\/100
|move|p2a: Umbreon|Foul Play|p1a: Cat
|-resisted|p1a: Cat
|-damage|p1a: Cat|0 fnt
|faint|p1a: Cat
|
|upkeep
|
|t:|1618434885
|switch|p1a: King|Nidoking, M|100\/100
|turn|13
|
|t:|1618434903
|move|p2a: Umbreon|Protect|p2a: Umbreon
|-singleturn|p2a: Umbreon|Protect
|move|p1a: King|Toxic Spikes|p2a: Umbreon
|-sidestart|p2: Testes do bos.|move: Toxic Spikes
|
|upkeep
|turn|14
|
|t:|1618434909
|move|p1a: King|Toxic Spikes|p2a: Umbreon
|-sidestart|p2: Testes do bos.|move: Toxic Spikes
|move|p2a: Umbreon|Wish|p2a: Umbreon
|
|upkeep
|turn|15
|
|t:|1618434919
|move|p1a: King|Stealth Rock|p2a: Umbreon
|-sidestart|p2: Testes do bos.|move: Stealth Rock
|move|p2a: Umbreon|Foul Play|p1a: King
|-damage|p1a: King|78\/100
|
|-heal|p2a: Umbreon|100\/100|[from] move: Wish|[wisher] Umbreon
|-heal|p1a: King|84\/100|[from] item: Leftovers
|upkeep
|turn|16
|
|t:|1618434930
|move|p1a: King|Sludge Wave|p2a: Umbreon
|-damage|p2a: Umbreon|76\/100
|move|p2a: Umbreon|Foul Play|p1a: King
|-damage|p1a: King|61\/100
|
|-heal|p1a: King|67\/100|[from] item: Leftovers
|upkeep
|turn|17
|
|t:|1618434946
|switch|p1a: Milotic|Milotic, M|100\/100
|move|p2a: Umbreon|Foul Play|p1a: Milotic
|-damage|p1a: Milotic|86\/100
|
|-heal|p1a: Milotic|92\/100|[from] item: Leftovers
|upkeep
|turn|18
|
|t:|1618434959
|move|p2a: Umbreon|Wish|p2a: Umbreon
|move|p1a: Milotic|Dragon Tail|p2a: Umbreon
|-damage|p2a: Umbreon|71\/100
|drag|p2a: Bronzong|Bronzong|62\/100
|-damage|p2a: Bronzong|56\/100|[from] Stealth Rock
|
|-heal|p1a: Milotic|98\/100|[from] item: Leftovers
|-heal|p2a: Bronzong|62\/100|[from] item: Leftovers
|upkeep
|turn|19
|
|t:|1618434971
|move|p2a: Bronzong|Toxic|p1a: Milotic
|-status|p1a: Milotic|tox
|move|p1a: Milotic|Dragon Tail|p2a: Bronzong
|-resisted|p2a: Bronzong
|-damage|p2a: Bronzong|58\/100
|drag|p2a: Umbreon|Umbreon, F|71\/100
|
|-heal|p2a: Umbreon|100\/100|[from] move: Wish|[wisher] Umbreon
|-heal|p1a: Milotic|100\/100 tox|[from] item: Leftovers
|-damage|p1a: Milotic|94\/100 tox|[from] psn
|upkeep
|turn|20
|
|t:|1618434985
|switch|p2a: Weezing|Weezing-Galar, F|100\/100
|-ability|p2a: Weezing|Neutralizing Gas
|-damage|p2a: Weezing|88\/100|[from] Stealth Rock
|-sideend|p2: Testes do bos.|move: Toxic Spikes|[of] p2a: Weezing
|move|p1a: Milotic|Dragon Tail|p2a: Weezing
|-immune|p2a: Weezing
|
|-heal|p1a: Milotic|100\/100 tox|[from] item: Leftovers
|-heal|p2a: Weezing|94\/100|[from] item: Black Sludge
|-damage|p1a: Milotic|88\/100 tox|[from] psn
|upkeep
|turn|21
|
|t:|1618435000
|move|p1a: Milotic|Scald|p2a: Weezing
|-damage|p2a: Weezing|67\/100
|move|p2a: Weezing|Defog|p1a: Milotic
|-unboost|p1a: Milotic|evasion|1
|-sideend|p2: Testes do bos.|Stealth Rock|[from] move: Defog|[of] p2a: Weezing
|
|-heal|p1a: Milotic|94\/100 tox|[from] item: Leftovers
|-heal|p2a: Weezing|73\/100|[from] item: Black Sludge
|-damage|p1a: Milotic|76\/100 tox|[from] psn
|upkeep
|turn|22
|
|t:|1618435019
|switch|p2a: Umbreon|Umbreon, F|100\/100
|move|p1a: Milotic|Scald|p2a: Umbreon
|-damage|p2a: Umbreon|80\/100
|
|-heal|p1a: Milotic|82\/100 tox|[from] item: Leftovers
|-damage|p1a: Milotic|58\/100 tox|[from] psn
|upkeep
|turn|23
|
|t:|1618435031
|move|p1a: Milotic|Recover|p1a: Milotic
|-heal|p1a: Milotic|100\/100 tox
|move|p2a: Umbreon|Wish|p2a: Umbreon
|
|-damage|p1a: Milotic|70\/100 tox|[from] psn
|upkeep
|turn|24
|
|t:|1618435043
|switch|p1a: King|Nidoking, M|67\/100
|switch|p2a: Bronzong|Bronzong|58\/100
|
|-heal|p2a: Bronzong|100\/100|[from] move: Wish|[wisher] Umbreon
|-heal|p1a: King|73\/100|[from] item: Leftovers
|upkeep
|turn|25
|
|t:|1618435064
|switch|p1a: Gummybear|Reuniclus, F, shiny|100\/100
|move|p2a: Bronzong|Gyro Ball|p1a: Gummybear
|-damage|p1a: Gummybear|92\/100
|
|upkeep
|turn|26
|
|t:|1618435085
|detailschange|p1a: Gummybear|Reuniclus-Mega, F, shiny
|-mega|p1a: Gummybear|Reuniclus|Reunite
|-start|p1a: Gummybear|typechange|Psychic\/Fighting|[silent]
|raw|<ul class="utilichart"><li class="result"><span class="col pokemonnamecol" style="white-space: nowrap">Reuniclus-Mega<\/span> <span class="col typecol"><img src="https:\/\/play.pokemonshowdown.com\/sprites\/types\/Psychic.png" alt="Psychic" height="14" width="32"><img src="https:\/\/play.pokemonshowdown.com\/sprites\/types\/Fighting.png" alt="Fighting" height="14" width="32"><\/span> <span style="float: left ; min-height: 26px"><span class="col abilitycol">Two-Minded<\/span><span class="col abilitycol"><\/span><\/span><span style="float: left ; min-height: 26px"><span class="col statcol"><em>HP<\/em><br>110<\/span> <span class="col statcol"><em>Atk<\/em><br>110<\/span> <span class="col statcol"><em>Def<\/em><br>115<\/span> <span class="col statcol"><em>SpA<\/em><br>165<\/span> <span class="col statcol"><em>SpD<\/em><br>85<\/span> <span class="col statcol"><em>Spe<\/em><br>5<\/span> <\/span><\/li><li style="clear: both"><\/li><\/ul>
|move|p2a: Bronzong|Iron Defense|p2a: Bronzong
|-boost|p2a: Bronzong|def|2
|move|p1a: Gummybear|Trick Room|p1a: Gummybear
|-fieldstart|move: Trick Room|[of] p1a: Gummybear
|
|upkeep
|turn|27
|
|t:|1618435092
|move|p1a: Gummybear|Psycho Boost|p2a: Bronzong
|-resisted|p2a: Bronzong
|-damage|p2a: Bronzong|83\/100
|-unboost|p1a: Gummybear|spa|2
|-ability|p1a: Gummybear|Two-Minded
|-boost|p1a: Gummybear|atk|2
|move|p2a: Bronzong|Toxic|p1a: Gummybear
|-status|p1a: Gummybear|tox
|
|-heal|p2a: Bronzong|89\/100|[from] item: Leftovers
|-damage|p1a: Gummybear|86\/100 tox|[from] psn
|upkeep
|turn|28
|
|t:|1618435109
|move|p1a: Gummybear|Psycho Boost|p2a: Bronzong
|-resisted|p2a: Bronzong
|-damage|p2a: Bronzong|81\/100
|-unboost|p1a: Gummybear|spa|2
|-ability|p1a: Gummybear|Two-Minded
|-boost|p1a: Gummybear|atk|2
|move|p2a: Bronzong|Iron Defense|p2a: Bronzong
|-boost|p2a: Bronzong|def|2
|
|-heal|p2a: Bronzong|87\/100|[from] item: Leftovers
|-damage|p1a: Gummybear|74\/100 tox|[from] psn
|upkeep
|turn|29
|inactive|Testes do bos. has 270 seconds left.
|
|t:|1618435128
|move|p1a: Gummybear|Drain Punch|p2a: Bronzong
|-damage|p2a: Bronzong|64\/100
|-heal|p1a: Gummybear|83\/100 tox|[from] drain|[of] p2a: Bronzong
|move|p2a: Bronzong|Iron Defense|p2a: Bronzong
|-boost|p2a: Bronzong|def|2
|
|-heal|p2a: Bronzong|70\/100|[from] item: Leftovers
|-damage|p1a: Gummybear|65\/100 tox|[from] psn
|upkeep
|turn|30
|inactive|Testes do bos. has 270 seconds left.
|
|t:|1618435141
|move|p1a: Gummybear|Psycho Boost|p2a: Bronzong
|-resisted|p2a: Bronzong
|-damage|p2a: Bronzong|65\/100
|-unboost|p1a: Gummybear|spa|2
|-ability|p1a: Gummybear|Two-Minded
|-boost|p1a: Gummybear|atk|2
|move|p2a: Bronzong|Body Press|p1a: Gummybear
|-resisted|p1a: Gummybear
|-damage|p1a: Gummybear|25\/100 tox
|
|-heal|p2a: Bronzong|71\/100|[from] item: Leftovers
|-damage|p1a: Gummybear|0 fnt|[from] psn
|faint|p1a: Gummybear
|-fieldend|move: Trick Room
|upkeep
|
|t:|1618435159
|switch|p1a: Ra|Volcarona, M|100\/100
|turn|31
|c|☆Testes do bos.|Test
|inactive|Bekama has 270 seconds left.
|
|t:|1618435182
|switch|p2a: Heatran|Heatran, M|100\/100
|-item|p2a: Heatran|Air Balloon
|move|p1a: Ra|Quiver Dance|p1a: Ra
|-boost|p1a: Ra|spa|1
|-boost|p1a: Ra|spd|1
|-boost|p1a: Ra|spe|1
|
|upkeep
|turn|32
|
|t:|1618435191
|move|p1a: Ra|Bug Buzz|p2a: Heatran
|-resisted|p2a: Heatran
|-damage|p2a: Heatran|87\/100
|-enditem|p2a: Heatran|Air Balloon
|move|p2a: Heatran|Rock Slide|p1a: Ra
|-supereffective|p1a: Ra
|-damage|p1a: Ra|20\/100
|
|upkeep
|turn|33
|
|t:|1618435201
|move|p1a: Ra|Hidden Power|p2a: Heatran
|-supereffective|p2a: Heatran
|-damage|p2a: Heatran|0 fnt
|faint|p2a: Heatran
|
|upkeep
|
|t:|1618435218
|switch|p2a: Meowstic|Meowstic-F, F|100\/100
|turn|34
|
|t:|1618435226
|detailschange|p2a: Meowstic|Meowstic-F-Mega, F
|-mega|p2a: Meowstic|Meowstic|Meowsticite
|-ability|p2a: Meowstic|Fairy Aura
|-start|p2a: Meowstic|typechange|Psychic\/Fairy|[silent]
|raw|<ul class="utilichart"><li class="result"><span class="col pokemonnamecol" style="white-space: nowrap">Meowstic-F-Mega<\/span> <span class="col typecol"><img src="https:\/\/play.pokemonshowdown.com\/sprites\/types\/Psychic.png" alt="Psychic" height="14" width="32"><img src="https:\/\/play.pokemonshowdown.com\/sprites\/types\/Fairy.png" alt="Fairy" height="14" width="32"><\/span> <span style="float: left ; min-height: 26px"><span class="col abilitycol">Fairy Aura<\/span><span class="col abilitycol"><\/span><\/span><span style="float: left ; min-height: 26px"><span class="col statcol"><em>HP<\/em><br>74<\/span> <span class="col statcol"><em>Atk<\/em><br>48<\/span> <span class="col statcol"><em>Def<\/em><br>91<\/span> <span class="col statcol"><em>SpA<\/em><br>133<\/span> <span class="col statcol"><em>SpD<\/em><br>96<\/span> <span class="col statcol"><em>Spe<\/em><br>124<\/span> <\/span><\/li><li style="clear: both"><\/li><\/ul>
|move|p1a: Ra|Bug Buzz|p2a: Meowstic
|-damage|p2a: Meowstic|9\/100
|move|p2a: Meowstic|Psyshock|p1a: Ra
|-damage|p1a: Ra|0 fnt
|faint|p1a: Ra
|
|upkeep
|
|t:|1618435237
|switch|p1a: Runerigus|Runerigus, F|57\/100 tox
|turn|35
|
|t:|1618435245
|switch|p2a: Umbreon|Umbreon, F|80\/100
|move|p1a: Runerigus|Earthquake|p2a: Umbreon
|-damage|p2a: Umbreon|62\/100
|
|-heal|p1a: Runerigus|63\/100 tox|[from] item: Leftovers
|-damage|p1a: Runerigus|57\/100 tox|[from] psn
|upkeep
|turn|36
|inactive|Testes do bos. has 270 seconds left.
|
|t:|1618435287
|move|p2a: Umbreon|Wish|p2a: Umbreon
|move|p1a: Runerigus|Will-O-Wisp||[still]
|-status|p2a: Umbreon|brn
|-activate|p2a: Umbreon|ability: Synchronize
|-fail|p2a: Umbreon
|
|-heal|p1a: Runerigus|63\/100 tox|[from] item: Leftovers
|-damage|p2a: Umbreon|56\/100 brn|[from] brn
|-damage|p1a: Runerigus|50\/100 tox|[from] psn
|upkeep
|turn|37
|
|t:|1618435300
|switch|p1a: Milotic|Milotic, M|70\/100 tox
|move|p2a: Umbreon|Heal Bell|p2a: Umbreon
|-activate|p2a: Umbreon|move: Heal Bell
|-curestatus|p2a: Umbreon|brn|[msg]
|
|-heal|p2a: Umbreon|100\/100|[from] move: Wish|[wisher] Umbreon
|-heal|p1a: Milotic|76\/100 tox|[from] item: Leftovers
|-damage|p1a: Milotic|70\/100 tox|[from] psn
|upkeep
|turn|38
|
|t:|1618435312
|move|p2a: Umbreon|Protect|p2a: Umbreon
|-singleturn|p2a: Umbreon|Protect
|move|p1a: Milotic|Recover|p1a: Milotic
|-heal|p1a: Milotic|100\/100 tox
|
|-damage|p1a: Milotic|88\/100 tox|[from] psn
|upkeep
|turn|39
|
|t:|1618435327
|switch|p1a: Runerigus|Runerigus, F|50\/100 tox
|move|p2a: Umbreon|Wish|p2a: Umbreon
|
|-heal|p1a: Runerigus|57\/100 tox|[from] item: Leftovers
|-damage|p1a: Runerigus|50\/100 tox|[from] psn
|upkeep
|turn|40
|
|t:|1618435336
|move|p2a: Umbreon|Foul Play|p1a: Runerigus
|-supereffective|p1a: Runerigus
|-damage|p1a: Runerigus|3\/100 tox
|-activate|p1a: Runerigus|ability: Wandering Spirit|Synchronize|Wandering Spirit|[of] p2a: Umbreon
|move|p1a: Runerigus|Will-O-Wisp|p2a: Umbreon
|-status|p2a: Umbreon|brn
|
|-heal|p1a: Runerigus|9\/100 tox|[from] item: Leftovers
|-damage|p2a: Umbreon|94\/100 brn|[from] brn
|-damage|p1a: Runerigus|0 fnt|[from] psn
|faint|p1a: Runerigus
|upkeep
|
|t:|1618435347
|switch|p1a: King|Nidoking, M|73\/100
|turn|41
|
|t:|1618435355
|move|p1a: King|Toxic Spikes|p2a: Umbreon
|-sidestart|p2: Testes do bos.|move: Toxic Spikes
|move|p2a: Umbreon|Heal Bell|p2a: Umbreon
|-activate|p2a: Umbreon|move: Heal Bell
|-curestatus|p2a: Umbreon|brn|[msg]
|
|-heal|p1a: King|79\/100|[from] item: Leftovers
|upkeep
|turn|42
|
|t:|1618435364
|move|p1a: King|Sludge Wave|p2a: Umbreon
|-damage|p2a: Umbreon|69\/100
|move|p2a: Umbreon|Foul Play|p1a: King
|-damage|p1a: King|57\/100
|
|-heal|p1a: King|63\/100|[from] item: Leftovers
|upkeep
|turn|43
|
|t:|1618435373
|move|p1a: King|Sludge Wave|p2a: Umbreon
|-damage|p2a: Umbreon|40\/100
|move|p2a: Umbreon|Foul Play|p1a: King
|-damage|p1a: King|38\/100
|
|-heal|p1a: King|44\/100|[from] item: Leftovers
|upkeep
|turn|44
|
|t:|1618435387
|switch|p1a: Milotic|Milotic, M|88\/100 tox
|move|p2a: Umbreon|Wish|p2a: Umbreon
|
|-heal|p1a: Milotic|94\/100 tox|[from] item: Leftovers
|-damage|p1a: Milotic|88\/100 tox|[from] psn
|upkeep
|turn|45
|
|t:|1618435399
|move|p2a: Umbreon|Protect|p2a: Umbreon
|-singleturn|p2a: Umbreon|Protect
|move|p1a: Milotic|Dragon Tail|p2a: Umbreon
|-activate|p2a: Umbreon|move: Protect
|
|-heal|p2a: Umbreon|90\/100|[from] move: Wish|[wisher] Umbreon
|-heal|p1a: Milotic|94\/100 tox|[from] item: Leftovers
|-damage|p1a: Milotic|82\/100 tox|[from] psn
|upkeep
|turn|46
|inactive|Testes do bos. has 270 seconds left.
|
|t:|1618435431
|switch|p2a: Weezing|Weezing-Galar, F|73\/100
|-ability|p2a: Weezing|Neutralizing Gas
|-sideend|p2: Testes do bos.|move: Toxic Spikes|[of] p2a: Weezing
|move|p1a: Milotic|Dragon Tail|p2a: Weezing
|-immune|p2a: Weezing
|
|-heal|p1a: Milotic|88\/100 tox|[from] item: Leftovers
|-heal|p2a: Weezing|79\/100|[from] item: Black Sludge
|-damage|p1a: Milotic|70\/100 tox|[from] psn
|upkeep
|turn|47
|inactive|Testes do bos. has 270 seconds left.
|
|t:|1618435444
|switch|p2a: Umbreon|Umbreon, F|90\/100
|move|p1a: Milotic|Ice Beam|p2a: Umbreon
|-damage|p2a: Umbreon|77\/100
|
|-heal|p1a: Milotic|76\/100 tox|[from] item: Leftovers
|-damage|p1a: Milotic|52\/100 tox|[from] psn
|upkeep
|turn|48
|inactive|Testes do bos. has 270 seconds left.
|
|t:|1618435460
|switch|p2a: Meowstic|Meowstic-F-Mega, F|9\/100
|-start|p2a: Meowstic|typechange|Psychic\/Fairy|[silent]
|-ability|p2a: Meowstic|Fairy Aura
|move|p1a: Milotic|Dragon Tail|p2a: Meowstic
|-immune|p2a: Meowstic
|
|-heal|p1a: Milotic|58\/100 tox|[from] item: Leftovers
|-damage|p1a: Milotic|27\/100 tox|[from] psn
|upkeep
|turn|49
|
|t:|1618435471
|move|p2a: Meowstic|Moonblast|p1a: Milotic
|-damage|p1a: Milotic|0 fnt
|faint|p1a: Milotic
|
|upkeep
|c|☆Bekama|gg
|
|t:|1618435479
|switch|p1a: King|Nidoking, M|44\/100
|turn|50
|c|☆Testes do bos.|gg 
|
|t:|1618435485
|move|p2a: Meowstic|Psyshock|p1a: King
|-supereffective|p1a: King
|-damage|p1a: King|0 fnt
|faint|p1a: King
|
|win|Testes do bos.
|l|☆Bekama
</script>
</div>
<div class="battle-log battle-log-inline"><div class="inner"><div class="battle-options"></div><div class="inner message-log"><div class="chat"><div class="broadcast-red"><strong>This battle is invite-only!</strong><br>Users must be invited with <code>/invite</code> (or be staff) to join</div></div><div class="chat"><small>☆Bekama and ☆Testes do bos. joined</small></div><div class=""><small>Format:</small> <br><strong>[Gen 8] Megas for All</strong></div><div class=""><small><em>HP Percentage Mod:</em> HP is shown in percentages</small></div><div class=""><small><em>Endless Battle Clause:</em> Forcing endless battles is banned</small></div><div class=""><small><em>OHKO Clause:</em> OHKO moves are banned</small></div><div class=""><small><em>Evasion Moves Clause:</em> Evasion moves are banned</small></div><div class=""><small><em>Species Clause:</em> Limit one of each Pokémon</small></div><div class=""><small><em>Dynamax Clause:</em> You cannot dynamax</small></div><div class=""><small><em>Sleep Clause Mod:</em> Limit one foe put to sleep</small></div><div class=""><small><em>Freeze Clause Mod:</em> Limit one foe frozen</small></div><div class="chat"><img src="https://www.smogon.com/forums/attachments/banner_2-png.302358/" height="65" width="381"></div><div class="spacer battle-history"><br></div><div class="battle-history"><small>Welcome to Megas for All!</small><br></div><div class="battle-history"><small>This is a National Dex-based format where we aim to give a new Mega Evolution to every Pokémon.</small><br></div><div class="battle-history"><small>Just like any official format, you can still only Mega Evolve one Pokémon per team!</small><br></div><div class="battle-history"><small>You can find our thread and metagame resources here:</small><br></div><div class="battle-history"><small>https://www.smogon.com/forums/threads/3671140/</small><br></div><div class="chat battle-history"><strong>Bekama's team:</strong> <em style="color:#445566;display:block;">Reuniclus / Nidoking / Milotic / Volcarona / Liepard / Runerigus</em></div><div class="chat battle-history"><strong>Testes do bos.'s team:</strong> <em style="color:#445566;display:block;">Meowstic-F / Heatran / Bronzong / Umbreon / Weezing-Galar / Hoopa-Unbound</em></div><div class="chat message-error">Battle timer is ON: inactive players will automatically lose when time's up. (requested by Testes do bos.)</div><div class="chat chatmessage-bekama"><strong style="color:#ac8416"><small>☆</small><span class="username" data-name="Bekama">Bekama</span>:</strong> <em>good luck , have fun</em></div><div class="chat chatmessage-testesdobos"><strong style="color:#c224af"><small>☆</small><span class="username" data-name="Testes do bos.">Testes do bos.</span>:</strong> <em>Hf </em></div><div class="chat message-error">Bekama has 270 seconds left.</div><div class="spacer battle-history"><br></div><div class="battle-history">Battle started between Bekama and Testes do bos.!<br></div><div class="spacer battle-history"><br></div><div class="battle-history">Go! <strong>Runerigus</strong>!<br></div><div class="spacer battle-history"><br></div><div class="battle-history">Testes do bos. sent out <strong>Bronzong</strong>!<br></div><div class="spacer battle-history"><br></div><h2 class="battle-history">Turn 1</h2><div class="spacer battle-history"><br></div><div class="battle-history">Runerigus used <strong>Poltergeist</strong>!<br></div><div class="battle-history"><small>The opposing Bronzong is about to be attacked by its Leftovers!</small><br></div><div class="battle-history"><small>It's super effective!</small><br></div><div class="battle-history"><small>(The opposing Bronzong lost 44% of its health!)</small><br></div><div class="spacer battle-history"><br></div><div class="battle-history">The opposing Bronzong used <strong>Toxic</strong>!<br></div><div class="battle-history"><small>Runerigus was badly poisoned!</small><br></div><div class="spacer battle-history"><br></div><div class="battle-history"><small>The opposing Bronzong restored a little HP using its Leftovers!</small><br></div><div class="battle-history"><small>Runerigus was hurt by poison!</small><br></div><div class="spacer battle-history"><br></div><h2 class="battle-history">Turn 2</h2><div class="spacer battle-history"><br></div><div class="battle-history">Testes do bos. withdrew Bronzong!<br></div><div class="battle-history">Testes do bos. sent out <strong>Umbreon</strong>!<br></div><div class="spacer battle-history"><br></div><div class="battle-history">Runerigus used <strong>Poltergeist</strong>!<br></div><div class="battle-history"><small>The opposing Umbreon is about to be attacked by its Heavy-Duty Boots!</small><br></div><div class="battle-history"><small>It's not very effective...</small><br></div><div class="battle-history"><small>(The opposing Umbreon lost 11% of its health!)</small><br></div><div class="spacer battle-history"><br></div><div class="battle-history"><small>Runerigus restored a little HP using its Leftovers!</small><br></div><div class="battle-history"><small>Runerigus was hurt by poison!</small><br></div><div class="spacer battle-history"><br></div><h2 class="battle-history">Turn 3</h2><div class="spacer battle-history"><br></div><div class="battle-history">The opposing Umbreon used <strong>Wish</strong>!<br></div><div class="spacer battle-history"><br></div><div class="battle-history">Runerigus used <strong>Will-O-Wisp</strong>!<br></div><div class="battle-history"><small>The opposing Umbreon was burned!</small><br></div><div class="battle-history">[The opposing Umbreon's Synchronize]<br></div><div class="battle-history"><small>But it failed!</small><br></div><div class="spacer battle-history"><br></div><div class="battle-history"><small>Runerigus restored a little HP using its Leftovers!</small><br></div><div class="battle-history"><small>The opposing Umbreon was hurt by its burn!</small><br></div><div class="battle-history"><small>Runerigus was hurt by poison!</small><br></div><div class="spacer battle-history"><br></div><h2 class="battle-history">Turn 4</h2><div class="spacer battle-history"><br></div><div class="battle-history">The opposing Umbreon used <strong>Heal Bell</strong>!<br></div><div class="battle-history"><small>A bell chimed!</small><br></div><div class="battle-history"><small>The opposing Umbreon's burn was healed!</small><br></div><div class="spacer battle-history"><br></div><div class="battle-history">Runerigus used <strong>Earthquake</strong>!<br></div><div class="battle-history"><small>(The opposing Umbreon lost 21% of its health!)</small><br></div><div class="spacer battle-history"><br></div><div class="battle-history"><small>Umbreon's wish came true!</small><br></div><div class="battle-history"><small>Runerigus restored a little HP using its Leftovers!</small><br></div><div class="battle-history"><small>Runerigus was hurt by poison!</small><br></div><div class="spacer battle-history"><br></div><h2 class="battle-history">Turn 5</h2><div class="spacer battle-history"><br></div><div class="battle-history">Runerigus, come back!<br></div><div class="battle-history">Go! Cat (<strong>Liepard</strong>)!<br></div><div class="spacer battle-history"><br></div><div class="battle-history">The opposing Umbreon used <strong>Protect</strong>!<br></div><div class="battle-history"><small>But it failed!</small><br></div><div class="spacer battle-history"><br></div><h2 class="battle-history">Turn 6</h2><div class="spacer battle-history"><br></div><div class="battle-history">The opposing Umbreon used <strong>Protect</strong>!<br></div><div class="battle-history"><small>The opposing Umbreon protected itself!</small><br></div><div class="spacer battle-history"><br></div><div class="battle-history">Cat used <strong>Substitute</strong>!<br></div><div class="battle-history"><small>Cat put in a substitute!</small><br></div><div class="battle-history"><small>(Cat lost 24% of its health!)</small><br></div><div class="spacer battle-history"><br></div><h2 class="battle-history">Turn 7</h2><div class="spacer battle-history"><br></div><div class="battle-history">Cat used <strong>Encore</strong>!<br></div><div class="battle-history"><small>(Since gen 7, Dark is immune to Prankster moves.)</small><br></div><div class="battle-history"><small>It doesn't affect the opposing Umbreon...</small><br></div><div class="spacer battle-history"><br></div><div class="battle-history">The opposing Umbreon used <strong>Foul Play</strong>!<br></div><div class="battle-history"><small>It's not very effective...</small><br></div><div class="battle-history"><small>Cat's substitute faded!</small><br></div><div class="spacer battle-history"><br></div><h2 class="battle-history">Turn 8</h2><div class="spacer battle-history"><br></div><div class="battle-history">Cat used <strong>Nasty Plot</strong>!<br></div><div class="battle-history"><small>Cat's Sp. Atk rose sharply!</small><br></div><div class="spacer battle-history"><br></div><div class="battle-history">The opposing Umbreon used <strong>Foul Play</strong>!<br></div><div class="battle-history"><small>It's not very effective...</small><br></div><div class="battle-history"><small>(Cat lost 24% of its health!)</small><br></div><div class="spacer battle-history"><br></div><h2 class="battle-history">Turn 9</h2><div class="spacer battle-history"><br></div><div class="battle-history">Cat used <strong>Substitute</strong>!<br></div><div class="battle-history"><small>Cat put in a substitute!</small><br></div><div class="battle-history"><small>(Cat lost 25% of its health!)</small><br></div><div class="spacer battle-history"><br></div><div class="battle-history">The opposing Umbreon used <strong>Foul Play</strong>!<br></div><div class="battle-history"><small>It's not very effective...</small><br></div><div class="battle-history"><small>Cat's substitute faded!</small><br></div><div class="spacer battle-history"><br></div><h2 class="battle-history">Turn 10</h2><div class="spacer battle-history"><br></div><div class="battle-history">Cat used <strong>Substitute</strong>!<br></div><div class="battle-history"><small>Cat put in a substitute!</small><br></div><div class="battle-history"><small>(Cat lost 25% of its health!)</small><br></div><div class="spacer battle-history"><br></div><div class="battle-history">The opposing Umbreon used <strong>Foul Play</strong>!<br></div><div class="battle-history"><small>It's not very effective...</small><br></div><div class="battle-history"><small>The substitute took damage for Cat!</small><br></div><div class="spacer battle-history"><br></div><h2 class="battle-history">Turn 11</h2><div class="spacer battle-history"><br></div><div class="battle-history">Cat used <strong>Nasty Plot</strong>!<br></div><div class="battle-history"><small>Cat's Sp. Atk rose sharply!</small><br></div><div class="spacer battle-history"><br></div><div class="battle-history">The opposing Umbreon used <strong>Foul Play</strong>!<br></div><div class="battle-history"><small>It's not very effective...</small><br></div><div class="battle-history"><small>Cat's substitute faded!</small><br></div><div class="spacer battle-history"><br></div><h2 class="battle-history">Turn 12</h2><div class="spacer battle-history"><br></div><div class="battle-history">Cat used <strong>Dark Pulse</strong>!<br></div><div class="battle-history"><small>It's not very effective...</small><br></div><div class="battle-history"><small>(The opposing Umbreon lost 39% of its health!)</small><br></div><div class="spacer battle-history"><br></div><div class="battle-history">The opposing Umbreon used <strong>Foul Play</strong>!<br></div><div class="battle-history"><small>It's not very effective...</small><br></div><div class="battle-history"><small>(Cat lost 2% of its health!)</small><br></div><div class="spacer battle-history"><br></div><div class="battle-history">Cat fainted!<br></div><div class="spacer battle-history"><br></div><div class="battle-history">Go! King (<strong>Nidoking</strong>)!<br></div><div class="spacer battle-history"><br></div><h2 class="battle-history">Turn 13</h2><div class="spacer battle-history"><br></div><div class="battle-history">The opposing Umbreon used <strong>Protect</strong>!<br></div><div class="battle-history"><small>The opposing Umbreon protected itself!</small><br></div><div class="spacer battle-history"><br></div><div class="battle-history">King used <strong>Toxic Spikes</strong>!<br></div><div class="battle-history"><small>Poison spikes were scattered on the ground all around the opposing team!</small><br></div><div class="spacer battle-history"><br></div><h2 class="battle-history">Turn 14</h2><div class="spacer battle-history"><br></div><div class="battle-history">King used <strong>Toxic Spikes</strong>!<br></div><div class="battle-history"><small>Poison spikes were scattered on the ground all around the opposing team!</small><br></div><div class="spacer battle-history"><br></div><div class="battle-history">The opposing Umbreon used <strong>Wish</strong>!<br></div><div class="spacer battle-history"><br></div><h2 class="battle-history">Turn 15</h2><div class="spacer battle-history"><br></div><div class="battle-history">King used <strong>Stealth Rock</strong>!<br></div><div class="battle-history"><small>Pointed stones float in the air around the opposing team!</small><br></div><div class="spacer battle-history"><br></div><div class="battle-history">The opposing Umbreon used <strong>Foul Play</strong>!<br></div><div class="battle-history"><small>(King lost 22% of its health!)</small><br></div><div class="spacer battle-history"><br></div><div class="battle-history"><small>Umbreon's wish came true!</small><br></div><div class="battle-history"><small>King restored a little HP using its Leftovers!</small><br></div><div class="spacer battle-history"><br></div><h2 class="battle-history">Turn 16</h2><div class="spacer battle-history"><br></div><div class="battle-history">King used <strong>Sludge Wave</strong>!<br></div><div class="battle-history"><small>(The opposing Umbreon lost 24% of its health!)</small><br></div><div class="spacer battle-history"><br></div><div class="battle-history">The opposing Umbreon used <strong>Foul Play</strong>!<br></div><div class="battle-history"><small>(King lost 23% of its health!)</small><br></div><div class="spacer battle-history"><br></div><div class="battle-history"><small>King restored a little HP using its Leftovers!</small><br></div><div class="spacer battle-history"><br></div><h2 class="battle-history">Turn 17</h2><div class="spacer battle-history"><br></div><div class="battle-history">King, come back!<br></div><div class="battle-history">Go! <strong>Milotic</strong>!<br></div><div class="spacer battle-history"><br></div><div class="battle-history">The opposing Umbreon used <strong>Foul Play</strong>!<br></div><div class="battle-history"><small>(Milotic lost 14% of its health!)</small><br></div><div class="spacer battle-history"><br></div><div class="battle-history"><small>Milotic restored a little HP using its Leftovers!</small><br></div><div class="spacer battle-history"><br></div><h2 class="battle-history">Turn 18</h2><div class="spacer battle-history"><br></div><div class="battle-history">The opposing Umbreon used <strong>Wish</strong>!<br></div><div class="spacer battle-history"><br></div><div class="battle-history">Milotic used <strong>Dragon Tail</strong>!<br></div><div class="battle-history"><small>(The opposing Umbreon lost 5% of its health!)</small><br></div><div class="spacer battle-history"><br></div><div class="battle-history"><strong>Bronzong</strong> was dragged out!<br></div><div class="battle-history"><small>Pointed stones dug into the opposing Bronzong!</small><br></div><div class="spacer battle-history"><br></div><div class="battle-history"><small>Milotic restored a little HP using its Leftovers!</small><br></div><div class="battle-history"><small>The opposing Bronzong restored a little HP using its Leftovers!</small><br></div><div class="spacer battle-history"><br></div><h2 class="battle-history">Turn 19</h2><div class="spacer battle-history"><br></div><div class="battle-history">The opposing Bronzong used <strong>Toxic</strong>!<br></div><div class="battle-history"><small>Milotic was badly poisoned!</small><br></div><div class="spacer battle-history"><br></div><div class="battle-history">Milotic used <strong>Dragon Tail</strong>!<br></div><div class="battle-history"><small>It's not very effective...</small><br></div><div class="battle-history"><small>(The opposing Bronzong lost 4% of its health!)</small><br></div><div class="spacer battle-history"><br></div><div class="battle-history"><strong>Umbreon</strong> was dragged out!<br></div><div class="spacer battle-history"><br></div><div class="battle-history"><small>Umbreon's wish came true!</small><br></div><div class="battle-history"><small>Milotic restored a little HP using its Leftovers!</small><br></div><div class="battle-history"><small>Milotic was hurt by poison!</small><br></div><div class="spacer battle-history"><br></div><h2 class="battle-history">Turn 20</h2><div class="spacer battle-history"><br></div><div class="battle-history">Testes do bos. withdrew Umbreon!<br></div><div class="battle-history">Testes do bos. sent out Weezing (<strong>Weezing-Galar</strong>)!<br></div><div class="battle-history">[The opposing Weezing's Neutralizing Gas]<br><small>Neutralizing gas filled the area!</small><br></div><div class="battle-history"><small>Pointed stones dug into the opposing Weezing!</small><br></div><div class="battle-history"><small>The poison spikes disappeared from the ground around the opposing team!</small><br></div><div class="spacer battle-history"><br></div><div class="battle-history">Milotic used <strong>Dragon Tail</strong>!<br></div><div class="battle-history"><small>It doesn't affect the opposing Weezing...</small><br></div><div class="spacer battle-history"><br></div><div class="battle-history"><small>Milotic restored a little HP using its Leftovers!</small><br></div><div class="battle-history"><small>The opposing Weezing restored a little HP using its Black Sludge!</small><br></div><div class="battle-history"><small>Milotic was hurt by poison!</small><br></div><div class="spacer battle-history"><br></div><h2 class="battle-history">Turn 21</h2><div class="spacer battle-history"><br></div><div class="battle-history">Milotic used <strong>Scald</strong>!<br></div><div class="battle-history"><small>(The opposing Weezing lost 27% of its health!)</small><br></div><div class="spacer battle-history"><br></div><div class="battle-history">The opposing Weezing used <strong>Defog</strong>!<br></div><div class="battle-history"><small>Milotic's evasiveness fell!</small><br></div><div class="battle-history"><small>The pointed stones disappeared from around the opposing team!</small><br></div><div class="spacer battle-history"><br></div><div class="battle-history"><small>Milotic restored a little HP using its Leftovers!</small><br></div><div class="battle-history"><small>The opposing Weezing restored a little HP using its Black Sludge!</small><br></div><div class="battle-history"><small>Milotic was hurt by poison!</small><br></div><div class="spacer battle-history"><br></div><h2 class="battle-history">Turn 22</h2><div class="spacer battle-history"><br></div><div class="battle-history">Testes do bos. withdrew Weezing!<br></div><div class="battle-history">Testes do bos. sent out <strong>Umbreon</strong>!<br></div><div class="spacer battle-history"><br></div><div class="battle-history">Milotic used <strong>Scald</strong>!<br></div><div class="battle-history"><small>(The opposing Umbreon lost 20% of its health!)</small><br></div><div class="spacer battle-history"><br></div><div class="battle-history"><small>Milotic restored a little HP using its Leftovers!</small><br></div><div class="battle-history"><small>Milotic was hurt by poison!</small><br></div><div class="spacer battle-history"><br></div><h2 class="battle-history">Turn 23</h2><div class="spacer battle-history"><br></div><div class="battle-history">Milotic used <strong>Recover</strong>!<br></div><div class="battle-history"><small>Milotic had its HP restored.</small><br></div><div class="spacer battle-history"><br></div><div class="battle-history">The opposing Umbreon used <strong>Wish</strong>!<br></div><div class="spacer battle-history"><br></div><div class="battle-history"><small>Milotic was hurt by poison!</small><br></div><div class="spacer battle-history"><br></div><h2 class="battle-history">Turn 24</h2><div class="spacer battle-history"><br></div><div class="battle-history">Milotic, come back!<br></div><div class="battle-history">Go! King (<strong>Nidoking</strong>)!<br></div><div class="spacer battle-history"><br></div><div class="battle-history">Testes do bos. withdrew Umbreon!<br></div><div class="battle-history">Testes do bos. sent out <strong>Bronzong</strong>!<br></div><div class="spacer battle-history"><br></div><div class="battle-history"><small>Umbreon's wish came true!</small><br></div><div class="battle-history"><small>King restored a little HP using its Leftovers!</small><br></div><div class="spacer battle-history"><br></div><h2 class="battle-history">Turn 25</h2><div class="spacer battle-history"><br></div><div class="battle-history">King, come back!<br></div><div class="battle-history">Go! Gummybear (<strong>Reuniclus</strong>)!<br></div><div class="spacer battle-history"><br></div><div class="battle-history">The opposing Bronzong used <strong>Gyro Ball</strong>!<br></div><div class="battle-history"><small>(Gummybear lost 8% of its health!)</small><br></div><div class="spacer battle-history"><br></div><h2 class="battle-history">Turn 26</h2><div class="spacer battle-history"><br></div><div class="battle-history"><small>Gummybear's Reunite is reacting to the Key Stone!</small><br>Gummybear has Mega Evolved into Mega Reuniclus!<br></div><div class="chat"><ul class="utilichart"><li class="result"><span class="col pokemonnamecol">Reuniclus-Mega</span> <span class="col typecol"><img src="https://play.pokemonshowdown.com/sprites/types/Psychic.png" alt="Psychic" height="14" width="32"><img src="https://play.pokemonshowdown.com/sprites/types/Fighting.png" alt="Fighting" height="14" width="32"></span> <span><span class="col abilitycol">Two-Minded</span><span class="col abilitycol"></span></span><span><span class="col statcol"><em>HP</em><br>110</span> <span class="col statcol"><em>Atk</em><br>110</span> <span class="col statcol"><em>Def</em><br>115</span> <span class="col statcol"><em>SpA</em><br>165</span> <span class="col statcol"><em>SpD</em><br>85</span> <span class="col statcol"><em>Spe</em><br>5</span> </span></li><li></li></ul></div><div class="spacer battle-history"><br></div><div class="battle-history">The opposing Bronzong used <strong>Iron Defense</strong>!<br></div><div class="battle-history"><small>The opposing Bronzong's Defense rose sharply!</small><br></div><div class="spacer battle-history"><br></div><div class="battle-history">Gummybear used <strong>Trick Room</strong>!<br></div><div class="battle-history"><small>Gummybear twisted the dimensions!</small><br></div><div class="spacer battle-history"><br></div><h2 class="battle-history">Turn 27</h2><div class="spacer battle-history"><br></div><div class="battle-history">Gummybear used <strong>Psycho Boost</strong>!<br></div><div class="battle-history"><small>It's not very effective...</small><br></div><div class="battle-history"><small>(The opposing Bronzong lost 17% of its health!)</small><br></div><div class="battle-history"><small>Gummybear's Sp. Atk fell harshly!</small><br></div><div class="battle-history">[Gummybear's Two-Minded]<br></div><div class="battle-history"><small>Gummybear's Attack rose sharply!</small><br></div><div class="spacer battle-history"><br></div><div class="battle-history">The opposing Bronzong used <strong>Toxic</strong>!<br></div><div class="battle-history"><small>Gummybear was badly poisoned!</small><br></div><div class="spacer battle-history"><br></div><div class="battle-history"><small>The opposing Bronzong restored a little HP using its Leftovers!</small><br></div><div class="battle-history"><small>Gummybear was hurt by poison!</small><br></div><div class="spacer battle-history"><br></div><h2 class="battle-history">Turn 28</h2><div class="spacer battle-history"><br></div><div class="battle-history">Gummybear used <strong>Psycho Boost</strong>!<br></div><div class="battle-history"><small>It's not very effective...</small><br></div><div class="battle-history"><small>(The opposing Bronzong lost 8% of its health!)</small><br></div><div class="battle-history"><small>Gummybear's Sp. Atk fell harshly!</small><br></div><div class="battle-history">[Gummybear's Two-Minded]<br></div><div class="battle-history"><small>Gummybear's Attack rose sharply!</small><br></div><div class="spacer battle-history"><br></div><div class="battle-history">The opposing Bronzong used <strong>Iron Defense</strong>!<br></div><div class="battle-history"><small>The opposing Bronzong's Defense rose sharply!</small><br></div><div class="spacer battle-history"><br></div><div class="battle-history"><small>The opposing Bronzong restored a little HP using its Leftovers!</small><br></div><div class="battle-history"><small>Gummybear was hurt by poison!</small><br></div><div class="spacer battle-history"><br></div><h2 class="battle-history">Turn 29</h2><div class="chat message-error">Testes do bos. has 270 seconds left.</div><div class="spacer battle-history"><br></div><div class="battle-history">Gummybear used <strong>Drain Punch</strong>!<br></div><div class="battle-history"><small>(The opposing Bronzong lost 23% of its health!)</small><br></div><div class="battle-history"><small>The opposing Bronzong had its energy drained!</small><br></div><div class="spacer battle-history"><br></div><div class="battle-history">The opposing Bronzong used <strong>Iron Defense</strong>!<br></div><div class="battle-history"><small>The opposing Bronzong's Defense rose sharply!</small><br></div><div class="spacer battle-history"><br></div><div class="battle-history"><small>The opposing Bronzong restored a little HP using its Leftovers!</small><br></div><div class="battle-history"><small>Gummybear was hurt by poison!</small><br></div><div class="spacer battle-history"><br></div><h2 class="battle-history">Turn 30</h2><div class="chat message-error">Testes do bos. has 270 seconds left.</div><div class="spacer battle-history"><br></div><div class="battle-history">Gummybear used <strong>Psycho Boost</strong>!<br></div><div class="battle-history"><small>It's not very effective...</small><br></div><div class="battle-history"><small>(The opposing Bronzong lost 5% of its health!)</small><br></div><div class="battle-history"><small>Gummybear's Sp. Atk fell harshly!</small><br></div><div class="battle-history">[Gummybear's Two-Minded]<br></div><div class="battle-history"><small>Gummybear's Attack rose sharply!</small><br></div><div class="spacer battle-history"><br></div><div class="battle-history">The opposing Bronzong used <strong>Body Press</strong>!<br></div><div class="battle-history"><small>It's not very effective...</small><br></div><div class="battle-history"><small>(Gummybear lost 40% of its health!)</small><br></div><div class="spacer battle-history"><br></div><div class="battle-history"><small>The opposing Bronzong restored a little HP using its Leftovers!</small><br></div><div class="battle-history"><small>Gummybear was hurt by poison!</small><br></div><div class="spacer battle-history"><br></div><div class="battle-history">Gummybear fainted!<br></div><div class="battle-history"><small>The twisted dimensions returned to normal!</small><br></div><div class="spacer battle-history"><br></div><div class="battle-history">Go! Ra (<strong>Volcarona</strong>)!<br></div><div class="spacer battle-history"><br></div><h2 class="battle-history">Turn 31</h2><div class="chat chatmessage-testesdobos"><strong style="color:#c224af"><small>☆</small><span class="username" data-name="Testes do bos.">Testes do bos.</span>:</strong> <em>Test</em></div><div class="chat message-error">Bekama has 270 seconds left.</div><div class="spacer battle-history"><br></div><div class="battle-history">Testes do bos. withdrew Bronzong!<br></div><div class="battle-history">Testes do bos. sent out <strong>Heatran</strong>!<br></div><div class="battle-history"><small>The opposing Heatran floats in the air with its Air Balloon!</small><br></div><div class="spacer battle-history"><br></div><div class="battle-history">Ra used <strong>Quiver Dance</strong>!<br></div><div class="battle-history"><small>Ra's Sp. Atk rose!</small><br></div><div class="battle-history"><small>Ra's Sp. Def rose!</small><br></div><div class="battle-history"><small>Ra's Speed rose!</small><br></div><div class="spacer battle-history"><br></div><h2 class="battle-history">Turn 32</h2><div class="spacer battle-history"><br></div><div class="battle-history">Ra used <strong>Bug Buzz</strong>!<br></div><div class="battle-history"><small>It's not very effective...</small><br></div><div class="battle-history"><small>(The opposing Heatran lost 13% of its health!)</small><br></div><div class="battle-history"><small>The opposing Heatran's Air Balloon popped!</small><br></div><div class="spacer battle-history"><br></div><div class="battle-history">The opposing Heatran used <strong>Rock Slide</strong>!<br></div><div class="battle-history"><small>It's super effective!</small><br></div><div class="battle-history"><small>(Ra lost 80% of its health!)</small><br></div><div class="spacer battle-history"><br></div><h2 class="battle-history">Turn 33</h2><div class="spacer battle-history"><br></div><div class="battle-history">Ra used <strong>Hidden Power</strong>!<br></div><div class="battle-history"><small>It's super effective!</small><br></div><div class="battle-history"><small>(The opposing Heatran lost 87% of its health!)</small><br></div><div class="spacer battle-history"><br></div><div class="battle-history">The opposing Heatran fainted!<br></div><div class="spacer battle-history"><br></div><div class="battle-history">Testes do bos. sent out Meowstic (<strong>Meowstic-F</strong>)!<br></div><div class="spacer battle-history"><br></div><h2 class="battle-history">Turn 34</h2><div class="spacer battle-history"><br></div><div class="battle-history"><small>The opposing Meowstic's Meowsticite is reacting to the Key Stone!</small><br>The opposing Meowstic has Mega Evolved into Mega Meowstic!<br></div><div class="battle-history">[The opposing Meowstic's Fairy Aura]<br><small>The opposing Meowstic is radiating a fairy aura!</small><br></div><div class="chat"><ul class="utilichart"><li class="result"><span class="col pokemonnamecol">Meowstic-F-Mega</span> <span class="col typecol"><img src="https://play.pokemonshowdown.com/sprites/types/Psychic.png" alt="Psychic" height="14" width="32"><img src="https://play.pokemonshowdown.com/sprites/types/Fairy.png" alt="Fairy" height="14" width="32"></span> <span><span class="col abilitycol">Fairy Aura</span><span class="col abilitycol"></span></span><span><span class="col statcol"><em>HP</em><br>74</span> <span class="col statcol"><em>Atk</em><br>48</span> <span class="col statcol"><em>Def</em><br>91</span> <span class="col statcol"><em>SpA</em><br>133</span> <span class="col statcol"><em>SpD</em><br>96</span> <span class="col statcol"><em>Spe</em><br>124</span> </span></li><li></li></ul></div><div class="spacer battle-history"><br></div><div class="battle-history">Ra used <strong>Bug Buzz</strong>!<br></div><div class="battle-history"><small>(The opposing Meowstic lost 91% of its health!)</small><br></div><div class="spacer battle-history"><br></div><div class="battle-history">The opposing Meowstic used <strong>Psyshock</strong>!<br></div><div class="battle-history"><small>(Ra lost 20% of its health!)</small><br></div><div class="spacer battle-history"><br></div><div class="battle-history">Ra fainted!<br></div><div class="spacer battle-history"><br></div><div class="battle-history">Go! <strong>Runerigus</strong>!<br></div><div class="spacer battle-history"><br></div><h2 class="battle-history">Turn 35</h2><div class="spacer battle-history"><br></div><div class="battle-history">Testes do bos. withdrew Meowstic!<br></div><div class="battle-history">Testes do bos. sent out <strong>Umbreon</strong>!<br></div><div class="spacer battle-history"><br></div><div class="battle-history">Runerigus used <strong>Earthquake</strong>!<br></div><div class="battle-history"><small>(The opposing Umbreon lost 18% of its health!)</small><br></div><div class="spacer battle-history"><br></div><div class="battle-history"><small>Runerigus restored a little HP using its Leftovers!</small><br></div><div class="battle-history"><small>Runerigus was hurt by poison!</small><br></div><div class="spacer battle-history"><br></div><h2 class="battle-history">Turn 36</h2><div class="chat message-error">Testes do bos. has 270 seconds left.</div><div class="spacer battle-history"><br></div><div class="battle-history">The opposing Umbreon used <strong>Wish</strong>!<br></div><div class="spacer battle-history"><br></div><div class="battle-history">Runerigus used <strong>Will-O-Wisp</strong>!<br></div><div class="battle-history"><small>The opposing Umbreon was burned!</small><br></div><div class="battle-history">[The opposing Umbreon's Synchronize]<br></div><div class="battle-history"><small>But it failed!</small><br></div><div class="spacer battle-history"><br></div><div class="battle-history"><small>Runerigus restored a little HP using its Leftovers!</small><br></div><div class="battle-history"><small>The opposing Umbreon was hurt by its burn!</small><br></div><div class="battle-history"><small>Runerigus was hurt by poison!</small><br></div><div class="spacer battle-history"><br></div><h2 class="battle-history">Turn 37</h2><div class="spacer battle-history"><br></div><div class="battle-history">Runerigus, come back!<br></div><div class="battle-history">Go! <strong>Milotic</strong>!<br></div><div class="spacer battle-history"><br></div><div class="battle-history">The opposing Umbreon used <strong>Heal Bell</strong>!<br></div><div class="battle-history"><small>A bell chimed!</small><br></div><div class="battle-history"><small>The opposing Umbreon's burn was healed!</small><br></div><div class="spacer battle-history"><br></div><div class="battle-history"><small>Umbreon's wish came true!</small><br></div><div class="battle-history"><small>Milotic restored a little HP using its Leftovers!</small><br></div><div class="battle-history"><small>Milotic was hurt by poison!</small><br></div><div class="spacer battle-history"><br></div><h2 class="battle-history">Turn 38</h2><div class="spacer battle-history"><br></div><div class="battle-history">The opposing Umbreon used <strong>Protect</strong>!<br></div><div class="battle-history"><small>The opposing Umbreon protected itself!</small><br></div><div class="spacer battle-history"><br></div><div class="battle-history">Milotic used <strong>Recover</strong>!<br></div><div class="battle-history"><small>Milotic had its HP restored.</small><br></div><div class="spacer battle-history"><br></div><div class="battle-history"><small>Milotic was hurt by poison!</small><br></div><div class="spacer battle-history"><br></div><h2 class="battle-history">Turn 39</h2><div class="spacer battle-history"><br></div><div class="battle-history">Milotic, come back!<br></div><div class="battle-history">Go! <strong>Runerigus</strong>!<br></div><div class="spacer battle-history"><br></div><div class="battle-history">The opposing Umbreon used <strong>Wish</strong>!<br></div><div class="spacer battle-history"><br></div><div class="battle-history"><small>Runerigus restored a little HP using its Leftovers!</small><br></div><div class="battle-history"><small>Runerigus was hurt by poison!</small><br></div><div class="spacer battle-history"><br></div><h2 class="battle-history">Turn 40</h2><div class="spacer battle-history"><br></div><div class="battle-history">The opposing Umbreon used <strong>Foul Play</strong>!<br></div><div class="battle-history"><small>It's super effective!</small><br></div><div class="battle-history"><small>(Runerigus lost 47% of its health!)</small><br></div><div class="battle-history">[Runerigus's Wandering Spirit]<br>[Runerigus's Synchronize]<br>[The opposing Umbreon's Wandering Spirit]<br><small>Runerigus swapped Abilities with its target!</small><br></div><div class="spacer battle-history"><br></div><div class="battle-history">Runerigus used <strong>Will-O-Wisp</strong>!<br></div><div class="battle-history"><small>The opposing Umbreon was burned!</small><br></div><div class="spacer battle-history"><br></div><div class="battle-history"><small>Runerigus restored a little HP using its Leftovers!</small><br></div><div class="battle-history"><small>The opposing Umbreon was hurt by its burn!</small><br></div><div class="battle-history"><small>Runerigus was hurt by poison!</small><br></div><div class="spacer battle-history"><br></div><div class="battle-history">Runerigus fainted!<br></div><div class="spacer battle-history"><br></div><div class="battle-history">Go! King (<strong>Nidoking</strong>)!<br></div><div class="spacer battle-history"><br></div><h2 class="battle-history">Turn 41</h2><div class="spacer battle-history"><br></div><div class="battle-history">King used <strong>Toxic Spikes</strong>!<br></div><div class="battle-history"><small>Poison spikes were scattered on the ground all around the opposing team!</small><br></div><div class="spacer battle-history"><br></div><div class="battle-history">The opposing Umbreon used <strong>Heal Bell</strong>!<br></div><div class="battle-history"><small>A bell chimed!</small><br></div><div class="battle-history"><small>The opposing Umbreon's burn was healed!</small><br></div><div class="spacer battle-history"><br></div><div class="battle-history"><small>King restored a little HP using its Leftovers!</small><br></div><div class="spacer battle-history"><br></div><h2 class="battle-history">Turn 42</h2><div class="spacer battle-history"><br></div><div class="battle-history">King used <strong>Sludge Wave</strong>!<br></div><div class="battle-history"><small>(The opposing Umbreon lost 25% of its health!)</small><br></div><div class="spacer battle-history"><br></div><div class="battle-history">The opposing Umbreon used <strong>Foul Play</strong>!<br></div><div class="battle-history"><small>(King lost 22% of its health!)</small><br></div><div class="spacer battle-history"><br></div><div class="battle-history"><small>King restored a little HP using its Leftovers!</small><br></div><div class="spacer battle-history"><br></div><h2 class="battle-history">Turn 43</h2><div class="spacer battle-history"><br></div><div class="battle-history">King used <strong>Sludge Wave</strong>!<br></div><div class="battle-history"><small>(The opposing Umbreon lost 29% of its health!)</small><br></div><div class="spacer battle-history"><br></div><div class="battle-history">The opposing Umbreon used <strong>Foul Play</strong>!<br></div><div class="battle-history"><small>(King lost 25% of its health!)</small><br></div><div class="spacer battle-history"><br></div><div class="battle-history"><small>King restored a little HP using its Leftovers!</small><br></div><div class="spacer battle-history"><br></div><h2 class="battle-history">Turn 44</h2><div class="spacer battle-history"><br></div><div class="battle-history">King, come back!<br></div><div class="battle-history">Go! <strong>Milotic</strong>!<br></div><div class="spacer battle-history"><br></div><div class="battle-history">The opposing Umbreon used <strong>Wish</strong>!<br></div><div class="spacer battle-history"><br></div><div class="battle-history"><small>Milotic restored a little HP using its Leftovers!</small><br></div><div class="battle-history"><small>Milotic was hurt by poison!</small><br></div><div class="spacer battle-history"><br></div><h2 class="battle-history">Turn 45</h2><div class="spacer battle-history"><br></div><div class="battle-history">The opposing Umbreon used <strong>Protect</strong>!<br></div><div class="battle-history"><small>The opposing Umbreon protected itself!</small><br></div><div class="spacer battle-history"><br></div><div class="battle-history">Milotic used <strong>Dragon Tail</strong>!<br></div><div class="battle-history"><small>The opposing Umbreon protected itself!</small><br></div><div class="spacer battle-history"><br></div><div class="battle-history"><small>Umbreon's wish came true!</small><br></div><div class="battle-history"><small>Milotic restored a little HP using its Leftovers!</small><br></div><div class="battle-history"><small>Milotic was hurt by poison!</small><br></div><div class="spacer battle-history"><br></div><h2 class="battle-history">Turn 46</h2><div class="chat message-error">Testes do bos. has 270 seconds left.</div><div class="spacer battle-history"><br></div><div class="battle-history">Testes do bos. withdrew Umbreon!<br></div><div class="battle-history">Testes do bos. sent out Weezing (<strong>Weezing-Galar</strong>)!<br></div><div class="battle-history">[The opposing Weezing's Neutralizing Gas]<br><small>Neutralizing gas filled the area!</small><br></div><div class="battle-history"><small>The poison spikes disappeared from the ground around the opposing team!</small><br></div><div class="spacer battle-history"><br></div><div class="battle-history">Milotic used <strong>Dragon Tail</strong>!<br></div><div class="battle-history"><small>It doesn't affect the opposing Weezing...</small><br></div><div class="spacer battle-history"><br></div><div class="battle-history"><small>Milotic restored a little HP using its Leftovers!</small><br></div><div class="battle-history"><small>The opposing Weezing restored a little HP using its Black Sludge!</small><br></div><div class="battle-history"><small>Milotic was hurt by poison!</small><br></div><div class="spacer battle-history"><br></div><h2 class="battle-history">Turn 47</h2><div class="chat message-error">Testes do bos. has 270 seconds left.</div><div class="spacer battle-history"><br></div><div class="battle-history">Testes do bos. withdrew Weezing!<br></div><div class="battle-history">Testes do bos. sent out <strong>Umbreon</strong>!<br></div><div class="spacer battle-history"><br></div><div class="battle-history">Milotic used <strong>Ice Beam</strong>!<br></div><div class="battle-history"><small>(The opposing Umbreon lost 13% of its health!)</small><br></div><div class="spacer battle-history"><br></div><div class="battle-history"><small>Milotic restored a little HP using its Leftovers!</small><br></div><div class="battle-history"><small>Milotic was hurt by poison!</small><br></div><div class="spacer battle-history"><br></div><h2 class="battle-history">Turn 48</h2><div class="chat message-error">Testes do bos. has 270 seconds left.</div><div class="spacer battle-history"><br></div><div class="battle-history">Testes do bos. withdrew Umbreon!<br></div><div class="battle-history">Testes do bos. sent out Meowstic (<strong>Meowstic-F-Mega</strong>)!<br></div><div class="battle-history">[The opposing Meowstic's Fairy Aura]<br><small>The opposing Meowstic is radiating a fairy aura!</small><br></div><div class="spacer battle-history"><br></div><div class="battle-history">Milotic used <strong>Dragon Tail</strong>!<br></div><div class="battle-history"><small>It doesn't affect the opposing Meowstic...</small><br></div><div class="spacer battle-history"><br></div><div class="battle-history"><small>Milotic restored a little HP using its Leftovers!</small><br></div><div class="battle-history"><small>Milotic was hurt by poison!</small><br></div><div class="spacer battle-history"><br></div><h2 class="battle-history">Turn 49</h2><div class="spacer battle-history"><br></div><div class="battle-history">The opposing Meowstic used <strong>Moonblast</strong>!<br></div><div class="battle-history"><small>(Milotic lost 27% of its health!)</small><br></div><div class="spacer battle-history"><br></div><div class="battle-history">Milotic fainted!<br></div><div class="chat chatmessage-bekama"><strong style="color:#ac8416"><small>☆</small><span class="username" data-name="Bekama">Bekama</span>:</strong> <em>gg</em></div><div class="spacer battle-history"><br></div><div class="battle-history">Go! King (<strong>Nidoking</strong>)!<br></div><div class="spacer battle-history"><br></div><h2 class="battle-history">Turn 50</h2><div class="chat chatmessage-testesdobos"><strong style="color:#c224af"><small>☆</small><span class="username" data-name="Testes do bos.">Testes do bos.</span>:</strong> <em>gg </em></div><div class="spacer battle-history"><br></div><div class="battle-history">The opposing Meowstic used <strong>Psyshock</strong>!<br></div><div class="battle-history"><small>It's super effective!</small><br></div><div class="battle-history"><small>(King lost 44% of its health!)</small><br></div><div class="spacer battle-history"><br></div><div class="battle-history">King fainted!<br></div><div class="spacer battle-history"><br></div><div class="battle-history"><strong>Testes do bos.</strong> won the battle!<br></div><div class="chat"><small>☆Bekama left</small></div></div><div class="inner-preempt message-log"></div></div></div>
</div>
<script>
let daily = Math.floor(Date.now()/1000/60/60/24);document.write('<script src="https://play.pokemonshowdown.com/js/replay-embed.js?version'+daily+'"></'+'script>');
</script>
