<!DOCTYPE html>
<meta charset="utf-8" />
<!-- version 1 -->
<title>[Gen 8] Megas for All replay: Mossy Sandwich vs. ViZarPKMN</title>
<style>
html,body {font-family:Verdana, sans-serif;font-size:10pt;margin:0;padding:0;}body{padding:12px 0;} .battle-log {font-family:Verdana, sans-serif;font-size:10pt;} .battle-log-inline {border:1px solid #AAAAAA;background:#EEF2F5;color:black;max-width:640px;margin:0 auto 80px;padding-bottom:5px;} .battle-log .inner {padding:4px 8px 0px 8px;} .battle-log .inner-preempt {padding:0 8px 4px 8px;} .battle-log .inner-after {margin-top:0.5em;} .battle-log h2 {margin:0.5em -8px;padding:4px 8px;border:1px solid #AAAAAA;background:#E0E7EA;border-left:0;border-right:0;font-family:Verdana, sans-serif;font-size:13pt;} .battle-log .chat {vertical-align:middle;padding:3px 0 3px 0;font-size:8pt;} .battle-log .chat strong {color:#40576A;} .battle-log .chat em {padding:1px 4px 1px 3px;color:#000000;font-style:normal;} .chat.mine {background:rgba(0,0,0,0.05);margin-left:-8px;margin-right:-8px;padding-left:8px;padding-right:8px;} .spoiler {color:#BBBBBB;background:#BBBBBB;padding:0px 3px;} .spoiler:hover, .spoiler:active, .spoiler-shown {color:#000000;background:#E2E2E2;padding:0px 3px;} .spoiler a {color:#BBBBBB;} .spoiler:hover a, .spoiler:active a, .spoiler-shown a {color:#2288CC;} .chat code, .chat .spoiler:hover code, .chat .spoiler:active code, .chat .spoiler-shown code {border:1px solid #C0C0C0;background:#EEEEEE;color:black;padding:0 2px;} .chat .spoiler code {border:1px solid #CCCCCC;background:#CCCCCC;color:#CCCCCC;} .battle-log .rated {padding:3px 4px;} .battle-log .rated strong {color:white;background:#89A;padding:1px 4px;border-radius:4px;} .spacer {margin-top:0.5em;} .message-announce {background:#6688AA;color:white;padding:1px 4px 2px;} .message-announce a, .broadcast-green a, .broadcast-blue a, .broadcast-red a {color:#DDEEFF;} .broadcast-green {background-color:#559955;color:white;padding:2px 4px;} .broadcast-blue {background-color:#6688AA;color:white;padding:2px 4px;} .infobox {border:1px solid #6688AA;padding:2px 4px;} .infobox-limited {max-height:200px;overflow:auto;overflow-x:hidden;} .broadcast-red {background-color:#AA5544;color:white;padding:2px 4px;} .message-learn-canlearn {font-weight:bold;color:#228822;text-decoration:underline;} .message-learn-cannotlearn {font-weight:bold;color:#CC2222;text-decoration:underline;} .message-effect-weak {font-weight:bold;color:#CC2222;} .message-effect-resist {font-weight:bold;color:#6688AA;} .message-effect-immune {font-weight:bold;color:#666666;} .message-learn-list {margin-top:0;margin-bottom:0;} .message-throttle-notice, .message-error {color:#992222;} .message-overflow, .chat small.message-overflow {font-size:0pt;} .message-overflow::before {font-size:9pt;content:'...';} .subtle {color:#3A4A66;}
</style>
<div class="wrapper replay-wrapper" style="max-width:1180px;margin:0 auto">
<input type="hidden" name="replayid" value="dragonheaven-gen8megasforall-307" />
<div class="battle"></div><div class="battle-log"></div><div class="replay-controls"></div><div class="replay-controls-2"></div>
<h1 style="font-weight:normal;text-align:center"><strong>[Gen 8] Megas for All</strong><br /><a href="http://pokemonshowdown.com/users/mossysandwich" class="subtle" target="_blank">Mossy Sandwich</a> vs. <a href="http://pokemonshowdown.com/users/vizarpkmn" class="subtle" target="_blank">ViZarPKMN</a></h1>
<script type="text/plain" class="battle-log-data">|j|☆Mossy Sandwich
|j|☆ViZarPKMN
|t:|1609883250
|player|p1|Mossy Sandwich|266|
|player|p2|ViZarPKMN|benga|
|teamsize|p1|6
|teamsize|p2|6
|gametype|singles
|gen|8
|tier|[Gen 8] Megas for All
|clearpoke
|poke|p1|Dragonite, F|
|poke|p1|Tapu Fini|
|poke|p1|Blissey, F|
|poke|p1|Gliscor, M|
|poke|p1|Tapu Lele|
|poke|p1|Spectrier|
|poke|p2|Ninetales-Alola, M|
|poke|p2|Dragonite, M|
|poke|p2|Azumarill, M|
|poke|p2|Hawlucha, M|
|poke|p2|Tapu Koko|
|poke|p2|Spectrier|
|rule|HP Percentage Mod: HP is shown in percentages
|rule|Endless Battle Clause: Forcing endless battles is banned
|rule|OHKO Clause: OHKO moves are banned
|rule|Evasion Moves Clause: Evasion moves are banned
|rule|Species Clause: Limit one of each Pokémon
|rule|Dynamax Clause: You cannot dynamax
|rule|Sleep Clause Mod: Limit one foe put to sleep
|rule|Freeze Clause Mod: Limit one foe frozen
|teampreview
|j| zxgzxg
|c|☆ViZarPKMN|glhf
|c|☆Mossy Sandwich|gl hf!
|j| abismal
|
|t:|1609883280
|start
|switch|p1a: Spectrier|Spectrier|100\/100
|switch|p2a: Ninetales|Ninetales-Alola, M|100\/100
|-weather|Hail|[from] ability: Snow Warning|[of] p2a: Ninetales
|turn|1
|
|t:|1609883288
|-zpower|p1a: Spectrier
|move|p1a: Spectrier|Never-Ending Nightmare|p2a: Ninetales|[zeffect]
|-damage|p2a: Ninetales|0 fnt
|faint|p2a: Ninetales
|-ability|p1a: Spectrier|Grim Neigh|boost
|-boost|p1a: Spectrier|spa|1
|
|-weather|Hail|[upkeep]
|-damage|p1a: Spectrier|94\/100|[from] Hail
|upkeep
|
|t:|1609883292
|switch|p2a: Azumarill|Azumarill, M|100\/100
|turn|2
|
|t:|1609883299
|move|p2a: Azumarill|Aqua Jet|p1a: Spectrier
|-damage|p1a: Spectrier|55\/100
|move|p1a: Spectrier|Shadow Ball|p2a: Azumarill
|-damage|p2a: Azumarill|16\/100
|-enditem|p2a: Azumarill|Sitrus Berry|[eat]
|-heal|p2a: Azumarill|41\/100|[from] item: Sitrus Berry
|
|-weather|Hail|[upkeep]
|-damage|p1a: Spectrier|49\/100|[from] Hail
|-damage|p2a: Azumarill|35\/100|[from] Hail
|upkeep
|turn|3
|j| inkbug1

|
|t:|1609883305
|move|p2a: Azumarill|Aqua Jet|p1a: Spectrier
|-damage|p1a: Spectrier|11\/100
|move|p1a: Spectrier|Shadow Ball|p2a: Azumarill
|-damage|p2a: Azumarill|0 fnt
|faint|p2a: Azumarill
|-ability|p1a: Spectrier|Grim Neigh|boost
|-boost|p1a: Spectrier|spa|1
|
|-weather|Hail|[upkeep]
|-damage|p1a: Spectrier|5\/100|[from] Hail
|upkeep
|c|☆Mossy Sandwich|horse is dumb
|
|t:|1609883316
|switch|p2a: Tapu Koko|Tapu Koko|100\/100
|-fieldstart|move: Electric Terrain|[from] ability: Electric Surge|[of] p2a: Tapu Koko
|turn|4
|j| PalpitoadChamp
|c|☆ViZarPKMN|We'll have to wait 14 days until it'S gone
|
|t:|1609883338
|move|p2a: Tapu Koko|Volt Switch|p1a: Spectrier
|-damage|p1a: Spectrier|0 fnt
|faint|p1a: Spectrier
|c|☆ViZarPKMN|Also my fault for not having a Dark or Normal type
|
|t:|1609883355
|switch|p2a: Hawlucha|Hawlucha, M|100\/100|[from]move: Volt Switch
|-enditem|p2a: Hawlucha|Electric Seed
|-boost|p2a: Hawlucha|def|1|[from] item: Electric Seed
|
|-weather|Hail|[upkeep]
|-damage|p2a: Hawlucha|94\/100|[from] Hail
|upkeep
|
|t:|1609883362
|switch|p1a: Dragonite|Dragonite, F|100\/100
|turn|5
|
|t:|1609883368
|move|p2a: Hawlucha|Swords Dance|p2a: Hawlucha
|-boost|p2a: Hawlucha|atk|2
|move|p1a: Dragonite|Dragon Dance|p1a: Dragonite
|-boost|p1a: Dragonite|atk|1
|-boost|p1a: Dragonite|spe|1
|
|-weather|none
|upkeep
|turn|6
|
|t:|1609883380
|move|p2a: Hawlucha|Acrobatics|p1a: Dragonite
|-damage|p1a: Dragonite|50\/100
|move|p1a: Dragonite|Dual Wingbeat|p2a: Hawlucha
|-supereffective|p2a: Hawlucha
|-damage|p2a: Hawlucha|33\/100
|-supereffective|p2a: Hawlucha
|-crit|p2a: Hawlucha
|-damage|p2a: Hawlucha|0 fnt
|-hitcount|p2a: Hawlucha|2
|faint|p2a: Hawlucha
|
|upkeep
|
|t:|1609883390
|switch|p2a: Dragonite|Dragonite, M|100\/100
|turn|7
|
|t:|1609883395
|detailschange|p1a: Dragonite|Dragonite-Mega, F
|-mega|p1a: Dragonite|Dragonite|Draconite
|-start|p1a: Dragonite|typechange|Dragon\/Flying|[silent]
|raw|<ul class="utilichart"><li class="result"><span class="col pokemonnamecol" style="white-space: nowrap">Dragonite-Mega<\/span> <span class="col typecol"><img src="https:\/\/play.pokemonshowdown.com\/sprites\/types\/Dragon.png" alt="Dragon" height="14" width="32"><img src="https:\/\/play.pokemonshowdown.com\/sprites\/types\/Flying.png" alt="Flying" height="14" width="32"><\/span> <span style="float: left ; min-height: 26px"><span class="col abilitycol">Tough Claws<\/span><span class="col abilitycol"><\/span><\/span><span style="float: left ; min-height: 26px"><span class="col statcol"><em>HP<\/em><br>91<\/span> <span class="col statcol"><em>Atk<\/em><br>164<\/span> <span class="col statcol"><em>Def<\/em><br>110<\/span> <span class="col statcol"><em>SpA<\/em><br>122<\/span> <span class="col statcol"><em>SpD<\/em><br>122<\/span> <span class="col statcol"><em>Spe<\/em><br>91<\/span> <\/span><\/li><li style="clear: both"><\/li><\/ul>
|move|p1a: Dragonite|Dual Wingbeat|p2a: Dragonite
|-damage|p2a: Dragonite|75\/100
|-damage|p2a: Dragonite|23\/100
|-hitcount|p2a: Dragonite|2
|move|p2a: Dragonite|Dragon Dance|p2a: Dragonite
|-boost|p2a: Dragonite|atk|1
|-boost|p2a: Dragonite|spe|1
|
|upkeep
|turn|8
|
|t:|1609883412
|detailschange|p2a: Dragonite|Dragonite-Mega, M
|-mega|p2a: Dragonite|Dragonite|Draconite
|-start|p2a: Dragonite|typechange|Dragon\/Flying|[silent]
|raw|<ul class="utilichart"><li class="result"><span class="col pokemonnamecol" style="white-space: nowrap">Dragonite-Mega<\/span> <span class="col typecol"><img src="https:\/\/play.pokemonshowdown.com\/sprites\/types\/Dragon.png" alt="Dragon" height="14" width="32"><img src="https:\/\/play.pokemonshowdown.com\/sprites\/types\/Flying.png" alt="Flying" height="14" width="32"><\/span> <span style="float: left ; min-height: 26px"><span class="col abilitycol">Tough Claws<\/span><span class="col abilitycol"><\/span><\/span><span style="float: left ; min-height: 26px"><span class="col statcol"><em>HP<\/em><br>91<\/span> <span class="col statcol"><em>Atk<\/em><br>164<\/span> <span class="col statcol"><em>Def<\/em><br>110<\/span> <span class="col statcol"><em>SpA<\/em><br>122<\/span> <span class="col statcol"><em>SpD<\/em><br>122<\/span> <span class="col statcol"><em>Spe<\/em><br>91<\/span> <\/span><\/li><li style="clear: both"><\/li><\/ul>
|move|p2a: Dragonite|Dual Wingbeat|p1a: Dragonite
|-crit|p1a: Dragonite
|-damage|p1a: Dragonite|0 fnt
|-hitcount|p1a: Dragonite|1
|faint|p1a: Dragonite
|
|-fieldend|move: Electric Terrain
|upkeep
|
|t:|1609883417
|switch|p1a: Tapu Lele|Tapu Lele|100\/100
|-fieldstart|move: Psychic Terrain|[from] ability: Psychic Surge|[of] p1a: Tapu Lele
|turn|9
|
|t:|1609883424
|move|p1a: Tapu Lele|Psyshock|p2a: Dragonite
|-damage|p2a: Dragonite|0 fnt
|faint|p2a: Dragonite
|
|upkeep
|
|t:|1609883427
|switch|p2a: Spectrier|Spectrier|100\/100
|turn|10
|c|☆ViZarPKMN|gg
|-message|ViZarPKMN forfeited.
|
|win|Mossy Sandwich
|l| abismal
|l| PalpitoadChamp
|l| zxgzxg
|l|☆Mossy Sandwich
|l|☆ViZarPKMN</script>
</div>
<div class="battle-log battle-log-inline"><div class="inner"><div class="battle-options"><div style="padding-top: 3px; padding-right: 3px; text-align: right"><button class="icon button" name="openBattleOptions" title="Options">Battle Options</button></div></div><div class="inner message-log"><div class="chat"><small>☆Mossy Sandwich and ☆ViZarPKMN joined</small></div><div class=""><small>Format:</small> <br><strong>[Gen 8] Megas for All</strong></div><div class=""><small><em>HP Percentage Mod:</em> HP is shown in percentages</small></div><div class=""><small><em>Endless Battle Clause:</em> Forcing endless battles is banned</small></div><div class=""><small><em>OHKO Clause:</em> OHKO moves are banned</small></div><div class=""><small><em>Evasion Moves Clause:</em> Evasion moves are banned</small></div><div class=""><small><em>Species Clause:</em> Limit one of each Pokémon</small></div><div class=""><small><em>Dynamax Clause:</em> You cannot dynamax</small></div><div class=""><small><em>Sleep Clause Mod:</em> Limit one foe put to sleep</small></div><div class=""><small><em>Freeze Clause Mod:</em> Limit one foe frozen</small></div><div class="chat battle-history"><strong>Mossy Sandwich's team:</strong> <em style="color:#445566;display:block;">Dragonite / Tapu Fini / Blissey / Gliscor / Tapu Lele / Spectrier</em></div><div class="chat battle-history"><strong>ViZarPKMN's team:</strong> <em style="color:#445566;display:block;">Ninetales-Alola / Dragonite / Azumarill / Hawlucha / Tapu Koko / Spectrier</em></div><div class="chat"><small> zxgzxg joined</small></div><div class="chat chatmessage-vizarpkmn"><strong style="color:#4f78c0"><small>☆</small><span class="username" data-name="ViZarPKMN">ViZarPKMN</span>:</strong> <em>glhf</em></div><div class="chat chatmessage-mossysandwich"><strong style="color:#ba49a2"><small>☆</small><span class="username" data-name="Mossy Sandwich">Mossy Sandwich</span>:</strong> <em>gl hf!</em></div><div class="chat"><small> abismal joined</small></div><div class="spacer battle-history"><br></div><div class="battle-history">Battle started between Mossy Sandwich and ViZarPKMN!<br></div><div class="spacer battle-history"><br></div><div class="battle-history">Go! <strong>Spectrier</strong>!<br></div><div class="spacer battle-history"><br></div><div class="battle-history">ViZarPKMN sent out Ninetales (<strong>Ninetales-Alola</strong>)!<br></div><div class="battle-history">[The opposing Ninetales's Snow Warning]<br><small>It started to hail!</small><br></div><div class="spacer battle-history"><br></div><h2 class="battle-history">Turn 1</h2><div class="spacer battle-history"><br></div><div class="battle-history"><small>Spectrier surrounded itself with its Z-Power!</small><br></div><div class="spacer battle-history"><br></div><div class="battle-history"><small>Spectrier unleashes its full-force Z-Move!</small><br>Spectrier used <strong>Never-Ending Nightmare</strong>!<br></div><div class="battle-history"><small>(The opposing Ninetales lost 100% of its health!)</small><br></div><div class="spacer battle-history"><br></div><div class="battle-history">The opposing Ninetales fainted!<br></div><div class="battle-history">[Spectrier's Grim Neigh]<br></div><div class="battle-history"><small>Spectrier's Sp. Atk rose!</small><br></div><div class="spacer battle-history"><br></div><div class="battle-history"><small>(The hail is crashing down.)</small><br></div><div class="battle-history"><small>Spectrier is buffeted by the hail!</small><br></div><div class="spacer battle-history"><br></div><div class="battle-history">ViZarPKMN sent out <strong>Azumarill</strong>!<br></div><div class="spacer battle-history"><br></div><h2 class="battle-history">Turn 2</h2><div class="spacer battle-history"><br></div><div class="battle-history">The opposing Azumarill used <strong>Aqua Jet</strong>!<br></div><div class="battle-history"><small>(Spectrier lost 39% of its health!)</small><br></div><div class="spacer battle-history"><br></div><div class="battle-history">Spectrier used <strong>Shadow Ball</strong>!<br></div><div class="battle-history"><small>(The opposing Azumarill lost 84% of its health!)</small><br></div><div class="battle-history"><small>(The opposing Azumarill ate its Sitrus Berry!)</small><br></div><div class="battle-history"><small>The opposing Azumarill restored HP using its Sitrus Berry!</small><br></div><div class="spacer battle-history"><br></div><div class="battle-history"><small>(The hail is crashing down.)</small><br></div><div class="battle-history"><small>Spectrier is buffeted by the hail!</small><br></div><div class="battle-history"><small>The opposing Azumarill is buffeted by the hail!</small><br></div><div class="spacer battle-history"><br></div><h2 class="battle-history">Turn 3</h2><div class="chat"><small> inkbug1 joined</small></div><div class="spacer battle-history"><br></div><div class="battle-history">The opposing Azumarill used <strong>Aqua Jet</strong>!<br></div><div class="battle-history"><small>(Spectrier lost 38% of its health!)</small><br></div><div class="spacer battle-history"><br></div><div class="battle-history">Spectrier used <strong>Shadow Ball</strong>!<br></div><div class="battle-history"><small>(The opposing Azumarill lost 35% of its health!)</small><br></div><div class="spacer battle-history"><br></div><div class="battle-history">The opposing Azumarill fainted!<br></div><div class="battle-history">[Spectrier's Grim Neigh]<br></div><div class="battle-history"><small>Spectrier's Sp. Atk rose!</small><br></div><div class="spacer battle-history"><br></div><div class="battle-history"><small>(The hail is crashing down.)</small><br></div><div class="battle-history"><small>Spectrier is buffeted by the hail!</small><br></div><div class="chat chatmessage-mossysandwich"><strong style="color:#ba49a2"><small>☆</small><span class="username" data-name="Mossy Sandwich">Mossy Sandwich</span>:</strong> <em>horse is dumb</em></div><div class="spacer battle-history"><br></div><div class="battle-history">ViZarPKMN sent out <strong>Tapu Koko</strong>!<br></div><div class="battle-history">[The opposing Tapu Koko's Electric Surge]<br><small>An electric current ran across the battlefield!</small><br></div><div class="spacer battle-history"><br></div><h2 class="battle-history">Turn 4</h2><div class="chat"><small> PalpitoadChamp joined</small></div><div class="chat chatmessage-vizarpkmn"><strong style="color:#4f78c0"><small>☆</small><span class="username" data-name="ViZarPKMN">ViZarPKMN</span>:</strong> <em>We'll have to wait 14 days until it'S gone</em></div><div class="spacer battle-history"><br></div><div class="battle-history">The opposing Tapu Koko used <strong>Volt Switch</strong>!<br></div><div class="battle-history"><small>(Spectrier lost 5% of its health!)</small><br></div><div class="spacer battle-history"><br></div><div class="battle-history">Spectrier fainted!<br></div><div class="chat chatmessage-vizarpkmn"><strong style="color:#4f78c0"><small>☆</small><span class="username" data-name="ViZarPKMN">ViZarPKMN</span>:</strong> <em>Also my fault for not having a Dark or Normal type</em></div><div class="spacer battle-history"><br></div><div class="battle-history">The opposing Tapu Koko went back to ViZarPKMN!<br></div><div class="battle-history">ViZarPKMN sent out <strong>Hawlucha</strong>!<br></div><div class="battle-history"><small>(The opposing Hawlucha used its Electric Seed!)</small><br></div><div class="battle-history"><small>The Electric Seed raised the opposing Hawlucha's Defense!</small><br></div><div class="spacer battle-history"><br></div><div class="battle-history"><small>(The hail is crashing down.)</small><br></div><div class="battle-history"><small>The opposing Hawlucha is buffeted by the hail!</small><br></div><div class="spacer battle-history"><br></div><div class="battle-history">Go! <strong>Dragonite</strong>!<br></div><div class="spacer battle-history"><br></div><h2 class="battle-history">Turn 5</h2><div class="spacer battle-history"><br></div><div class="battle-history">The opposing Hawlucha used <strong>Swords Dance</strong>!<br></div><div class="battle-history"><small>The opposing Hawlucha's Attack rose sharply!</small><br></div><div class="spacer battle-history"><br></div><div class="battle-history">Dragonite used <strong>Dragon Dance</strong>!<br></div><div class="battle-history"><small>Dragonite's Attack rose!</small><br></div><div class="battle-history"><small>Dragonite's Speed rose!</small><br></div><div class="spacer battle-history"><br></div><div class="battle-history"><small>The hail stopped.</small><br></div><div class="spacer battle-history"><br></div><h2 class="battle-history">Turn 6</h2><div class="spacer battle-history"><br></div><div class="battle-history">The opposing Hawlucha used <strong>Acrobatics</strong>!<br></div><div class="battle-history"><small>(Dragonite lost 50% of its health!)</small><br></div><div class="spacer battle-history"><br></div><div class="battle-history">Dragonite used <strong>Dual Wingbeat</strong>!<br></div><div class="battle-history"><small>It's super effective!</small><br></div><div class="battle-history"><small>(The opposing Hawlucha lost 61% of its health!)</small><br></div><div class="battle-history"><small>It's super effective!</small><br></div><div class="battle-history"><small>A critical hit!</small><br></div><div class="battle-history"><small>(The opposing Hawlucha lost 33% of its health!)</small><br></div><div class="battle-history"><small>The Pokémon was hit 2 times!</small><br></div><div class="spacer battle-history"><br></div><div class="battle-history">The opposing Hawlucha fainted!<br></div><div class="spacer battle-history"><br></div><div class="battle-history">ViZarPKMN sent out <strong>Dragonite</strong>!<br></div><div class="spacer battle-history"><br></div><h2 class="battle-history">Turn 7</h2><div class="spacer battle-history"><br></div><div class="battle-history"><small>Dragonite's Draconite is reacting to the Key Stone!</small><br>Dragonite has Mega Evolved into Mega Dragonite!<br></div><div class="chat"><ul class="utilichart"><li class="result"><span class="col pokemonnamecol" style="white-space: nowrap">Dragonite-Mega</span> <span class="col typecol"><img src="https://play.pokemonshowdown.com/sprites/types/Dragon.png" alt="Dragon" height="14" width="32"><img src="https://play.pokemonshowdown.com/sprites/types/Flying.png" alt="Flying" height="14" width="32"></span> <span style="float: left ; min-height: 26px"><span class="col abilitycol">Tough Claws</span><span class="col abilitycol"></span></span><span style="float: left ; min-height: 26px"><span class="col statcol"><em>HP</em><br>91</span> <span class="col statcol"><em>Atk</em><br>164</span> <span class="col statcol"><em>Def</em><br>110</span> <span class="col statcol"><em>SpA</em><br>122</span> <span class="col statcol"><em>SpD</em><br>122</span> <span class="col statcol"><em>Spe</em><br>91</span> </span></li><li style="clear: both"></li></ul></div><div class="spacer battle-history"><br></div><div class="battle-history">Dragonite used <strong>Dual Wingbeat</strong>!<br></div><div class="battle-history"><small>(The opposing Dragonite lost 25% of its health!)</small><br></div><div class="battle-history"><small>(The opposing Dragonite lost 52% of its health!)</small><br></div><div class="battle-history"><small>The Pokémon was hit 2 times!</small><br></div><div class="spacer battle-history"><br></div><div class="battle-history">The opposing Dragonite used <strong>Dragon Dance</strong>!<br></div><div class="battle-history"><small>The opposing Dragonite's Attack rose!</small><br></div><div class="battle-history"><small>The opposing Dragonite's Speed rose!</small><br></div><div class="spacer battle-history"><br></div><h2 class="battle-history">Turn 8</h2><div class="spacer battle-history"><br></div><div class="battle-history"><small>The opposing Dragonite's Draconite is reacting to the Key Stone!</small><br>The opposing Dragonite has Mega Evolved into Mega Dragonite!<br></div><div class="chat"><ul class="utilichart"><li class="result"><span class="col pokemonnamecol" style="white-space: nowrap">Dragonite-Mega</span> <span class="col typecol"><img src="https://play.pokemonshowdown.com/sprites/types/Dragon.png" alt="Dragon" height="14" width="32"><img src="https://play.pokemonshowdown.com/sprites/types/Flying.png" alt="Flying" height="14" width="32"></span> <span style="float: left ; min-height: 26px"><span class="col abilitycol">Tough Claws</span><span class="col abilitycol"></span></span><span style="float: left ; min-height: 26px"><span class="col statcol"><em>HP</em><br>91</span> <span class="col statcol"><em>Atk</em><br>164</span> <span class="col statcol"><em>Def</em><br>110</span> <span class="col statcol"><em>SpA</em><br>122</span> <span class="col statcol"><em>SpD</em><br>122</span> <span class="col statcol"><em>Spe</em><br>91</span> </span></li><li style="clear: both"></li></ul></div><div class="spacer battle-history"><br></div><div class="battle-history">The opposing Dragonite used <strong>Dual Wingbeat</strong>!<br></div><div class="battle-history"><small>A critical hit!</small><br></div><div class="battle-history"><small>(Dragonite lost 50% of its health!)</small><br></div><div class="battle-history"><small>The Pokémon was hit 1 time!</small><br></div><div class="spacer battle-history"><br></div><div class="battle-history">Dragonite fainted!<br></div><div class="spacer battle-history"><br></div><div class="battle-history"><small>The electricity disappeared from the battlefield.</small><br></div><div class="spacer battle-history"><br></div><div class="battle-history">Go! <strong>Tapu Lele</strong>!<br></div><div class="battle-history">[Tapu Lele's Psychic Surge]<br><small>The battlefield got weird!</small><br></div><div class="spacer battle-history"><br></div><h2 class="battle-history">Turn 9</h2><div class="spacer battle-history"><br></div><div class="battle-history">Tapu Lele used <strong>Psyshock</strong>!<br></div><div class="battle-history"><small>(The opposing Dragonite lost 23% of its health!)</small><br></div><div class="spacer battle-history"><br></div><div class="battle-history">The opposing Dragonite fainted!<br></div><div class="spacer battle-history"><br></div><div class="battle-history">ViZarPKMN sent out <strong>Spectrier</strong>!<br></div><div class="spacer battle-history"><br></div><h2 class="battle-history">Turn 10</h2><div class="chat chatmessage-vizarpkmn"><strong style="color:#4f78c0"><small>☆</small><span class="username" data-name="ViZarPKMN">ViZarPKMN</span>:</strong> <em>gg</em></div><div class="spacer battle-history"><br></div><div class="battle-history"><small>ViZarPKMN forfeited.</small><br></div><div class="spacer battle-history"><br></div><div class="battle-history"><strong>Mossy Sandwich</strong> won the battle!<br></div><div class="chat"><small> abismal,  PalpitoadChamp,  zxgzxg, ☆Mossy Sandwich, and ☆ViZarPKMN left</small></div></div><div class="inner-preempt message-log"></div></div></div>
</div>
<script>
let daily = Math.floor(Date.now()/1000/60/60/24);document.write('<script src="https://dragonheaven.herokuapp.com/js/replay-embed.js?version'+daily+'"></'+'script>');
</script>
