<!DOCTYPE html>
<meta charset="utf-8" />
<!-- version 1 -->
<title>[Gen 8] Megas for All replay: BotwNerd745 vs. inkbug1</title>
<style>
html,body {font-family:Verdana, sans-serif;font-size:10pt;margin:0;padding:0;}body{padding:12px 0;} .battle-log {font-family:Verdana, sans-serif;font-size:10pt;} .battle-log-inline {border:1px solid #AAAAAA;background:#EEF2F5;color:black;max-width:640px;margin:0 auto 80px;padding-bottom:5px;} .battle-log .inner {padding:4px 8px 0px 8px;} .battle-log .inner-preempt {padding:0 8px 4px 8px;} .battle-log .inner-after {margin-top:0.5em;} .battle-log h2 {margin:0.5em -8px;padding:4px 8px;border:1px solid #AAAAAA;background:#E0E7EA;border-left:0;border-right:0;font-family:Verdana, sans-serif;font-size:13pt;} .battle-log .chat {vertical-align:middle;padding:3px 0 3px 0;font-size:8pt;} .battle-log .chat strong {color:#40576A;} .battle-log .chat em {padding:1px 4px 1px 3px;color:#000000;font-style:normal;} .chat.mine {background:rgba(0,0,0,0.05);margin-left:-8px;margin-right:-8px;padding-left:8px;padding-right:8px;} .spoiler {color:#BBBBBB;background:#BBBBBB;padding:0px 3px;} .spoiler:hover, .spoiler:active, .spoiler-shown {color:#000000;background:#E2E2E2;padding:0px 3px;} .spoiler a {color:#BBBBBB;} .spoiler:hover a, .spoiler:active a, .spoiler-shown a {color:#2288CC;} .chat code, .chat .spoiler:hover code, .chat .spoiler:active code, .chat .spoiler-shown code {border:1px solid #C0C0C0;background:#EEEEEE;color:black;padding:0 2px;} .chat .spoiler code {border:1px solid #CCCCCC;background:#CCCCCC;color:#CCCCCC;} .battle-log .rated {padding:3px 4px;} .battle-log .rated strong {color:white;background:#89A;padding:1px 4px;border-radius:4px;} .spacer {margin-top:0.5em;} .message-announce {background:#6688AA;color:white;padding:1px 4px 2px;} .message-announce a, .broadcast-green a, .broadcast-blue a, .broadcast-red a {color:#DDEEFF;} .broadcast-green {background-color:#559955;color:white;padding:2px 4px;} .broadcast-blue {background-color:#6688AA;color:white;padding:2px 4px;} .infobox {border:1px solid #6688AA;padding:2px 4px;} .infobox-limited {max-height:200px;overflow:auto;overflow-x:hidden;} .broadcast-red {background-color:#AA5544;color:white;padding:2px 4px;} .message-learn-canlearn {font-weight:bold;color:#228822;text-decoration:underline;} .message-learn-cannotlearn {font-weight:bold;color:#CC2222;text-decoration:underline;} .message-effect-weak {font-weight:bold;color:#CC2222;} .message-effect-resist {font-weight:bold;color:#6688AA;} .message-effect-immune {font-weight:bold;color:#666666;} .message-learn-list {margin-top:0;margin-bottom:0;} .message-throttle-notice, .message-error {color:#992222;} .message-overflow, .chat small.message-overflow {font-size:0pt;} .message-overflow::before {font-size:9pt;content:'...';} .subtle {color:#3A4A66;}
</style>
<div class="wrapper replay-wrapper" style="max-width:1180px;margin:0 auto">
<input type="hidden" name="replayid" value="dragonheaven-gen8megasforall-5020" />
<div class="battle"></div><div class="battle-log"></div><div class="replay-controls"></div><div class="replay-controls-2"></div>
<h1 style="font-weight:normal;text-align:center"><strong>[Gen 8] Megas for All</strong><br /><a href="http://pokemonshowdown.com/users/botwnerd745" class="subtle" target="_blank">BotwNerd745</a> vs. <a href="http://pokemonshowdown.com/users/inkbug1" class="subtle" target="_blank">inkbug1</a></h1>
<script type="text/plain" class="battle-log-data">|j|☆BotwNerd745
|j|☆inkbug1


|player|p1|BotwNerd745|hilda-dueldisk|


|player|p2|inkbug1|burgh|
|teamsize|p1|6
|teamsize|p2|6
|gametype|singles
|gen|8
|tier|[Gen 8] Megas for All
|clearpoke
|poke|p1|Minior-Violet|
|poke|p1|Boltund, F|
|poke|p1|Reuniclus, F|
|poke|p1|Kyurem|
|poke|p1|Incineroar, M|
|poke|p1|Golisopod, F|
|poke|p2|Froslass, F|
|poke|p2|Durant, F|
|poke|p2|Goodra, F|
|poke|p2|Scrafty, F|
|poke|p2|Eelektross, M|
|poke|p2|Appletun, M|
|rule|HP Percentage Mod: HP is shown in percentages
|rule|Endless Battle Clause: Forcing endless battles is banned
|rule|OHKO Clause: OHKO moves are banned
|rule|Evasion Moves Clause: Evasion moves are banned
|rule|Species Clause: Limit one of each Pokémon
|rule|Dynamax Clause: You cannot dynamax
|rule|Sleep Clause Mod: Limit one foe put to sleep
|teampreview


|
|start
|switch|p1a: purble|Minior-Violet|100\/100
|switch|p2a: Eve|Froslass, F|281\/281
|-formechange|p1a: purble|Minior-Meteor||[from] ability: Shields Down
|turn|1


|
|move|p2a: Eve|Switcheroo|p1a: purble
|-activate|p2a: Eve|move: Trick|[of] p1a: purble
|-item|p1a: purble|Choice Scarf|[from] move: Switcheroo
|-item|p2a: Eve|White Herb|[from] move: Switcheroo
|move|p1a: purble|Shell Smash|p1a: purble
|-unboost|p1a: purble|def|1
|-unboost|p1a: purble|spd|1
|-boost|p1a: purble|atk|2
|-boost|p1a: purble|spa|2
|-boost|p1a: purble|spe|2
|
|upkeep
|turn|2


|c|☆BotwNerd745|.


|c|☆inkbug1|:)


|
|switch|p1a: Mittens|Incineroar, M|100\/100
|-ability|p1a: Mittens|Intimidate|boost
|-unboost|p2a: Eve|atk|1
|-enditem|p2a: Eve|White Herb
|-clearnegativeboost|p2a: Eve|[silent]
|move|p2a: Eve|Poltergeist|p1a: Mittens
|-activate|p1a: Mittens|move: Poltergeist|Darkinium Z
|-resisted|p1a: Mittens
|-damage|p1a: Mittens|80\/100
|
|upkeep
|turn|3


|
|move|p2a: Eve|Spikes|p1a: Mittens
|-sidestart|p1: BotwNerd745|Spikes
|move|p1a: Mittens|Darkest Lariat|p2a: Eve
|-supereffective|p2a: Eve
|-damage|p2a: Eve|0 fnt
|-start|p1a: Mittens|Disable|Darkest Lariat|[from] ability: Cursed Body|[of] p2a: Eve
|faint|p2a: Eve
|
|upkeep


|
|switch|p2a: Torte|Appletun, M|423\/423
|turn|4


|
|move|p1a: Mittens|Will-O-Wisp|p2a: Torte
|-status|p2a: Torte|brn
|move|p2a: Torte|Body Press|p1a: Mittens
|-supereffective|p1a: Mittens
|-damage|p1a: Mittens|66\/100
|
|-damage|p2a: Torte|397\/423 brn|[from] brn
|upkeep
|turn|5


|
|move|p1a: Mittens|Parting Shot|p2a: Torte
|-unboost|p2a: Torte|atk|1
|-unboost|p2a: Torte|spa|1


|
|switch|p1a: Bigassrolypoly|Golisopod, F|100\/100|[from]move: Parting Shot
|-damage|p1a: Bigassrolypoly|88\/100|[from] Spikes
|move|p2a: Torte|Body Press|p1a: Bigassrolypoly
|-resisted|p1a: Bigassrolypoly
|-crit|p1a: Bigassrolypoly
|-damage|p1a: Bigassrolypoly|83\/100
|
|-damage|p2a: Torte|371\/423 brn|[from] brn
|upkeep
|turn|6


|
|switch|p2a: Celia|Durant, F|257\/257
|move|p1a: Bigassrolypoly|First Impression|p2a: Celia
|-resisted|p2a: Celia
|-damage|p2a: Celia|188\/257
|
|upkeep
|turn|7


|
|switch|p1a: Boltund|Boltund, F|100\/100
|-damage|p1a: Boltund|88\/100|[from] Spikes
|move|p2a: Celia|First Impression|p1a: Boltund
|-damage|p1a: Boltund|0 fnt
|faint|p1a: Boltund
|
|upkeep


|c|☆BotwNerd745|Oh crap I 


|c|☆inkbug1|oh did u misclick 


|c|☆inkbug1|:| 


|c|☆BotwNerd745|didn’t change this team


|c|☆inkbug1|ohh 


|c|☆BotwNerd745|I changed it in the other showdown


|c|☆inkbug1|ahhh


|c|☆BotwNerd745|also that was a a stupid move of me


|c|☆BotwNerd745|my brain went “fairy resists bug”


|c|☆inkbug1|yeah thats fair :'D 


|c|☆BotwNerd745|but it’s not actualy fairy type yet


|
|switch|p1a: Mittens|Incineroar, M|66\/100
|-damage|p1a: Mittens|54\/100|[from] Spikes
|-ability|p1a: Mittens|Intimidate|boost
|-unboost|p2a: Celia|atk|1
|turn|8


|j| SteelixPrismGX


|l| SteelixPrismGX


|
|switch|p2a: Dara|Scrafty, F|334\/334
|move|p1a: Mittens|Blaze Kick|p2a: Dara
|-damage|p2a: Dara|210\/334
|
|upkeep
|turn|9


|
|move|p1a: Mittens|Parting Shot|p2a: Dara
|-unboost|p2a: Dara|atk|1
|-unboost|p2a: Dara|spa|1


|
|switch|p1a: Bigassrolypoly|Golisopod, F|83\/100|[from]move: Parting Shot
|-damage|p1a: Bigassrolypoly|71\/100|[from] Spikes
|move|p2a: Dara|Drain Punch|p1a: Bigassrolypoly
|-resisted|p1a: Bigassrolypoly
|-damage|p1a: Bigassrolypoly|62\/100
|-heal|p2a: Dara|225\/334|[from] drain|[of] p1a: Bigassrolypoly
|
|upkeep
|turn|10


|
|move|p1a: Bigassrolypoly|First Impression|p2a: Dara
|-damage|p2a: Dara|92\/334
|move|p2a: Dara|Counter|p1a: Bigassrolypoly
|-damage|p1a: Bigassrolypoly|0 fnt
|faint|p1a: Bigassrolypoly
|-ability|p2a: Dara|Moxie|boost
|-boost|p2a: Dara|atk|1
|
|upkeep


|c|☆BotwNerd745|AH


|
|switch|p1a: purble|Minior-Violet|100\/100
|-formechange|p1a: purble|Minior-Meteor||[from] ability: Shields Down
|turn|11


|
|move|p1a: purble|Acrobatics|p2a: Dara
|-supereffective|p2a: Dara
|-damage|p2a: Dara|0 fnt
|faint|p2a: Dara
|
|upkeep


|
|switch|p2a: Butterknife|Eelektross, M|374\/374
|turn|12


|c|☆BotwNerd745|Wow, choicing purble really ruined her huh


|
|switch|p1a: Chilly|Kyurem|100\/100
|-damage|p1a: Chilly|88\/100|[from] Spikes
|-ability|p1a: Chilly|Pressure
|move|p2a: Butterknife|Coil|p2a: Butterknife
|-boost|p2a: Butterknife|atk|1
|-boost|p2a: Butterknife|def|1
|-boost|p2a: Butterknife|accuracy|1
|
|-heal|p1a: Chilly|94\/100|[from] item: Leftovers
|upkeep
|turn|13


|c|☆inkbug1|yeah god 


|
|move|p1a: Chilly|Toxic|p2a: Butterknife
|-status|p2a: Butterknife|tox
|move|p2a: Butterknife|Zap Cannon|p1a: Chilly
|-resisted|p1a: Chilly
|-damage|p1a: Chilly|77\/100
|-status|p1a: Chilly|par
|
|-heal|p1a: Chilly|83\/100 par|[from] item: Leftovers
|-damage|p2a: Butterknife|351\/374 tox|[from] psn
|upkeep
|turn|14


|
|move|p1a: Chilly|Ice Beam|p2a: Butterknife
|-damage|p2a: Butterknife|167\/374 tox
|move|p2a: Butterknife|Drain Punch|p1a: Chilly
|-supereffective|p1a: Chilly
|-damage|p1a: Chilly|19\/100 par
|-heal|p2a: Butterknife|302\/374 tox|[from] drain|[of] p1a: Chilly
|
|-heal|p1a: Chilly|25\/100 par|[from] item: Leftovers
|-damage|p2a: Butterknife|256\/374 tox|[from] psn
|upkeep
|turn|15


|
|move|p1a: Chilly|Ice Beam|p2a: Butterknife
|-damage|p2a: Butterknife|84\/374 tox
|move|p2a: Butterknife|Drain Punch|p1a: Chilly
|-supereffective|p1a: Chilly
|-damage|p1a: Chilly|0 fnt
|-heal|p2a: Butterknife|137\/374 tox|[from] drain|[of] p1a: Chilly
|faint|p1a: Chilly
|
|-damage|p2a: Butterknife|68\/374 tox|[from] psn
|upkeep


|
|switch|p1a: Mittens|Incineroar, M|54\/100
|-damage|p1a: Mittens|42\/100|[from] Spikes
|-ability|p1a: Mittens|Intimidate|boost
|-unboost|p2a: Butterknife|atk|1
|turn|16


|
|move|p1a: Mittens|Darkest Lariat|p2a: Butterknife
|-damage|p2a: Butterknife|0 fnt
|faint|p2a: Butterknife
|
|upkeep


|
|switch|p2a: Lavender|Goodra, F|383\/383
|turn|17


|
|detailschange|p2a: Lavender|Goodra-Mega, F
|-mega|p2a: Lavender|Goodra|Goodranite
|move|p2a: Lavender|Acid Armor|p2a: Lavender
|-boost|p2a: Lavender|def|2
|move|p1a: Mittens|Parting Shot|p2a: Lavender
|-unboost|p2a: Lavender|atk|1
|-unboost|p2a: Lavender|spa|1


|
|switch|p1a: Bubbles|Reuniclus, F|100\/100|[from]move: Parting Shot
|
|upkeep
|turn|18


|
|move|p2a: Lavender|Outrage|p1a: Bubbles
|-damage|p1a: Bubbles|57\/100
|-damage|p2a: Lavender|320\/383|[from] item: Rocky Helmet|[of] p1a: Bubbles
|move|p1a: Bubbles|Photon Geyser|p2a: Lavender
|-damage|p2a: Lavender|181\/383
|
|upkeep
|turn|19


|
|move|p2a: Lavender|Outrage|p1a: Bubbles|[from]lockedmove
|-damage|p1a: Bubbles|9\/100
|-damage|p2a: Lavender|118\/383|[from] item: Rocky Helmet|[of] p1a: Bubbles
|move|p1a: Bubbles|Photon Geyser|p2a: Lavender
|-damage|p2a: Lavender|0 fnt
|faint|p2a: Lavender
|
|upkeep


|
|switch|p2a: Celia|Durant, F|188\/257
|turn|20


|c|☆BotwNerd745|Wow rocky helmet I guess 


|
|move|p2a: Celia|First Impression|p1a: Bubbles
|-supereffective|p1a: Bubbles
|-damage|p1a: Bubbles|0 fnt
|-damage|p2a: Celia|146\/257|[from] item: Rocky Helmet|[of] p1a: Bubbles
|faint|p1a: Bubbles
|
|upkeep


|
|switch|p1a: purble|Minior-Violet|100\/100
|-formechange|p1a: purble|Minior-Meteor||[from] ability: Shields Down
|turn|21


|
|move|p2a: Celia|Iron Head|p1a: purble
|-supereffective|p1a: purble
|-damage|p1a: purble|0 fnt
|faint|p1a: purble
|
|upkeep


|c|☆inkbug1|gg that was rough


|c|☆BotwNerd745|I’m a genius om


|c|☆inkbug1|i think gg 


|
|switch|p1a: Mittens|Incineroar, M|42\/100
|-damage|p1a: Mittens|29\/100|[from] Spikes
|-ability|p1a: Mittens|Intimidate|boost
|-unboost|p2a: Celia|atk|1
|turn|22


|c|☆inkbug1|shouldnt jump the gun


|
|-zpower|p2a: Celia
|move|p2a: Celia|Savage Spin-Out|p1a: Mittens|[zeffect]
|-damage|p1a: Mittens|0 fnt
|faint|p1a: Mittens
|
|win|inkbug1


|c|☆inkbug1|ok gg :'D 


|c|☆BotwNerd745|gg
</script>
</div>
<div class="battle-log battle-log-inline"><div class="inner"><div class="battle-options"><div style="padding-top: 3px; padding-right: 3px; text-align: right"><button class="icon button" name="openBattleOptions" title="Options">Battle Options</button></div></div><div class="inner message-log"><div class="chat"><small>☆BotwNerd745 and ☆inkbug1 joined</small></div><div class=""><small>Format:</small> <br><strong>[Gen 8] Megas for All</strong></div><div class=""><small><em>HP Percentage Mod:</em> HP is shown in percentages</small></div><div class=""><small><em>Endless Battle Clause:</em> Forcing endless battles is banned</small></div><div class=""><small><em>OHKO Clause:</em> OHKO moves are banned</small></div><div class=""><small><em>Evasion Moves Clause:</em> Evasion moves are banned</small></div><div class=""><small><em>Species Clause:</em> Limit one of each Pokémon</small></div><div class=""><small><em>Dynamax Clause:</em> You cannot dynamax</small></div><div class=""><small><em>Sleep Clause Mod:</em> Limit one foe put to sleep</small></div><div class="chat battle-history"><strong>inkbug1's team:</strong> <em style="color:#445566;display:block;">Froslass / Durant / Goodra / Scrafty / Eelektross / Appletun</em></div><div class="chat battle-history"><strong>BotwNerd745's team:</strong> <em style="color:#445566;display:block;">Minior-Violet / Boltund / Reuniclus / Kyurem / Incineroar / Golisopod</em></div><div class="spacer battle-history"><br></div><div class="battle-history">Battle started between BotwNerd745 and inkbug1!<br></div><div class="spacer battle-history"><br></div><div class="battle-history">BotwNerd745 sent out purble (<strong>Minior-Violet</strong>)!<br></div><div class="spacer battle-history"><br></div><div class="battle-history">Go! Eve (<strong>Froslass</strong>)!<br></div><div class="battle-history">[The opposing purble's Shields Down]<br>Shields Down deactivated!<br>(the opposing purble shielded itself.)<br></div><div class="spacer battle-history"><br></div><h2 class="battle-history">Turn 1</h2><div class="spacer battle-history"><br></div><div class="battle-history">Eve used <strong>Switcheroo</strong>!<br></div><div class="battle-history"><small>Eve switched items with its target!</small><br></div><div class="battle-history"><small>The opposing purble obtained one Choice Scarf.</small><br></div><div class="battle-history"><small>Eve obtained one White Herb.</small><br></div><div class="spacer battle-history"><br></div><div class="battle-history">The opposing purble used <strong>Shell Smash</strong>!<br></div><div class="battle-history"><small>The opposing purble's Defense fell!</small><br></div><div class="battle-history"><small>The opposing purble's Sp. Def fell!</small><br></div><div class="battle-history"><small>The opposing purble's Attack rose sharply!</small><br></div><div class="battle-history"><small>The opposing purble's Sp. Atk rose sharply!</small><br></div><div class="battle-history"><small>The opposing purble's Speed rose sharply!</small><br></div><div class="spacer battle-history"><br></div><h2 class="battle-history">Turn 2</h2><div class="chat chatmessage-botwnerd745"><strong style="color:#9835de"><small>☆</small><span class="username" data-name="BotwNerd745">BotwNerd745</span>:</strong> <em>.</em></div><div class="chat chatmessage-inkbug1 mine"><strong style="color:#e46e0f"><small>☆</small><span class="username" data-name="inkbug1">inkbug1</span>:</strong> <em>:)</em></div><div class="spacer battle-history"><br></div><div class="battle-history">BotwNerd745 withdrew purble!<br></div><div class="battle-history">BotwNerd745 sent out Mittens (<strong>Incineroar</strong>)!<br></div><div class="battle-history">[The opposing Mittens's Intimidate]<br></div><div class="battle-history"><small>Eve's Attack fell!</small><br></div><div class="battle-history"><small>Eve returned its stats to normal using its White Herb!</small><br></div><div class="spacer battle-history"><br></div><div class="battle-history">Eve used <strong>Poltergeist</strong>!<br></div><div class="battle-history"><small>The opposing Mittens is about to be attacked by its Darkinium Z!</small><br></div><div class="battle-history"><small>It's not very effective...</small><br></div><div class="battle-history"><small>(The opposing Mittens lost 20% of its health!)</small><br></div><div class="spacer battle-history"><br></div><h2 class="battle-history">Turn 3</h2><div class="spacer battle-history"><br></div><div class="battle-history">Eve used <strong>Spikes</strong>!<br></div><div class="battle-history"><small>Spikes were scattered on the ground all around the opposing team!</small><br></div><div class="spacer battle-history"><br></div><div class="battle-history">The opposing Mittens used <strong>Darkest Lariat</strong>!<br></div><div class="battle-history"><small>It's super effective!</small><br></div><div class="battle-history"><small>(Eve lost <abbr title="−281/281">100%</abbr> of its health!)</small><br></div><div class="battle-history">[Eve's Cursed Body]<br><small>The opposing Mittens's Darkest Lariat was disabled!</small><br></div><div class="spacer battle-history"><br></div><div class="battle-history">Eve fainted!<br></div><div class="spacer battle-history"><br></div><div class="battle-history">Go! Torte (<strong>Appletun</strong>)!<br></div><div class="spacer battle-history"><br></div><h2 class="battle-history">Turn 4</h2><div class="spacer battle-history"><br></div><div class="battle-history">The opposing Mittens used <strong>Will-O-Wisp</strong>!<br></div><div class="battle-history"><small>Torte was burned!</small><br></div><div class="spacer battle-history"><br></div><div class="battle-history">Torte used <strong>Body Press</strong>!<br></div><div class="battle-history"><small>It's super effective!</small><br></div><div class="battle-history"><small>(The opposing Mittens lost 14% of its health!)</small><br></div><div class="spacer battle-history"><br></div><div class="battle-history"><small>Torte was hurt by its burn!</small><br></div><div class="spacer battle-history"><br></div><h2 class="battle-history">Turn 5</h2><div class="spacer battle-history"><br></div><div class="battle-history">The opposing Mittens used <strong>Parting Shot</strong>!<br></div><div class="battle-history"><small>Torte's Attack fell!</small><br></div><div class="battle-history"><small>Torte's Sp. Atk fell!</small><br></div><div class="spacer battle-history"><br></div><div class="battle-history">BotwNerd745 withdrew Mittens!<br></div><div class="battle-history">BotwNerd745 sent out Bigassrolypoly (<strong>Golisopod</strong>)!<br></div><div class="battle-history"><small>The opposing Bigassrolypoly was hurt by the spikes!</small><br></div><div class="spacer battle-history"><br></div><div class="battle-history">Torte used <strong>Body Press</strong>!<br></div><div class="battle-history"><small>It's not very effective...</small><br></div><div class="battle-history"><small>A critical hit!</small><br></div><div class="battle-history"><small>(The opposing Bigassrolypoly lost 5% of its health!)</small><br></div><div class="spacer battle-history"><br></div><div class="battle-history"><small>Torte was hurt by its burn!</small><br></div><div class="spacer battle-history"><br></div><h2 class="battle-history">Turn 6</h2><div class="spacer battle-history"><br></div><div class="battle-history">Torte, come back!<br></div><div class="battle-history">Go! Celia (<strong>Durant</strong>)!<br></div><div class="spacer battle-history"><br></div><div class="battle-history">The opposing Bigassrolypoly used <strong>First Impression</strong>!<br></div><div class="battle-history"><small>It's not very effective...</small><br></div><div class="battle-history"><small>(Celia lost <abbr title="−69/257">26.8%</abbr> of its health!)</small><br></div><div class="spacer battle-history"><br></div><h2 class="battle-history">Turn 7</h2><div class="spacer battle-history"><br></div><div class="battle-history">BotwNerd745 withdrew Bigassrolypoly!<br></div><div class="battle-history">BotwNerd745 sent out <strong>Boltund</strong>!<br></div><div class="battle-history"><small>The opposing Boltund was hurt by the spikes!</small><br></div><div class="spacer battle-history"><br></div><div class="battle-history">Celia used <strong>First Impression</strong>!<br></div><div class="battle-history"><small>(The opposing Boltund lost 88% of its health!)</small><br></div><div class="spacer battle-history"><br></div><div class="battle-history">The opposing Boltund fainted!<br></div><div class="chat chatmessage-botwnerd745"><strong style="color:#9835de"><small>☆</small><span class="username" data-name="BotwNerd745">BotwNerd745</span>:</strong> <em>Oh crap I </em></div><div class="chat chatmessage-inkbug1 mine"><strong style="color:#e46e0f"><small>☆</small><span class="username" data-name="inkbug1">inkbug1</span>:</strong> <em>oh did u misclick </em></div><div class="chat chatmessage-inkbug1 mine"><strong style="color:#e46e0f"><small>☆</small><span class="username" data-name="inkbug1">inkbug1</span>:</strong> <em>:| </em></div><div class="chat chatmessage-botwnerd745"><strong style="color:#9835de"><small>☆</small><span class="username" data-name="BotwNerd745">BotwNerd745</span>:</strong> <em>didn’t change this team</em></div><div class="chat chatmessage-inkbug1 mine"><strong style="color:#e46e0f"><small>☆</small><span class="username" data-name="inkbug1">inkbug1</span>:</strong> <em>ohh </em></div><div class="chat chatmessage-botwnerd745"><strong style="color:#9835de"><small>☆</small><span class="username" data-name="BotwNerd745">BotwNerd745</span>:</strong> <em>I changed it in the other showdown</em></div><div class="chat chatmessage-inkbug1 mine"><strong style="color:#e46e0f"><small>☆</small><span class="username" data-name="inkbug1">inkbug1</span>:</strong> <em>ahhh</em></div><div class="chat chatmessage-botwnerd745"><strong style="color:#9835de"><small>☆</small><span class="username" data-name="BotwNerd745">BotwNerd745</span>:</strong> <em>also that was a a stupid move of me</em></div><div class="chat chatmessage-botwnerd745"><strong style="color:#9835de"><small>☆</small><span class="username" data-name="BotwNerd745">BotwNerd745</span>:</strong> <em>my brain went “fairy resists bug”</em></div><div class="chat chatmessage-inkbug1 mine"><strong style="color:#e46e0f"><small>☆</small><span class="username" data-name="inkbug1">inkbug1</span>:</strong> <em>yeah thats fair :'D </em></div><div class="chat chatmessage-botwnerd745"><strong style="color:#9835de"><small>☆</small><span class="username" data-name="BotwNerd745">BotwNerd745</span>:</strong> <em>but it’s not actualy fairy type yet</em></div><div class="spacer battle-history"><br></div><div class="battle-history">BotwNerd745 sent out Mittens (<strong>Incineroar</strong>)!<br></div><div class="battle-history"><small>The opposing Mittens was hurt by the spikes!</small><br></div><div class="battle-history">[The opposing Mittens's Intimidate]<br></div><div class="battle-history"><small>Celia's Attack fell!</small><br></div><div class="spacer battle-history"><br></div><h2 class="battle-history">Turn 8</h2><div class="chat"><small> SteelixPrismGX joined;  SteelixPrismGX left</small></div><div class="spacer battle-history"><br></div><div class="battle-history">Celia, come back!<br></div><div class="battle-history">Go! Dara (<strong>Scrafty</strong>)!<br></div><div class="spacer battle-history"><br></div><div class="battle-history">The opposing Mittens used <strong>Blaze Kick</strong>!<br></div><div class="battle-history"><small>(Dara lost <abbr title="−124/334">37.1%</abbr> of its health!)</small><br></div><div class="spacer battle-history"><br></div><h2 class="battle-history">Turn 9</h2><div class="spacer battle-history"><br></div><div class="battle-history">The opposing Mittens used <strong>Parting Shot</strong>!<br></div><div class="battle-history"><small>Dara's Attack fell!</small><br></div><div class="battle-history"><small>Dara's Sp. Atk fell!</small><br></div><div class="spacer battle-history"><br></div><div class="battle-history">BotwNerd745 withdrew Mittens!<br></div><div class="battle-history">BotwNerd745 sent out Bigassrolypoly (<strong>Golisopod</strong>)!<br></div><div class="battle-history"><small>The opposing Bigassrolypoly was hurt by the spikes!</small><br></div><div class="spacer battle-history"><br></div><div class="battle-history">Dara used <strong>Drain Punch</strong>!<br></div><div class="battle-history"><small>It's not very effective...</small><br></div><div class="battle-history"><small>(The opposing Bigassrolypoly lost 9% of its health!)</small><br></div><div class="battle-history"><small>The opposing Bigassrolypoly had its energy drained!</small><br></div><div class="spacer battle-history"><br></div><h2 class="battle-history">Turn 10</h2><div class="spacer battle-history"><br></div><div class="battle-history">The opposing Bigassrolypoly used <strong>First Impression</strong>!<br></div><div class="battle-history"><small>(Dara lost <abbr title="−133/334">39.8%</abbr> of its health!)</small><br></div><div class="spacer battle-history"><br></div><div class="battle-history">Dara used <strong>Counter</strong>!<br></div><div class="battle-history"><small>(The opposing Bigassrolypoly lost 62% of its health!)</small><br></div><div class="spacer battle-history"><br></div><div class="battle-history">The opposing Bigassrolypoly fainted!<br></div><div class="battle-history">[Dara's Moxie]<br></div><div class="battle-history"><small>Dara's Attack rose!</small><br></div><div class="chat chatmessage-botwnerd745"><strong style="color:#9835de"><small>☆</small><span class="username" data-name="BotwNerd745">BotwNerd745</span>:</strong> <em>AH</em></div><div class="spacer battle-history"><br></div><div class="battle-history">BotwNerd745 sent out purble (<strong>Minior-Violet</strong>)!<br></div><div class="battle-history">[The opposing purble's Shields Down]<br>Shields Down deactivated!<br>(the opposing purble shielded itself.)<br></div><div class="spacer battle-history"><br></div><h2 class="battle-history">Turn 11</h2><div class="spacer battle-history"><br></div><div class="battle-history">The opposing purble used <strong>Acrobatics</strong>!<br></div><div class="battle-history"><small>It's super effective!</small><br></div><div class="battle-history"><small>(Dara lost <abbr title="−92/334">27.5%</abbr> of its health!)</small><br></div><div class="spacer battle-history"><br></div><div class="battle-history">Dara fainted!<br></div><div class="spacer battle-history"><br></div><div class="battle-history">Go! Butterknife (<strong>Eelektross</strong>)!<br></div><div class="spacer battle-history"><br></div><h2 class="battle-history">Turn 12</h2><div class="chat chatmessage-botwnerd745"><strong style="color:#9835de"><small>☆</small><span class="username" data-name="BotwNerd745">BotwNerd745</span>:</strong> <em>Wow, choicing purble really ruined her huh</em></div><div class="spacer battle-history"><br></div><div class="battle-history">BotwNerd745 withdrew purble!<br></div><div class="battle-history">BotwNerd745 sent out Chilly (<strong>Kyurem</strong>)!<br></div><div class="battle-history"><small>The opposing Chilly was hurt by the spikes!</small><br></div><div class="battle-history">[The opposing Chilly's Pressure]<br><small>The opposing Chilly is exerting its pressure!</small><br></div><div class="spacer battle-history"><br></div><div class="battle-history">Butterknife used <strong>Coil</strong>!<br></div><div class="battle-history"><small>Butterknife's Attack rose!</small><br></div><div class="battle-history"><small>Butterknife's Defense rose!</small><br></div><div class="battle-history"><small>Butterknife's accuracy rose!</small><br></div><div class="spacer battle-history"><br></div><div class="battle-history"><small>The opposing Chilly restored a little HP using its Leftovers!</small><br></div><div class="spacer battle-history"><br></div><h2 class="battle-history">Turn 13</h2><div class="chat chatmessage-inkbug1 mine"><strong style="color:#e46e0f"><small>☆</small><span class="username" data-name="inkbug1">inkbug1</span>:</strong> <em>yeah god </em></div><div class="spacer battle-history"><br></div><div class="battle-history">The opposing Chilly used <strong>Toxic</strong>!<br></div><div class="battle-history"><small>Butterknife was badly poisoned!</small><br></div><div class="spacer battle-history"><br></div><div class="battle-history">Butterknife used <strong>Zap Cannon</strong>!<br></div><div class="battle-history"><small>It's not very effective...</small><br></div><div class="battle-history"><small>(The opposing Chilly lost 17% of its health!)</small><br></div><div class="battle-history"><small>The opposing Chilly is paralyzed! It may be unable to move!</small><br></div><div class="spacer battle-history"><br></div><div class="battle-history"><small>The opposing Chilly restored a little HP using its Leftovers!</small><br></div><div class="battle-history"><small>Butterknife was hurt by poison!</small><br></div><div class="spacer battle-history"><br></div><h2 class="battle-history">Turn 14</h2><div class="spacer battle-history"><br></div><div class="battle-history">The opposing Chilly used <strong>Ice Beam</strong>!<br></div><div class="battle-history"><small>(Butterknife lost <abbr title="−184/374">49.2%</abbr> of its health!)</small><br></div><div class="spacer battle-history"><br></div><div class="battle-history">Butterknife used <strong>Drain Punch</strong>!<br></div><div class="battle-history"><small>It's super effective!</small><br></div><div class="battle-history"><small>(The opposing Chilly lost 64% of its health!)</small><br></div><div class="battle-history"><small>The opposing Chilly had its energy drained!</small><br></div><div class="spacer battle-history"><br></div><div class="battle-history"><small>The opposing Chilly restored a little HP using its Leftovers!</small><br></div><div class="battle-history"><small>Butterknife was hurt by poison!</small><br></div><div class="spacer battle-history"><br></div><h2 class="battle-history">Turn 15</h2><div class="spacer battle-history"><br></div><div class="battle-history">The opposing Chilly used <strong>Ice Beam</strong>!<br></div><div class="battle-history"><small>(Butterknife lost <abbr title="−172/374">46.0%</abbr> of its health!)</small><br></div><div class="spacer battle-history"><br></div><div class="battle-history">Butterknife used <strong>Drain Punch</strong>!<br></div><div class="battle-history"><small>It's super effective!</small><br></div><div class="battle-history"><small>(The opposing Chilly lost 25% of its health!)</small><br></div><div class="battle-history"><small>The opposing Chilly had its energy drained!</small><br></div><div class="spacer battle-history"><br></div><div class="battle-history">The opposing Chilly fainted!<br></div><div class="spacer battle-history"><br></div><div class="battle-history"><small>Butterknife was hurt by poison!</small><br></div><div class="spacer battle-history"><br></div><div class="battle-history">BotwNerd745 sent out Mittens (<strong>Incineroar</strong>)!<br></div><div class="battle-history"><small>The opposing Mittens was hurt by the spikes!</small><br></div><div class="battle-history">[The opposing Mittens's Intimidate]<br></div><div class="battle-history"><small>Butterknife's Attack fell!</small><br></div><div class="spacer battle-history"><br></div><h2 class="battle-history">Turn 16</h2><div class="spacer battle-history"><br></div><div class="battle-history">The opposing Mittens used <strong>Darkest Lariat</strong>!<br></div><div class="battle-history"><small>(Butterknife lost <abbr title="−68/374">18.2%</abbr> of its health!)</small><br></div><div class="spacer battle-history"><br></div><div class="battle-history">Butterknife fainted!<br></div><div class="spacer battle-history"><br></div><div class="battle-history">Go! Lavender (<strong>Goodra</strong>)!<br></div><div class="spacer battle-history"><br></div><h2 class="battle-history">Turn 17</h2><div class="spacer battle-history"><br></div><div class="battle-history"><small>Lavender's Goodranite is reacting to the Key Stone!</small><br>Lavender has Mega Evolved into Mega Goodra!<br></div><div class="spacer battle-history"><br></div><div class="battle-history">Lavender used <strong>Acid Armor</strong>!<br></div><div class="battle-history"><small>Lavender's Defense rose sharply!</small><br></div><div class="spacer battle-history"><br></div><div class="battle-history">The opposing Mittens used <strong>Parting Shot</strong>!<br></div><div class="battle-history"><small>Lavender's Attack fell!</small><br></div><div class="battle-history"><small>Lavender's Sp. Atk fell!</small><br></div><div class="spacer battle-history"><br></div><div class="battle-history">BotwNerd745 withdrew Mittens!<br></div><div class="battle-history">BotwNerd745 sent out Bubbles (<strong>Reuniclus</strong>)!<br></div><div class="spacer battle-history"><br></div><h2 class="battle-history">Turn 18</h2><div class="spacer battle-history"><br></div><div class="battle-history">Lavender used <strong>Outrage</strong>!<br></div><div class="battle-history"><small>(The opposing Bubbles lost 43% of its health!)</small><br></div><div class="battle-history"><small>Lavender was hurt by the Rocky Helmet!</small><br></div><div class="spacer battle-history"><br></div><div class="battle-history">The opposing Bubbles used <strong>Photon Geyser</strong>!<br></div><div class="battle-history"><small>(Lavender lost <abbr title="−139/383">36.3%</abbr> of its health!)</small><br></div><div class="spacer battle-history"><br></div><h2 class="battle-history">Turn 19</h2><div class="spacer battle-history"><br></div><div class="battle-history">Lavender used <strong>Outrage</strong>!<br></div><div class="battle-history"><small>(The opposing Bubbles lost 48% of its health!)</small><br></div><div class="battle-history"><small>Lavender was hurt by the Rocky Helmet!</small><br></div><div class="spacer battle-history"><br></div><div class="battle-history">The opposing Bubbles used <strong>Photon Geyser</strong>!<br></div><div class="battle-history"><small>(Lavender lost <abbr title="−118/383">30.8%</abbr> of its health!)</small><br></div><div class="spacer battle-history"><br></div><div class="battle-history">Lavender fainted!<br></div><div class="spacer battle-history"><br></div><div class="battle-history">Go! Celia (<strong>Durant</strong>)!<br></div><div class="spacer battle-history"><br></div><h2 class="battle-history">Turn 20</h2><div class="chat chatmessage-botwnerd745"><strong style="color:#9835de"><small>☆</small><span class="username" data-name="BotwNerd745">BotwNerd745</span>:</strong> <em>Wow rocky helmet I guess </em></div><div class="spacer battle-history"><br></div><div class="battle-history">Celia used <strong>First Impression</strong>!<br></div><div class="battle-history"><small>It's super effective!</small><br></div><div class="battle-history"><small>(The opposing Bubbles lost 9% of its health!)</small><br></div><div class="battle-history"><small>Celia was hurt by the Rocky Helmet!</small><br></div><div class="spacer battle-history"><br></div><div class="battle-history">The opposing Bubbles fainted!<br></div><div class="spacer battle-history"><br></div><div class="battle-history">BotwNerd745 sent out purble (<strong>Minior-Violet</strong>)!<br></div><div class="battle-history">[The opposing purble's Shields Down]<br>Shields Down deactivated!<br>(the opposing purble shielded itself.)<br></div><div class="spacer battle-history"><br></div><h2 class="battle-history">Turn 21</h2><div class="spacer battle-history"><br></div><div class="battle-history">Celia used <strong>Iron Head</strong>!<br></div><div class="battle-history"><small>It's super effective!</small><br></div><div class="battle-history"><small>(The opposing purble lost 100% of its health!)</small><br></div><div class="spacer battle-history"><br></div><div class="battle-history">The opposing purble fainted!<br></div><div class="chat chatmessage-inkbug1 mine"><strong style="color:#e46e0f"><small>☆</small><span class="username" data-name="inkbug1">inkbug1</span>:</strong> <em>gg that was rough</em></div><div class="chat chatmessage-botwnerd745"><strong style="color:#9835de"><small>☆</small><span class="username" data-name="BotwNerd745">BotwNerd745</span>:</strong> <em>I’m a genius om</em></div><div class="chat chatmessage-inkbug1 mine"><strong style="color:#e46e0f"><small>☆</small><span class="username" data-name="inkbug1">inkbug1</span>:</strong> <em>i think gg </em></div><div class="spacer battle-history"><br></div><div class="battle-history">BotwNerd745 sent out Mittens (<strong>Incineroar</strong>)!<br></div><div class="battle-history"><small>The opposing Mittens was hurt by the spikes!</small><br></div><div class="battle-history">[The opposing Mittens's Intimidate]<br></div><div class="battle-history"><small>Celia's Attack fell!</small><br></div><div class="spacer battle-history"><br></div><h2 class="battle-history">Turn 22</h2><div class="chat chatmessage-inkbug1 mine"><strong style="color:#e46e0f"><small>☆</small><span class="username" data-name="inkbug1">inkbug1</span>:</strong> <em>shouldnt jump the gun</em></div><div class="spacer battle-history"><br></div><div class="battle-history"><small>Celia surrounded itself with its Z-Power!</small><br></div><div class="spacer battle-history"><br></div><div class="battle-history"><small>Celia unleashes its full-force Z-Move!</small><br>Celia used <strong>Savage Spin-Out</strong>!<br></div><div class="battle-history"><small>(The opposing Mittens lost 29% of its health!)</small><br></div><div class="spacer battle-history"><br></div><div class="battle-history">The opposing Mittens fainted!<br></div><div class="spacer battle-history"><br></div><div class="battle-history"><strong>inkbug1</strong> won the battle!<br></div><div class="chat chatmessage-inkbug1 mine"><strong style="color:#e46e0f"><small>☆</small><span class="username" data-name="inkbug1">inkbug1</span>:</strong> <em>ok gg :'D </em></div><div class="chat chatmessage-botwnerd745"><strong style="color:#9835de"><small>☆</small><span class="username" data-name="BotwNerd745">BotwNerd745</span>:</strong> <em>gg</em></div></div><div class="inner-preempt message-log"></div></div></div>
</div>
<script>
let daily = Math.floor(Date.now()/1000/60/60/24);document.write('<script src="https://play.pokemonshowdown.com/js/replay-embed.js?version'+daily+'"></'+'script>');
</script>
