<!DOCTYPE html>
<meta charset="utf-8" />
<!-- version 1 -->
<title>[Gen 8] Megas for All replay: inkbug1 vs. H2OPulse</title>
<style>
html,body {font-family:Verdana, sans-serif;font-size:10pt;margin:0;padding:0;}body{padding:12px 0;} .battle-log {font-family:Verdana, sans-serif;font-size:10pt;} .battle-log-inline {border:1px solid #AAAAAA;background:#EEF2F5;color:black;max-width:640px;margin:0 auto 80px;padding-bottom:5px;} .battle-log .inner {padding:4px 8px 0px 8px;} .battle-log .inner-preempt {padding:0 8px 4px 8px;} .battle-log .inner-after {margin-top:0.5em;} .battle-log h2 {margin:0.5em -8px;padding:4px 8px;border:1px solid #AAAAAA;background:#E0E7EA;border-left:0;border-right:0;font-family:Verdana, sans-serif;font-size:13pt;} .battle-log .chat {vertical-align:middle;padding:3px 0 3px 0;font-size:8pt;} .battle-log .chat strong {color:#40576A;} .battle-log .chat em {padding:1px 4px 1px 3px;color:#000000;font-style:normal;} .chat.mine {background:rgba(0,0,0,0.05);margin-left:-8px;margin-right:-8px;padding-left:8px;padding-right:8px;} .spoiler {color:#BBBBBB;background:#BBBBBB;padding:0px 3px;} .spoiler:hover, .spoiler:active, .spoiler-shown {color:#000000;background:#E2E2E2;padding:0px 3px;} .spoiler a {color:#BBBBBB;} .spoiler:hover a, .spoiler:active a, .spoiler-shown a {color:#2288CC;} .chat code, .chat .spoiler:hover code, .chat .spoiler:active code, .chat .spoiler-shown code {border:1px solid #C0C0C0;background:#EEEEEE;color:black;padding:0 2px;} .chat .spoiler code {border:1px solid #CCCCCC;background:#CCCCCC;color:#CCCCCC;} .battle-log .rated {padding:3px 4px;} .battle-log .rated strong {color:white;background:#89A;padding:1px 4px;border-radius:4px;} .spacer {margin-top:0.5em;} .message-announce {background:#6688AA;color:white;padding:1px 4px 2px;} .message-announce a, .broadcast-green a, .broadcast-blue a, .broadcast-red a {color:#DDEEFF;} .broadcast-green {background-color:#559955;color:white;padding:2px 4px;} .broadcast-blue {background-color:#6688AA;color:white;padding:2px 4px;} .infobox {border:1px solid #6688AA;padding:2px 4px;} .infobox-limited {max-height:200px;overflow:auto;overflow-x:hidden;} .broadcast-red {background-color:#AA5544;color:white;padding:2px 4px;} .message-learn-canlearn {font-weight:bold;color:#228822;text-decoration:underline;} .message-learn-cannotlearn {font-weight:bold;color:#CC2222;text-decoration:underline;} .message-effect-weak {font-weight:bold;color:#CC2222;} .message-effect-resist {font-weight:bold;color:#6688AA;} .message-effect-immune {font-weight:bold;color:#666666;} .message-learn-list {margin-top:0;margin-bottom:0;} .message-throttle-notice, .message-error {color:#992222;} .message-overflow, .chat small.message-overflow {font-size:0pt;} .message-overflow::before {font-size:9pt;content:'...';} .subtle {color:#3A4A66;}
</style>
<div class="wrapper replay-wrapper" style="max-width:1180px;margin:0 auto">
<input type="hidden" name="replayid" value="dragonheaven-gen8megasforall-808" />
<div class="battle"></div><div class="battle-log"></div><div class="replay-controls"></div><div class="replay-controls-2"></div>
<h1 style="font-weight:normal;text-align:center"><strong>[Gen 8] Megas for All</strong><br /><a href="http://pokemonshowdown.com/users/inkbug1" class="subtle" target="_blank">inkbug1</a> vs. <a href="http://pokemonshowdown.com/users/h2opulse" class="subtle" target="_blank">H2OPulse</a></h1>
<script type="text/plain" class="battle-log-data">|j|☆inkbug1

|j|☆H2OPulse
|t:|1609131337
|player|p1|inkbug1|burgh|
|player|p2|H2OPulse|aetherfoundation|
|teamsize|p1|6
|teamsize|p2|6
|gametype|singles
|gen|8
|tier|[Gen 8] Megas for All
|clearpoke
|poke|p1|Chandelure, M|
|poke|p1|Scrafty, F|
|poke|p1|Drapion, F|
|poke|p1|Dugtrio-Alola, M|
|poke|p1|Araquanid, F|
|poke|p1|Eldegoss, M|
|poke|p2|Vileplume, F|
|poke|p2|Gliscor, M|
|poke|p2|Hydreigon, F|
|poke|p2|Delphox, M|
|poke|p2|Bisharp, F|
|poke|p2|Araquanid, M|
|rule|HP Percentage Mod: HP is shown in percentages
|rule|Endless Battle Clause: Forcing endless battles is banned
|rule|OHKO Clause: OHKO moves are banned
|rule|Evasion Moves Clause: Evasion moves are banned
|rule|Species Clause: Limit one of each Pokémon
|rule|Dynamax Clause: You cannot dynamax
|rule|Sleep Clause Mod: Limit one foe put to sleep
|rule|Freeze Clause Mod: Limit one foe frozen
|teampreview
|c|☆inkbug1|owo
|c|☆H2OPulse|Ooooooo fun
|c|☆inkbug1|oh my god alola dugtrio sprite has such luxurious hair
|c|☆H2OPulse|Fghdkhjk yea h
|
|t:|1609131367
|start
|switch|p1a: Dustin|Dugtrio-Alola, M|211\/211
|switch|p2a: Spilly|Araquanid, M|100\/100
|turn|1
|
|t:|1609131383
|move|p1a: Dustin|Stealth Rock|p2a: Spilly
|-sidestart|p2: H2OPulse|move: Stealth Rock
|move|p2a: Spilly|Sticky Web|p1a: Dustin
|-sidestart|p1: inkbug1|move: Sticky Web
|
|upkeep
|turn|2
|
|t:|1609131393
|switch|p1a: Candyfloss|Eldegoss, M|324\/324
|-activate|p1a: Candyfloss|move: Sticky Web
|-unboost|p1a: Candyfloss|spe|1
|move|p2a: Spilly|Liquidation|p1a: Candyfloss
|-resisted|p1a: Candyfloss
|-damage|p1a: Candyfloss|198\/324
|
|upkeep
|turn|3
|
|t:|1609131400
|move|p2a: Spilly|Leech Life|p1a: Candyfloss
|-supereffective|p1a: Candyfloss
|-damage|p1a: Candyfloss|0 fnt
|faint|p1a: Candyfloss
|
|upkeep
|c|☆inkbug1|yea i knew how tht was gona go
|c|☆H2OPulse|Pfff
|
|t:|1609131415
|switch|p1a: Scarlet|Drapion, F|281\/281
|-activate|p1a: Scarlet|move: Sticky Web
|-unboost|p1a: Scarlet|spe|1
|turn|4
|
|t:|1609131423
|move|p1a: Scarlet|Toxic|p2a: Spilly
|-status|p2a: Spilly|tox
|move|p2a: Spilly|Liquidation|p1a: Scarlet
|-damage|p1a: Scarlet|80\/281
|-unboost|p1a: Scarlet|def|1
|
|-damage|p2a: Spilly|94\/100 tox|[from] psn
|upkeep
|turn|5
|c|☆inkbug1|ow
|
|t:|1609131436
|switch|p1a: Weaver|Araquanid, F|339\/339
|-activate|p1a: Weaver|move: Sticky Web
|-unboost|p1a: Weaver|spe|1
|move|p2a: Spilly|Liquidation|p1a: Weaver
|-resisted|p1a: Weaver
|-damage|p1a: Weaver|228\/339
|-damage|p2a: Spilly|78\/100 tox|[from] item: Rocky Helmet|[of] p1a: Weaver
|
|-damage|p2a: Spilly|65\/100 tox|[from] psn
|upkeep
|turn|6
|c|☆H2OPulse|Araquanid
|c|☆H2OPulse|*I love Araquanid
|c|☆H2OPulse|but
|c|☆H2OPulse|also yeah I guess just saying "Araquanid" is accurate this turn huh
|c|☆inkbug1|fuck dude there sure are
|
|t:|1609131475
|move|p2a: Spilly|Leech Life|p1a: Weaver
|-damage|p1a: Weaver|122\/339
|-heal|p2a: Spilly|83\/100 tox|[from] drain|[of] p1a: Weaver
|-damage|p2a: Spilly|67\/100 tox|[from] item: Rocky Helmet|[of] p1a: Weaver
|move|p1a: Weaver|Mirror Coat||[still]
|-fail|p1a: Weaver
|
|-damage|p2a: Spilly|48\/100 tox|[from] psn
|upkeep
|turn|7
|c|☆inkbug1|the hard reads
|c|☆inkbug1|they fail me
|c|☆H2OPulse|Did you mean to do Magic Coat or
|c|☆inkbug1|was tryna block a toxic :pensive: 
|c|☆H2OPulse|Ah yeah that's uh
|c|☆inkbug1|oh yeah 
|c|☆H2OPulse|a different move
|c|☆inkbug1|im not smart
|c|☆H2OPulse|Pffff
|
|t:|1609131513
|move|p2a: Spilly|Liquidation|p1a: Weaver
|-resisted|p1a: Weaver
|-damage|p1a: Weaver|12\/339
|-damage|p2a: Spilly|32\/100 tox|[from] item: Rocky Helmet|[of] p1a: Weaver
|move|p1a: Weaver|Leech Life|p2a: Spilly
|-damage|p2a: Spilly|5\/100 tox
|-heal|p1a: Weaver|51\/339|[from] drain|[of] p2a: Spilly
|
|-damage|p2a: Spilly|0 fnt|[from] psn
|faint|p2a: Spilly
|upkeep
|c|☆inkbug1|i mean either way i still lost the hard read
|c|☆H2OPulse|Fai r
|c|☆H2OPulse|Did Spilly really just take down half of a team including its hazard control and set webs
|c|☆H2OPulse|I
|c|☆H2OPulse|I love Araquanid
|
|t:|1609131561
|switch|p2a: Sword Lily|Bisharp, F|100\/100
|-damage|p2a: Sword Lily|95\/100|[from] Stealth Rock
|turn|8
|c|☆inkbug1|ok but i Was not being careful w eldegoss
|c|☆H2OPulse|Fai r
|
|t:|1609131575
|move|p2a: Sword Lily|Knock Off|p1a: Weaver
|-damage|p1a: Weaver|0 fnt
|-damage|p2a: Sword Lily|78\/100|[from] item: Rocky Helmet|[of] p1a: Weaver
|-enditem|p1a: Weaver|Rocky Helmet|[from] move: Knock Off|[of] p2a: Sword Lily
|faint|p1a: Weaver
|
|upkeep
|
|t:|1609131585
|switch|p1a: Scarlet|Drapion, F|80\/281
|-activate|p1a: Scarlet|move: Sticky Web
|-unboost|p1a: Scarlet|spe|1
|turn|9
|c|☆H2OPulse|I had so many options there why did I not just send in a special attacker
|c|☆H2OPulse|That was pointless
|c|☆inkbug1|i am also not thinking
|c|☆inkbug1|im sleepy
|c|☆H2OPulse|F a i r
|
|t:|1609131628
|move|p2a: Sword Lily|Sucker Punch||[still]
|-fail|p2a: Sword Lily
|move|p1a: Scarlet|Toxic|p2a: Sword Lily
|-immune|p2a: Sword Lily
|
|upkeep
|turn|10
|c|☆H2OPulse|Pfff
|c|☆inkbug1|wheeze
|
|t:|1609131643
|move|p2a: Sword Lily|Sucker Punch|p1a: Scarlet
|-resisted|p1a: Scarlet
|-damage|p1a: Scarlet|2\/281
|move|p1a: Scarlet|Stomping Tantrum|p2a: Sword Lily
|-supereffective|p2a: Sword Lily
|-damage|p2a: Sword Lily|0 fnt
|faint|p2a: Sword Lily
|
|upkeep
|c|☆inkbug1|thE 1% WHY
|c|☆H2OPulse|uNIRONICALLY A GOOD PLAY THOUGH
|c|☆H2OPulse|Toxic into x2 Stomping Tantrum was objectively better than just doing Stomping Tantrum twice because it stopped me from KOing with Sucker Punch
|c|☆inkbug1|true
|
|t:|1609131694
|switch|p2a: Sansevieria|Hydreigon, F|100\/100
|-damage|p2a: Sansevieria|88\/100|[from] Stealth Rock
|turn|11
|
|t:|1609131709
|detailschange|p2a: Sansevieria|Hydreigon-Mega, F
|-mega|p2a: Sansevieria|Hydreigon|Hydreigonite
|-start|p2a: Sansevieria|typechange|Dark\/Dragon|[silent]
|raw|<ul class="utilichart"><li class="result"><span class="col pokemonnamecol" style="white-space: nowrap">Hydreigon-Mega<\/span> <span class="col typecol"><img src="https:\/\/play.pokemonshowdown.com\/sprites\/types\/Dark.png" alt="Dark" height="14" width="32"><img src="https:\/\/play.pokemonshowdown.com\/sprites\/types\/Dragon.png" alt="Dragon" height="14" width="32"><\/span> <span style="float: left ; min-height: 26px"><span class="col abilitycol">Berserk<\/span><span class="col abilitycol"><\/span><\/span><span style="float: left ; min-height: 26px"><span class="col statcol"><em>HP<\/em><br>92<\/span> <span class="col statcol"><em>Atk<\/em><br>125<\/span> <span class="col statcol"><em>Def<\/em><br>110<\/span> <span class="col statcol"><em>SpA<\/em><br>165<\/span> <span class="col statcol"><em>SpD<\/em><br>90<\/span> <span class="col statcol"><em>Spe<\/em><br>118<\/span> <\/span><\/li><li style="clear: both"><\/li><\/ul>
|move|p2a: Sansevieria|Dark Pulse|p1a: Scarlet
|-resisted|p1a: Scarlet
|-crit|p1a: Scarlet
|-damage|p1a: Scarlet|0 fnt
|faint|p1a: Scarlet
|
|upkeep
|c|☆H2OPulse|Crit mattered sorry
|
|t:|1609131732
|switch|p1a: Dara|Scrafty, F|334\/334
|-activate|p1a: Dara|move: Sticky Web
|-unboost|p1a: Dara|spe|1
|turn|12
|c|☆H2OPulse|okay wow I actually really needed Bisharp that was dumb of me
|c|☆inkbug1|jhgsad
|c|☆H2OPulse|if I lose this after everything Spilly did I
|
|t:|1609131752
|switch|p2a: Raffles|Vileplume, F|100\/100
|-damage|p2a: Raffles|88\/100|[from] Stealth Rock
|move|p1a: Dara|Dragon Tail|p2a: Raffles
|-damage|p2a: Raffles|74\/100
|-status|p1a: Dara|par|[from] ability: Effect Spore|[of] p2a: Raffles
|drag|p2a: Phace|Gliscor, M|100\/100
|-damage|p2a: Phace|88\/100|[from] Stealth Rock
|
|-status|p2a: Phace|tox|[from] item: Toxic Orb
|upkeep
|turn|13
|c|☆H2OPulse|Huh okay
|c|☆inkbug1|ow
|
|t:|1609131777
|move|p2a: Phace|Stealth Rock|p1a: Dara
|-sidestart|p1: inkbug1|move: Stealth Rock
|move|p1a: Dara|Knock Off|p2a: Phace
|-damage|p2a: Phace|52\/100 tox
|-enditem|p2a: Phace|Toxic Orb|[from] move: Knock Off|[of] p1a: Dara
|
|-heal|p2a: Phace|65\/100 tox|[from] ability: Poison Heal
|upkeep
|turn|14
|c|☆inkbug1|yea im not in a great spot
|
|t:|1609131805
|move|p2a: Phace|Earthquake|p1a: Dara
|-damage|p1a: Dara|211\/334 par
|-zpower|p1a: Dara
|move|p1a: Dara|All-Out Pummeling|p2a: Phace|[zeffect]
|-resisted|p2a: Phace
|-damage|p2a: Phace|41\/100 tox
|
|-heal|p2a: Phace|54\/100 tox|[from] ability: Poison Heal
|upkeep
|turn|15
|
|t:|1609131816
|switch|p2a: Raffles|Vileplume, F|74\/100
|-damage|p2a: Raffles|61\/100|[from] Stealth Rock
|move|p1a: Dara|Dragon Tail|p2a: Raffles
|-damage|p2a: Raffles|47\/100
|drag|p2a: Phace|Gliscor, M|54\/100 tox
|-damage|p2a: Phace|41\/100 tox|[from] Stealth Rock
|
|-heal|p2a: Phace|54\/100 tox|[from] ability: Poison Heal
|upkeep
|turn|16
|c|☆H2OPulse|okay
|c|☆inkbug1|ajsdasd
|
|t:|1609131826
|move|p2a: Phace|Earthquake|p1a: Dara
|-damage|p1a: Dara|97\/334 par
|cant|p1a: Dara|par
|
|-heal|p2a: Phace|66\/100 tox|[from] ability: Poison Heal
|upkeep
|turn|17
|
|t:|1609131833
|move|p2a: Phace|Earthquake|p1a: Dara
|-damage|p1a: Dara|0 fnt
|faint|p1a: Dara
|
|-heal|p2a: Phace|79\/100 tox|[from] ability: Poison Heal
|upkeep
|c|☆H2OPulse|wow that was
|c|☆H2OPulse|something
|
|t:|1609131842
|switch|p1a: Grimm|Chandelure, M, shiny|261\/261
|-damage|p1a: Grimm|196\/261|[from] Stealth Rock
|-activate|p1a: Grimm|move: Sticky Web
|-unboost|p1a: Grimm|spe|1
|turn|18
|c|☆H2OPulse|Hm okay so Nightmare Heart is scary right now but
|c|☆H2OPulse|this is prooobably okay
|c|☆inkbug1|come at me.
|
|t:|1609131885
|detailschange|p1a: Grimm|Chandelure-Mega, M, shiny
|-mega|p1a: Grimm|Chandelure|Chandelite
|-start|p1a: Grimm|typechange|Ghost\/Fire|[silent]
|raw|<ul class="utilichart"><li class="result"><span class="col pokemonnamecol" style="white-space: nowrap">Chandelure-Mega<\/span> <span class="col typecol"><img src="https:\/\/play.pokemonshowdown.com\/sprites\/types\/Ghost.png" alt="Ghost" height="14" width="32"><img src="https:\/\/play.pokemonshowdown.com\/sprites\/types\/Fire.png" alt="Fire" height="14" width="32"><\/span> <span style="float: left ; min-height: 26px"><span class="col abilitycol">Nightmare Heart<\/span><span class="col abilitycol"><\/span><\/span><span style="float: left ; min-height: 26px"><span class="col statcol"><em>HP<\/em><br>60<\/span> <span class="col statcol"><em>Atk<\/em><br>57<\/span> <span class="col statcol"><em>Def<\/em><br>108<\/span> <span class="col statcol"><em>SpA<\/em><br>185<\/span> <span class="col statcol"><em>SpD<\/em><br>108<\/span> <span class="col statcol"><em>Spe<\/em><br>102<\/span> <\/span><\/li><li style="clear: both"><\/li><\/ul>
|move|p2a: Phace|Earthquake|p1a: Grimm
|-supereffective|p1a: Grimm
|-damage|p1a: Grimm|0 fnt
|faint|p1a: Grimm
|-start|p2a: Phace|Curse|[of] p2a: Phace
|-ability|p2a: Phace|Nightmare Heart|[from] Ability: Nightmare Heart
|
|-damage|p2a: Phace|54\/100 tox|[from] psn
|-damage|p2a: Phace|29\/100 tox|[from] Curse
|upkeep
|c|☆inkbug1|yesl.
|
|t:|1609131897
|switch|p1a: Dustin|Dugtrio-Alola, M|211\/211
|-activate|p1a: Dustin|move: Sticky Web
|-unboost|p1a: Dustin|spe|1
|-damage|p1a: Dustin|205\/211|[from] Stealth Rock
|turn|19
|c|☆H2OPulse|Oh huh are you not Speed-inveoHHHH I FORGOT MY OWN WEBS
|c|☆H2OPulse|okay
|
|t:|1609131910
|move|p1a: Dustin|Sucker Punch|p2a: Phace
|-damage|p2a: Phace|12\/100 tox
|move|p2a: Phace|Earthquake|p1a: Dustin
|-supereffective|p1a: Dustin
|-damage|p1a: Dustin|0 fnt
|faint|p1a: Dustin
|
|win|H2OPulse
|c|☆inkbug1|sfsdf
|c|☆H2OPulse|In any case good game :'D
|c|☆inkbug1|ow
|c|☆inkbug1|gg
|c|☆inkbug1|did not play that well huh
|c|☆inkbug1|WHAT else i got</script>
</div>
<div class="battle-log battle-log-inline"><div class="inner"><div class="battle-options"><div style="padding-top: 3px; padding-right: 3px; text-align: right"><button class="icon button" name="openBattleOptions" title="Options">Battle Options</button></div></div><div class="inner message-log"><div class="chat"><small>☆inkbug1 and ☆H2OPulse joined</small></div><div class=""><small>Format:</small> <br><strong>[Gen 8] Megas for All</strong></div><div class=""><small><em>HP Percentage Mod:</em> HP is shown in percentages</small></div><div class=""><small><em>Endless Battle Clause:</em> Forcing endless battles is banned</small></div><div class=""><small><em>OHKO Clause:</em> OHKO moves are banned</small></div><div class=""><small><em>Evasion Moves Clause:</em> Evasion moves are banned</small></div><div class=""><small><em>Species Clause:</em> Limit one of each Pokémon</small></div><div class=""><small><em>Dynamax Clause:</em> You cannot dynamax</small></div><div class=""><small><em>Sleep Clause Mod:</em> Limit one foe put to sleep</small></div><div class=""><small><em>Freeze Clause Mod:</em> Limit one foe frozen</small></div><div class="chat battle-history"><strong>inkbug1's team:</strong> <em style="color:#445566;display:block;">Chandelure / Scrafty / Drapion / Dugtrio-Alola / Araquanid / Eldegoss</em></div><div class="chat battle-history"><strong>H2OPulse's team:</strong> <em style="color:#445566;display:block;">Vileplume / Gliscor / Hydreigon / Delphox / Bisharp / Araquanid</em></div><div class="chat chatmessage-inkbug1 mine"><strong style="color:#e46e0f"><small>☆</small><span class="username" data-name="inkbug1">inkbug1</span>:</strong> <em>owo</em></div><div class="chat chatmessage-h2opulse"><strong style="color:#6e8c2b"><small>☆</small><span class="username" data-name="H2OPulse">H2OPulse</span>:</strong> <em>Ooooooo fun</em></div><div class="chat chatmessage-inkbug1 mine"><strong style="color:#e46e0f"><small>☆</small><span class="username" data-name="inkbug1">inkbug1</span>:</strong> <em>oh my god alola dugtrio sprite has such luxurious hair</em></div><div class="chat chatmessage-h2opulse"><strong style="color:#6e8c2b"><small>☆</small><span class="username" data-name="H2OPulse">H2OPulse</span>:</strong> <em>Fghdkhjk yea h</em></div><div class="spacer battle-history"><br></div><div class="battle-history">Battle started between inkbug1 and H2OPulse!<br></div><div class="spacer battle-history"><br></div><div class="battle-history">Go! Dustin (<strong>Dugtrio-Alola</strong>)!<br></div><div class="spacer battle-history"><br></div><div class="battle-history">H2OPulse sent out Spilly (<strong>Araquanid</strong>)!<br></div><div class="spacer battle-history"><br></div><h2 class="battle-history">Turn 1</h2><div class="spacer battle-history"><br></div><div class="battle-history">Dustin used <strong>Stealth Rock</strong>!<br></div><div class="battle-history"><small>Pointed stones float in the air around the opposing team!</small><br></div><div class="spacer battle-history"><br></div><div class="battle-history">The opposing Spilly used <strong>Sticky Web</strong>!<br></div><div class="battle-history"><small>A sticky web has been laid out on the ground around your team!</small><br></div><div class="spacer battle-history"><br></div><h2 class="battle-history">Turn 2</h2><div class="spacer battle-history"><br></div><div class="battle-history">Dustin, come back!<br></div><div class="battle-history">Go! Candyfloss (<strong>Eldegoss</strong>)!<br></div><div class="battle-history"><small>Candyfloss was caught in a sticky web!</small><br></div><div class="battle-history"><small>Candyfloss's Speed fell!</small><br></div><div class="spacer battle-history"><br></div><div class="battle-history">The opposing Spilly used <strong>Liquidation</strong>!<br></div><div class="battle-history"><small>It's not very effective...</small><br></div><div class="battle-history"><small>(Candyfloss lost <abbr title="−126/324">38.9%</abbr> of its health!)</small><br></div><div class="spacer battle-history"><br></div><h2 class="battle-history">Turn 3</h2><div class="spacer battle-history"><br></div><div class="battle-history">The opposing Spilly used <strong>Leech Life</strong>!<br></div><div class="battle-history"><small>It's super effective!</small><br></div><div class="battle-history"><small>(Candyfloss lost <abbr title="−198/324">61.1%</abbr> of its health!)</small><br></div><div class="spacer battle-history"><br></div><div class="battle-history">Candyfloss fainted!<br></div><div class="chat chatmessage-inkbug1 mine"><strong style="color:#e46e0f"><small>☆</small><span class="username" data-name="inkbug1">inkbug1</span>:</strong> <em>yea i knew how tht was gona go</em></div><div class="chat chatmessage-h2opulse"><strong style="color:#6e8c2b"><small>☆</small><span class="username" data-name="H2OPulse">H2OPulse</span>:</strong> <em>Pfff</em></div><div class="spacer battle-history"><br></div><div class="battle-history">Go! Scarlet (<strong>Drapion</strong>)!<br></div><div class="battle-history"><small>Scarlet was caught in a sticky web!</small><br></div><div class="battle-history"><small>Scarlet's Speed fell!</small><br></div><div class="spacer battle-history"><br></div><h2 class="battle-history">Turn 4</h2><div class="spacer battle-history"><br></div><div class="battle-history">Scarlet used <strong>Toxic</strong>!<br></div><div class="battle-history"><small>The opposing Spilly was badly poisoned!</small><br></div><div class="spacer battle-history"><br></div><div class="battle-history">The opposing Spilly used <strong>Liquidation</strong>!<br></div><div class="battle-history"><small>(Scarlet lost <abbr title="−201/281">71.5%</abbr> of its health!)</small><br></div><div class="battle-history"><small>Scarlet's Defense fell!</small><br></div><div class="spacer battle-history"><br></div><div class="battle-history"><small>The opposing Spilly was hurt by poison!</small><br></div><div class="spacer battle-history"><br></div><h2 class="battle-history">Turn 5</h2><div class="chat chatmessage-inkbug1 mine"><strong style="color:#e46e0f"><small>☆</small><span class="username" data-name="inkbug1">inkbug1</span>:</strong> <em>ow</em></div><div class="spacer battle-history"><br></div><div class="battle-history">Scarlet, come back!<br></div><div class="battle-history">Go! Weaver (<strong>Araquanid</strong>)!<br></div><div class="battle-history"><small>Weaver was caught in a sticky web!</small><br></div><div class="battle-history"><small>Weaver's Speed fell!</small><br></div><div class="spacer battle-history"><br></div><div class="battle-history">The opposing Spilly used <strong>Liquidation</strong>!<br></div><div class="battle-history"><small>It's not very effective...</small><br></div><div class="battle-history"><small>(Weaver lost <abbr title="−111/339">32.7%</abbr> of its health!)</small><br></div><div class="battle-history"><small>The opposing Spilly was hurt by the Rocky Helmet!</small><br></div><div class="spacer battle-history"><br></div><div class="battle-history"><small>The opposing Spilly was hurt by poison!</small><br></div><div class="spacer battle-history"><br></div><h2 class="battle-history">Turn 6</h2><div class="chat chatmessage-h2opulse"><strong style="color:#6e8c2b"><small>☆</small><span class="username" data-name="H2OPulse">H2OPulse</span>:</strong> <em>Araquanid</em></div><div class="chat chatmessage-h2opulse"><strong style="color:#6e8c2b"><small>☆</small><span class="username" data-name="H2OPulse">H2OPulse</span>:</strong> <em>*I love Araquanid</em></div><div class="chat chatmessage-h2opulse"><strong style="color:#6e8c2b"><small>☆</small><span class="username" data-name="H2OPulse">H2OPulse</span>:</strong> <em>but</em></div><div class="chat chatmessage-h2opulse"><strong style="color:#6e8c2b"><small>☆</small><span class="username" data-name="H2OPulse">H2OPulse</span>:</strong> <em>also yeah I guess just saying "Araquanid" is accurate this turn huh</em></div><div class="chat chatmessage-inkbug1 mine"><strong style="color:#e46e0f"><small>☆</small><span class="username" data-name="inkbug1">inkbug1</span>:</strong> <em>fuck dude there sure are</em></div><div class="spacer battle-history"><br></div><div class="battle-history">The opposing Spilly used <strong>Leech Life</strong>!<br></div><div class="battle-history"><small>(Weaver lost <abbr title="−106/339">31.3%</abbr> of its health!)</small><br></div><div class="battle-history"><small>Weaver had its energy drained!</small><br></div><div class="battle-history"><small>The opposing Spilly was hurt by the Rocky Helmet!</small><br></div><div class="spacer battle-history"><br></div><div class="battle-history">Weaver used <strong>Mirror Coat</strong>!<br></div><div class="battle-history"><small>But it failed!</small><br></div><div class="spacer battle-history"><br></div><div class="battle-history"><small>The opposing Spilly was hurt by poison!</small><br></div><div class="spacer battle-history"><br></div><h2 class="battle-history">Turn 7</h2><div class="chat chatmessage-inkbug1 mine"><strong style="color:#e46e0f"><small>☆</small><span class="username" data-name="inkbug1">inkbug1</span>:</strong> <em>the hard reads</em></div><div class="chat chatmessage-inkbug1 mine"><strong style="color:#e46e0f"><small>☆</small><span class="username" data-name="inkbug1">inkbug1</span>:</strong> <em>they fail me</em></div><div class="chat chatmessage-h2opulse"><strong style="color:#6e8c2b"><small>☆</small><span class="username" data-name="H2OPulse">H2OPulse</span>:</strong> <em>Did you mean to do Magic Coat or</em></div><div class="chat chatmessage-inkbug1 mine"><strong style="color:#e46e0f"><small>☆</small><span class="username" data-name="inkbug1">inkbug1</span>:</strong> <em>was tryna block a toxic :pensive: </em></div><div class="chat chatmessage-h2opulse"><strong style="color:#6e8c2b"><small>☆</small><span class="username" data-name="H2OPulse">H2OPulse</span>:</strong> <em>Ah yeah that's uh</em></div><div class="chat chatmessage-inkbug1 mine"><strong style="color:#e46e0f"><small>☆</small><span class="username" data-name="inkbug1">inkbug1</span>:</strong> <em>oh yeah </em></div><div class="chat chatmessage-h2opulse"><strong style="color:#6e8c2b"><small>☆</small><span class="username" data-name="H2OPulse">H2OPulse</span>:</strong> <em>a different move</em></div><div class="chat chatmessage-inkbug1 mine"><strong style="color:#e46e0f"><small>☆</small><span class="username" data-name="inkbug1">inkbug1</span>:</strong> <em>im not smart</em></div><div class="chat chatmessage-h2opulse"><strong style="color:#6e8c2b"><small>☆</small><span class="username" data-name="H2OPulse">H2OPulse</span>:</strong> <em>Pffff</em></div><div class="spacer battle-history"><br></div><div class="battle-history">The opposing Spilly used <strong>Liquidation</strong>!<br></div><div class="battle-history"><small>It's not very effective...</small><br></div><div class="battle-history"><small>(Weaver lost <abbr title="−110/339">32.4%</abbr> of its health!)</small><br></div><div class="battle-history"><small>The opposing Spilly was hurt by the Rocky Helmet!</small><br></div><div class="spacer battle-history"><br></div><div class="battle-history">Weaver used <strong>Leech Life</strong>!<br></div><div class="battle-history"><small>(The opposing Spilly lost 27% of its health!)</small><br></div><div class="battle-history"><small>The opposing Spilly had its energy drained!</small><br></div><div class="spacer battle-history"><br></div><div class="battle-history"><small>The opposing Spilly was hurt by poison!</small><br></div><div class="spacer battle-history"><br></div><div class="battle-history">The opposing Spilly fainted!<br></div><div class="chat chatmessage-inkbug1 mine"><strong style="color:#e46e0f"><small>☆</small><span class="username" data-name="inkbug1">inkbug1</span>:</strong> <em>i mean either way i still lost the hard read</em></div><div class="chat chatmessage-h2opulse"><strong style="color:#6e8c2b"><small>☆</small><span class="username" data-name="H2OPulse">H2OPulse</span>:</strong> <em>Fai r</em></div><div class="chat chatmessage-h2opulse"><strong style="color:#6e8c2b"><small>☆</small><span class="username" data-name="H2OPulse">H2OPulse</span>:</strong> <em>Did Spilly really just take down half of a team including its hazard control and set webs</em></div><div class="chat chatmessage-h2opulse"><strong style="color:#6e8c2b"><small>☆</small><span class="username" data-name="H2OPulse">H2OPulse</span>:</strong> <em>I</em></div><div class="chat chatmessage-h2opulse"><strong style="color:#6e8c2b"><small>☆</small><span class="username" data-name="H2OPulse">H2OPulse</span>:</strong> <em>I love Araquanid</em></div><div class="spacer battle-history"><br></div><div class="battle-history">H2OPulse sent out Sword Lily (<strong>Bisharp</strong>)!<br></div><div class="battle-history"><small>Pointed stones dug into the opposing Sword Lily!</small><br></div><div class="spacer battle-history"><br></div><h2 class="battle-history">Turn 8</h2><div class="chat chatmessage-inkbug1 mine"><strong style="color:#e46e0f"><small>☆</small><span class="username" data-name="inkbug1">inkbug1</span>:</strong> <em>ok but i Was not being careful w eldegoss</em></div><div class="chat chatmessage-h2opulse"><strong style="color:#6e8c2b"><small>☆</small><span class="username" data-name="H2OPulse">H2OPulse</span>:</strong> <em>Fai r</em></div><div class="spacer battle-history"><br></div><div class="battle-history">The opposing Sword Lily used <strong>Knock Off</strong>!<br></div><div class="battle-history"><small>(Weaver lost <abbr title="−51/339">15.0%</abbr> of its health!)</small><br></div><div class="battle-history"><small>The opposing Sword Lily was hurt by the Rocky Helmet!</small><br></div><div class="battle-history"><small>The opposing Sword Lily knocked off Weaver's Rocky Helmet!</small><br></div><div class="spacer battle-history"><br></div><div class="battle-history">Weaver fainted!<br></div><div class="spacer battle-history"><br></div><div class="battle-history">Go! Scarlet (<strong>Drapion</strong>)!<br></div><div class="battle-history"><small>Scarlet was caught in a sticky web!</small><br></div><div class="battle-history"><small>Scarlet's Speed fell!</small><br></div><div class="spacer battle-history"><br></div><h2 class="battle-history">Turn 9</h2><div class="chat chatmessage-h2opulse"><strong style="color:#6e8c2b"><small>☆</small><span class="username" data-name="H2OPulse">H2OPulse</span>:</strong> <em>I had so many options there why did I not just send in a special attacker</em></div><div class="chat chatmessage-h2opulse"><strong style="color:#6e8c2b"><small>☆</small><span class="username" data-name="H2OPulse">H2OPulse</span>:</strong> <em>That was pointless</em></div><div class="chat chatmessage-inkbug1 mine"><strong style="color:#e46e0f"><small>☆</small><span class="username" data-name="inkbug1">inkbug1</span>:</strong> <em>i am also not thinking</em></div><div class="chat chatmessage-inkbug1 mine"><strong style="color:#e46e0f"><small>☆</small><span class="username" data-name="inkbug1">inkbug1</span>:</strong> <em>im sleepy</em></div><div class="chat chatmessage-h2opulse"><strong style="color:#6e8c2b"><small>☆</small><span class="username" data-name="H2OPulse">H2OPulse</span>:</strong> <em>F a i r</em></div><div class="spacer battle-history"><br></div><div class="battle-history">The opposing Sword Lily used <strong>Sucker Punch</strong>!<br></div><div class="battle-history"><small>But it failed!</small><br></div><div class="spacer battle-history"><br></div><div class="battle-history">Scarlet used <strong>Toxic</strong>!<br></div><div class="battle-history"><small>It doesn't affect the opposing Sword Lily...</small><br></div><div class="spacer battle-history"><br></div><h2 class="battle-history">Turn 10</h2><div class="chat chatmessage-h2opulse"><strong style="color:#6e8c2b"><small>☆</small><span class="username" data-name="H2OPulse">H2OPulse</span>:</strong> <em>Pfff</em></div><div class="chat chatmessage-inkbug1 mine"><strong style="color:#e46e0f"><small>☆</small><span class="username" data-name="inkbug1">inkbug1</span>:</strong> <em>wheeze</em></div><div class="spacer battle-history"><br></div><div class="battle-history">The opposing Sword Lily used <strong>Sucker Punch</strong>!<br></div><div class="battle-history"><small>It's not very effective...</small><br></div><div class="battle-history"><small>(Scarlet lost <abbr title="−78/281">27.8%</abbr> of its health!)</small><br></div><div class="spacer battle-history"><br></div><div class="battle-history">Scarlet used <strong>Stomping Tantrum</strong>!<br></div><div class="battle-history"><small>It's super effective!</small><br></div><div class="battle-history"><small>(The opposing Sword Lily lost 78% of its health!)</small><br></div><div class="spacer battle-history"><br></div><div class="battle-history">The opposing Sword Lily fainted!<br></div><div class="chat chatmessage-inkbug1 mine"><strong style="color:#e46e0f"><small>☆</small><span class="username" data-name="inkbug1">inkbug1</span>:</strong> <em>thE 1% WHY</em></div><div class="chat chatmessage-h2opulse"><strong style="color:#6e8c2b"><small>☆</small><span class="username" data-name="H2OPulse">H2OPulse</span>:</strong> <em>uNIRONICALLY A GOOD PLAY THOUGH</em></div><div class="chat chatmessage-h2opulse"><strong style="color:#6e8c2b"><small>☆</small><span class="username" data-name="H2OPulse">H2OPulse</span>:</strong> <em>Toxic into x2 Stomping Tantrum was objectively better than just doing Stomping Tantrum twice because it stopped me from KOing with Sucker Punch</em></div><div class="chat chatmessage-inkbug1 mine"><strong style="color:#e46e0f"><small>☆</small><span class="username" data-name="inkbug1">inkbug1</span>:</strong> <em>true</em></div><div class="spacer battle-history"><br></div><div class="battle-history">H2OPulse sent out Sansevieria (<strong>Hydreigon</strong>)!<br></div><div class="battle-history"><small>Pointed stones dug into the opposing Sansevieria!</small><br></div><div class="spacer battle-history"><br></div><h2 class="battle-history">Turn 11</h2><div class="spacer battle-history"><br></div><div class="battle-history"><small>The opposing Sansevieria's Hydreigonite is reacting to the Key Stone!</small><br>The opposing Sansevieria has Mega Evolved into Mega Hydreigon!<br></div><div class="chat"><ul class="utilichart"><li class="result"><span class="col pokemonnamecol" style="white-space: nowrap">Hydreigon-Mega</span> <span class="col typecol"><img src="https://play.pokemonshowdown.com/sprites/types/Dark.png" alt="Dark" height="14" width="32"><img src="https://play.pokemonshowdown.com/sprites/types/Dragon.png" alt="Dragon" height="14" width="32"></span> <span style="float: left ; min-height: 26px"><span class="col abilitycol">Berserk</span><span class="col abilitycol"></span></span><span style="float: left ; min-height: 26px"><span class="col statcol"><em>HP</em><br>92</span> <span class="col statcol"><em>Atk</em><br>125</span> <span class="col statcol"><em>Def</em><br>110</span> <span class="col statcol"><em>SpA</em><br>165</span> <span class="col statcol"><em>SpD</em><br>90</span> <span class="col statcol"><em>Spe</em><br>118</span> </span></li><li style="clear: both"></li></ul></div><div class="spacer battle-history"><br></div><div class="battle-history">The opposing Sansevieria used <strong>Dark Pulse</strong>!<br></div><div class="battle-history"><small>It's not very effective...</small><br></div><div class="battle-history"><small>A critical hit!</small><br></div><div class="battle-history"><small>(Scarlet lost <abbr title="−2/281">0.7%</abbr> of its health!)</small><br></div><div class="spacer battle-history"><br></div><div class="battle-history">Scarlet fainted!<br></div><div class="chat chatmessage-h2opulse"><strong style="color:#6e8c2b"><small>☆</small><span class="username" data-name="H2OPulse">H2OPulse</span>:</strong> <em>Crit mattered sorry</em></div><div class="spacer battle-history"><br></div><div class="battle-history">Go! Dara (<strong>Scrafty</strong>)!<br></div><div class="battle-history"><small>Dara was caught in a sticky web!</small><br></div><div class="battle-history"><small>Dara's Speed fell!</small><br></div><div class="spacer battle-history"><br></div><h2 class="battle-history">Turn 12</h2><div class="chat chatmessage-h2opulse"><strong style="color:#6e8c2b"><small>☆</small><span class="username" data-name="H2OPulse">H2OPulse</span>:</strong> <em>okay wow I actually really needed Bisharp that was dumb of me</em></div><div class="chat chatmessage-inkbug1 mine"><strong style="color:#e46e0f"><small>☆</small><span class="username" data-name="inkbug1">inkbug1</span>:</strong> <em>jhgsad</em></div><div class="chat chatmessage-h2opulse"><strong style="color:#6e8c2b"><small>☆</small><span class="username" data-name="H2OPulse">H2OPulse</span>:</strong> <em>if I lose this after everything Spilly did I</em></div><div class="spacer battle-history"><br></div><div class="battle-history">H2OPulse withdrew Sansevieria!<br></div><div class="battle-history">H2OPulse sent out Raffles (<strong>Vileplume</strong>)!<br></div><div class="battle-history"><small>Pointed stones dug into the opposing Raffles!</small><br></div><div class="spacer battle-history"><br></div><div class="battle-history">Dara used <strong>Dragon Tail</strong>!<br></div><div class="battle-history"><small>(The opposing Raffles lost 14% of its health!)</small><br></div><div class="battle-history">[The opposing Raffles's Effect Spore]<br><small>Dara is paralyzed! It may be unable to move!</small><br></div><div class="spacer battle-history"><br></div><div class="battle-history">Phace (<strong>Gliscor</strong>) was dragged out!<br></div><div class="battle-history"><small>Pointed stones dug into the opposing Phace!</small><br></div><div class="spacer battle-history"><br></div><div class="battle-history"><small>The opposing Phace was badly poisoned!</small><br></div><div class="spacer battle-history"><br></div><h2 class="battle-history">Turn 13</h2><div class="chat chatmessage-h2opulse"><strong style="color:#6e8c2b"><small>☆</small><span class="username" data-name="H2OPulse">H2OPulse</span>:</strong> <em>Huh okay</em></div><div class="chat chatmessage-inkbug1 mine"><strong style="color:#e46e0f"><small>☆</small><span class="username" data-name="inkbug1">inkbug1</span>:</strong> <em>ow</em></div><div class="spacer battle-history"><br></div><div class="battle-history">The opposing Phace used <strong>Stealth Rock</strong>!<br></div><div class="battle-history"><small>Pointed stones float in the air around your team!</small><br></div><div class="spacer battle-history"><br></div><div class="battle-history">Dara used <strong>Knock Off</strong>!<br></div><div class="battle-history"><small>(The opposing Phace lost 36% of its health!)</small><br></div><div class="battle-history"><small>Dara knocked off the opposing Phace's Toxic Orb!</small><br></div><div class="spacer battle-history"><br></div><div class="battle-history">[The opposing Phace's Poison Heal]<br><small>The opposing Phace had its HP restored.</small><br></div><div class="spacer battle-history"><br></div><h2 class="battle-history">Turn 14</h2><div class="chat chatmessage-inkbug1 mine"><strong style="color:#e46e0f"><small>☆</small><span class="username" data-name="inkbug1">inkbug1</span>:</strong> <em>yea im not in a great spot</em></div><div class="spacer battle-history"><br></div><div class="battle-history">The opposing Phace used <strong>Earthquake</strong>!<br></div><div class="battle-history"><small>(Dara lost <abbr title="−123/334">36.8%</abbr> of its health!)</small><br></div><div class="battle-history"><small>Dara surrounded itself with its Z-Power!</small><br></div><div class="spacer battle-history"><br></div><div class="battle-history"><small>Dara unleashes its full-force Z-Move!</small><br>Dara used <strong>All-Out Pummeling</strong>!<br></div><div class="battle-history"><small>It's not very effective...</small><br></div><div class="battle-history"><small>(The opposing Phace lost 24% of its health!)</small><br></div><div class="spacer battle-history"><br></div><div class="battle-history">[The opposing Phace's Poison Heal]<br><small>The opposing Phace had its HP restored.</small><br></div><div class="spacer battle-history"><br></div><h2 class="battle-history">Turn 15</h2><div class="spacer battle-history"><br></div><div class="battle-history">H2OPulse withdrew Phace!<br></div><div class="battle-history">H2OPulse sent out Raffles (<strong>Vileplume</strong>)!<br></div><div class="battle-history"><small>Pointed stones dug into the opposing Raffles!</small><br></div><div class="spacer battle-history"><br></div><div class="battle-history">Dara used <strong>Dragon Tail</strong>!<br></div><div class="battle-history"><small>(The opposing Raffles lost 14% of its health!)</small><br></div><div class="spacer battle-history"><br></div><div class="battle-history">Phace (<strong>Gliscor</strong>) was dragged out!<br></div><div class="battle-history"><small>Pointed stones dug into the opposing Phace!</small><br></div><div class="spacer battle-history"><br></div><div class="battle-history">[The opposing Phace's Poison Heal]<br><small>The opposing Phace had its HP restored.</small><br></div><div class="spacer battle-history"><br></div><h2 class="battle-history">Turn 16</h2><div class="chat chatmessage-h2opulse"><strong style="color:#6e8c2b"><small>☆</small><span class="username" data-name="H2OPulse">H2OPulse</span>:</strong> <em>okay</em></div><div class="chat chatmessage-inkbug1 mine"><strong style="color:#e46e0f"><small>☆</small><span class="username" data-name="inkbug1">inkbug1</span>:</strong> <em>ajsdasd</em></div><div class="spacer battle-history"><br></div><div class="battle-history">The opposing Phace used <strong>Earthquake</strong>!<br></div><div class="battle-history"><small>(Dara lost <abbr title="−114/334">34.1%</abbr> of its health!)</small><br></div><div class="spacer battle-history"><br></div><div class="battle-history">Dara is paralyzed! It can't move!<br></div><div class="spacer battle-history"><br></div><div class="battle-history">[The opposing Phace's Poison Heal]<br><small>The opposing Phace had its HP restored.</small><br></div><div class="spacer battle-history"><br></div><h2 class="battle-history">Turn 17</h2><div class="spacer battle-history"><br></div><div class="battle-history">The opposing Phace used <strong>Earthquake</strong>!<br></div><div class="battle-history"><small>(Dara lost <abbr title="−97/334">29.0%</abbr> of its health!)</small><br></div><div class="spacer battle-history"><br></div><div class="battle-history">Dara fainted!<br></div><div class="spacer battle-history"><br></div><div class="battle-history">[The opposing Phace's Poison Heal]<br><small>The opposing Phace had its HP restored.</small><br></div><div class="chat chatmessage-h2opulse"><strong style="color:#6e8c2b"><small>☆</small><span class="username" data-name="H2OPulse">H2OPulse</span>:</strong> <em>wow that was</em></div><div class="chat chatmessage-h2opulse"><strong style="color:#6e8c2b"><small>☆</small><span class="username" data-name="H2OPulse">H2OPulse</span>:</strong> <em>something</em></div><div class="spacer battle-history"><br></div><div class="battle-history">Go! Grimm (<strong>Chandelure</strong>)!<br></div><div class="battle-history"><small>Pointed stones dug into Grimm!</small><br></div><div class="battle-history"><small>Grimm was caught in a sticky web!</small><br></div><div class="battle-history"><small>Grimm's Speed fell!</small><br></div><div class="spacer battle-history"><br></div><h2 class="battle-history">Turn 18</h2><div class="chat chatmessage-h2opulse"><strong style="color:#6e8c2b"><small>☆</small><span class="username" data-name="H2OPulse">H2OPulse</span>:</strong> <em>Hm okay so Nightmare Heart is scary right now but</em></div><div class="chat chatmessage-h2opulse"><strong style="color:#6e8c2b"><small>☆</small><span class="username" data-name="H2OPulse">H2OPulse</span>:</strong> <em>this is prooobably okay</em></div><div class="chat chatmessage-inkbug1 mine"><strong style="color:#e46e0f"><small>☆</small><span class="username" data-name="inkbug1">inkbug1</span>:</strong> <em>come at me.</em></div><div class="spacer battle-history"><br></div><div class="battle-history"><small>Grimm's Chandelite is reacting to the Key Stone!</small><br>Grimm has Mega Evolved into Mega Chandelure!<br></div><div class="chat"><ul class="utilichart"><li class="result"><span class="col pokemonnamecol" style="white-space: nowrap">Chandelure-Mega</span> <span class="col typecol"><img src="https://play.pokemonshowdown.com/sprites/types/Ghost.png" alt="Ghost" height="14" width="32"><img src="https://play.pokemonshowdown.com/sprites/types/Fire.png" alt="Fire" height="14" width="32"></span> <span style="float: left ; min-height: 26px"><span class="col abilitycol">Nightmare Heart</span><span class="col abilitycol"></span></span><span style="float: left ; min-height: 26px"><span class="col statcol"><em>HP</em><br>60</span> <span class="col statcol"><em>Atk</em><br>57</span> <span class="col statcol"><em>Def</em><br>108</span> <span class="col statcol"><em>SpA</em><br>185</span> <span class="col statcol"><em>SpD</em><br>108</span> <span class="col statcol"><em>Spe</em><br>102</span> </span></li><li style="clear: both"></li></ul></div><div class="spacer battle-history"><br></div><div class="battle-history">The opposing Phace used <strong>Earthquake</strong>!<br></div><div class="battle-history"><small>It's super effective!</small><br></div><div class="battle-history"><small>(Grimm lost <abbr title="−196/261">75.1%</abbr> of its health!)</small><br></div><div class="spacer battle-history"><br></div><div class="battle-history">Grimm fainted!<br></div><div class="battle-history"><small>The opposing Phace cut its own HP and put a curse on the opposing Phace!</small><br></div><div class="battle-history">[The opposing Phace's Nightmare Heart]<br><small>The opposing Phace acquired Nightmare Heart!</small><br></div><div class="spacer battle-history"><br></div><div class="battle-history"><small>The opposing Phace was hurt by poison!</small><br></div><div class="battle-history"><small>The opposing Phace is afflicted by the curse!</small><br></div><div class="chat chatmessage-inkbug1 mine"><strong style="color:#e46e0f"><small>☆</small><span class="username" data-name="inkbug1">inkbug1</span>:</strong> <em>yesl.</em></div><div class="spacer battle-history"><br></div><div class="battle-history">Go! Dustin (<strong>Dugtrio-Alola</strong>)!<br></div><div class="battle-history"><small>Dustin was caught in a sticky web!</small><br></div><div class="battle-history"><small>Dustin's Speed fell!</small><br></div><div class="battle-history"><small>Pointed stones dug into Dustin!</small><br></div><div class="spacer battle-history"><br></div><h2 class="battle-history">Turn 19</h2><div class="chat chatmessage-h2opulse"><strong style="color:#6e8c2b"><small>☆</small><span class="username" data-name="H2OPulse">H2OPulse</span>:</strong> <em>Oh huh are you not Speed-inveoHHHH I FORGOT MY OWN WEBS</em></div><div class="chat chatmessage-h2opulse"><strong style="color:#6e8c2b"><small>☆</small><span class="username" data-name="H2OPulse">H2OPulse</span>:</strong> <em>okay</em></div><div class="spacer battle-history"><br></div><div class="battle-history">Dustin used <strong>Sucker Punch</strong>!<br></div><div class="battle-history"><small>(The opposing Phace lost 17% of its health!)</small><br></div><div class="spacer battle-history"><br></div><div class="battle-history">The opposing Phace used <strong>Earthquake</strong>!<br></div><div class="battle-history"><small>It's super effective!</small><br></div><div class="battle-history"><small>(Dustin lost <abbr title="−205/211">97.2%</abbr> of its health!)</small><br></div><div class="spacer battle-history"><br></div><div class="battle-history">Dustin fainted!<br></div><div class="spacer battle-history"><br></div><div class="battle-history"><strong>H2OPulse</strong> won the battle!<br></div><div class="chat chatmessage-inkbug1 mine"><strong style="color:#e46e0f"><small>☆</small><span class="username" data-name="inkbug1">inkbug1</span>:</strong> <em>sfsdf</em></div><div class="chat chatmessage-h2opulse"><strong style="color:#6e8c2b"><small>☆</small><span class="username" data-name="H2OPulse">H2OPulse</span>:</strong> <em>In any case good game :'D</em></div><div class="chat chatmessage-inkbug1 mine"><strong style="color:#e46e0f"><small>☆</small><span class="username" data-name="inkbug1">inkbug1</span>:</strong> <em>ow</em></div><div class="chat chatmessage-inkbug1 mine"><strong style="color:#e46e0f"><small>☆</small><span class="username" data-name="inkbug1">inkbug1</span>:</strong> <em>gg</em></div><div class="chat chatmessage-inkbug1 mine"><strong style="color:#e46e0f"><small>☆</small><span class="username" data-name="inkbug1">inkbug1</span>:</strong> <em>did not play that well huh</em></div><div class="chat chatmessage-inkbug1 mine"><strong style="color:#e46e0f"><small>☆</small><span class="username" data-name="inkbug1">inkbug1</span>:</strong> <em>WHAT else i got</em></div></div><div class="inner-preempt message-log"></div></div></div>
</div>
<script>
let daily = Math.floor(Date.now()/1000/60/60/24);document.write('<script src="https://dragonheaven.herokuapp.com/js/replay-embed.js?version'+daily+'"></'+'script>');
</script>
