<!DOCTYPE html>
<meta charset="utf-8" />
<!-- version 1 -->
<title>[Gen 8] Megas for All replay: BlaueBrause vs. exploziff</title>
<style>
html,body {font-family:Verdana, sans-serif;font-size:10pt;margin:0;padding:0;}body{padding:12px 0;} .battle-log {font-family:Verdana, sans-serif;font-size:10pt;} .battle-log-inline {border:1px solid #AAAAAA;background:#EEF2F5;color:black;max-width:640px;margin:0 auto 80px;padding-bottom:5px;} .battle-log .inner {padding:4px 8px 0px 8px;} .battle-log .inner-preempt {padding:0 8px 4px 8px;} .battle-log .inner-after {margin-top:0.5em;} .battle-log h2 {margin:0.5em -8px;padding:4px 8px;border:1px solid #AAAAAA;background:#E0E7EA;border-left:0;border-right:0;font-family:Verdana, sans-serif;font-size:13pt;} .battle-log .chat {vertical-align:middle;padding:3px 0 3px 0;font-size:8pt;} .battle-log .chat strong {color:#40576A;} .battle-log .chat em {padding:1px 4px 1px 3px;color:#000000;font-style:normal;} .chat.mine {background:rgba(0,0,0,0.05);margin-left:-8px;margin-right:-8px;padding-left:8px;padding-right:8px;} .spoiler {color:#BBBBBB;background:#BBBBBB;padding:0px 3px;} .spoiler:hover, .spoiler:active, .spoiler-shown {color:#000000;background:#E2E2E2;padding:0px 3px;} .spoiler a {color:#BBBBBB;} .spoiler:hover a, .spoiler:active a, .spoiler-shown a {color:#2288CC;} .chat code, .chat .spoiler:hover code, .chat .spoiler:active code, .chat .spoiler-shown code {border:1px solid #C0C0C0;background:#EEEEEE;color:black;padding:0 2px;} .chat .spoiler code {border:1px solid #CCCCCC;background:#CCCCCC;color:#CCCCCC;} .battle-log .rated {padding:3px 4px;} .battle-log .rated strong {color:white;background:#89A;padding:1px 4px;border-radius:4px;} .spacer {margin-top:0.5em;} .message-announce {background:#6688AA;color:white;padding:1px 4px 2px;} .message-announce a, .broadcast-green a, .broadcast-blue a, .broadcast-red a {color:#DDEEFF;} .broadcast-green {background-color:#559955;color:white;padding:2px 4px;} .broadcast-blue {background-color:#6688AA;color:white;padding:2px 4px;} .infobox {border:1px solid #6688AA;padding:2px 4px;} .infobox-limited {max-height:200px;overflow:auto;overflow-x:hidden;} .broadcast-red {background-color:#AA5544;color:white;padding:2px 4px;} .message-learn-canlearn {font-weight:bold;color:#228822;text-decoration:underline;} .message-learn-cannotlearn {font-weight:bold;color:#CC2222;text-decoration:underline;} .message-effect-weak {font-weight:bold;color:#CC2222;} .message-effect-resist {font-weight:bold;color:#6688AA;} .message-effect-immune {font-weight:bold;color:#666666;} .message-learn-list {margin-top:0;margin-bottom:0;} .message-throttle-notice, .message-error {color:#992222;} .message-overflow, .chat small.message-overflow {font-size:0pt;} .message-overflow::before {font-size:9pt;content:'...';} .subtle {color:#3A4A66;}
</style>
<div class="wrapper replay-wrapper" style="max-width:1180px;margin:0 auto">
<input type="hidden" name="replayid" value="dragonheaven-gen8megasforall-308" />
<div class="battle"></div><div class="battle-log"></div><div class="replay-controls"></div><div class="replay-controls-2"></div>
<h1 style="font-weight:normal;text-align:center"><strong>[Gen 8] Megas for All</strong><br /><a href="http://pokemonshowdown.com/users/blauebrause" class="subtle" target="_blank">BlaueBrause</a> vs. <a href="http://pokemonshowdown.com/users/exploziff" class="subtle" target="_blank">exploziff</a></h1>
<script type="text/plain" class="battle-log-data">|j|☆BlaueBrause
|j|☆exploziff
|t:|1615750838
|player|p1|BlaueBrause|psychic|
|player|p2|exploziff|170|
|teamsize|p1|6
|teamsize|p2|6
|gametype|singles
|gen|8
|tier|[Gen 8] Megas for All
|clearpoke
|poke|p1|Araquanid, F|
|poke|p1|Nidoqueen, F|
|poke|p1|Slowking, F|
|poke|p1|Weavile, F|
|poke|p1|Zapdos|
|poke|p1|Victini|
|poke|p2|Drapion, F|
|poke|p2|Tapu Bulu|
|poke|p2|Heatran, M|
|poke|p2|Breloom, M|
|poke|p2|Nidoqueen, F|
|poke|p2|Zapdos|
|rule|HP Percentage Mod: HP is shown in percentages
|rule|Endless Battle Clause: Forcing endless battles is banned
|rule|OHKO Clause: OHKO moves are banned
|rule|Evasion Moves Clause: Evasion moves are banned
|rule|Species Clause: Limit one of each Pokémon
|rule|Dynamax Clause: You cannot dynamax
|rule|Sleep Clause Mod: Limit one foe put to sleep
|rule|Freeze Clause Mod: Limit one foe frozen
|raw|<img src="https:\/\/www.smogon.com\/forums\/attachments\/banner_2-png.302358\/" height="65" width="381">
|-message|Welcome to Megas for All!
|-message|This is a National Dex-based format where we aim to give a new Mega Evolution to every Pokémon.
|-message|Just like any official format, you can still only Mega Evolve one Pokémon per team!
|-message|You can find our thread and metagame resources here:
|-message|https:\/\/www.smogon.com\/forums\/threads\/3671140\/
|teampreview
|j|+inkbug1

|c|☆BlaueBrause|glhf!
|c|☆exploziff|gl hf
|
|t:|1615750858
|start
|switch|p1a: Guitar Hero|Zapdos|100\/100
|switch|p2a: Nidoqueen|Nidoqueen, F|100\/100
|turn|1
|
|t:|1615750865
|move|p1a: Guitar Hero|Hurricane|p2a: Nidoqueen|[miss]
|-miss|p1a: Guitar Hero|p2a: Nidoqueen
|move|p2a: Nidoqueen|Stealth Rock|p1a: Guitar Hero
|-sidestart|p1: BlaueBrause|move: Stealth Rock
|
|upkeep
|turn|2
|
|t:|1615750874
|move|p1a: Guitar Hero|Hurricane|p2a: Nidoqueen
|-damage|p2a: Nidoqueen|51\/100
|move|p2a: Nidoqueen|Ice Beam|p1a: Guitar Hero
|-supereffective|p1a: Guitar Hero
|-crit|p1a: Guitar Hero
|-damage|p1a: Guitar Hero|35\/100
|
|-heal|p2a: Nidoqueen|57\/100|[from] item: Black Sludge
|upkeep
|turn|3
|
|t:|1615750884
|move|p1a: Guitar Hero|Hurricane|p2a: Nidoqueen
|-damage|p2a: Nidoqueen|9\/100
|move|p2a: Nidoqueen|Earth Power|p1a: Guitar Hero
|-immune|p1a: Guitar Hero
|
|-heal|p2a: Nidoqueen|16\/100|[from] item: Black Sludge
|upkeep
|turn|4
|
|t:|1615750891
|switch|p2a: Heatran|Heatran, M|100\/100
|move|p1a: Guitar Hero|Hurricane|p2a: Heatran
|-resisted|p2a: Heatran
|-crit|p2a: Heatran
|-damage|p2a: Heatran|66\/100
|
|upkeep
|turn|5
|
|t:|1615750902
|move|p2a: Heatran|Magma Storm|p1a: Guitar Hero
|-crit|p1a: Guitar Hero
|-damage|p1a: Guitar Hero|0 fnt
|faint|p1a: Guitar Hero
|
|upkeep
|
|t:|1615750908
|switch|p1a: My Immortal|Araquanid, F|100\/100
|-damage|p1a: My Immortal|76\/100|[from] Stealth Rock
|turn|6
|
|t:|1615750914
|switch|p2a: Tapu Bulu|Tapu Bulu|100\/100
|-fieldstart|move: Grassy Terrain|[from] ability: Grassy Surge|[of] p2a: Tapu Bulu
|detailschange|p1a: My Immortal|Araquanid-Mega, F
|-mega|p1a: My Immortal|Araquanid|Araquanite
|-start|p1a: My Immortal|typechange|Water\/Bug|[silent]
|raw|<ul class="utilichart"><li class="result"><span class="col pokemonnamecol" style="white-space: nowrap">Araquanid-Mega<\/span> <span class="col typecol"><img src="https:\/\/play.pokemonshowdown.com\/sprites\/types\/Water.png" alt="Water" height="14" width="32"><img src="https:\/\/play.pokemonshowdown.com\/sprites\/types\/Bug.png" alt="Bug" height="14" width="32"><\/span> <span style="float: left ; min-height: 26px"><span class="col abilitycol">Body of Water<\/span><span class="col abilitycol"><\/span><\/span><span style="float: left ; min-height: 26px"><span class="col statcol"><em>HP<\/em><br>68<\/span> <span class="col statcol"><em>Atk<\/em><br>70<\/span> <span class="col statcol"><em>Def<\/em><br>147<\/span> <span class="col statcol"><em>SpA<\/em><br>50<\/span> <span class="col statcol"><em>SpD<\/em><br>177<\/span> <span class="col statcol"><em>Spe<\/em><br>42<\/span> <\/span><\/li><li style="clear: both"><\/li><\/ul>
|move|p1a: My Immortal|Substitute|p1a: My Immortal
|-start|p1a: My Immortal|Substitute
|-damage|p1a: My Immortal|51\/100
|
|-heal|p1a: My Immortal|57\/100|[from] Grassy Terrain
|upkeep
|turn|7
|
|t:|1615750923
|move|p2a: Tapu Bulu|Substitute|p2a: Tapu Bulu
|-start|p2a: Tapu Bulu|Substitute
|-damage|p2a: Tapu Bulu|76\/100
|move|p1a: My Immortal|Scald|p2a: Tapu Bulu
|-resisted|p2a: Tapu Bulu
|-end|p2a: Tapu Bulu|Substitute
|
|-heal|p2a: Tapu Bulu|82\/100|[from] item: Leftovers
|-heal|p2a: Tapu Bulu|88\/100|[from] Grassy Terrain
|-heal|p1a: My Immortal|63\/100|[from] Grassy Terrain
|upkeep
|turn|8
|
|t:|1615750935
|move|p2a: Tapu Bulu|Horn Leech|p1a: My Immortal
|-end|p1a: My Immortal|Substitute
|-heal|p2a: Tapu Bulu|99\/100|[from] drain|[of] p1a: My Immortal
|move|p1a: My Immortal|Scald|p2a: Tapu Bulu
|-resisted|p2a: Tapu Bulu
|-damage|p2a: Tapu Bulu|72\/100
|
|-heal|p2a: Tapu Bulu|79\/100|[from] item: Leftovers
|-heal|p2a: Tapu Bulu|85\/100|[from] Grassy Terrain
|-heal|p1a: My Immortal|70\/100|[from] Grassy Terrain
|upkeep
|turn|9
|
|t:|1615750946
|switch|p1a: Jane|Nidoqueen, F|100\/100
|-damage|p1a: Jane|94\/100|[from] Stealth Rock
|move|p2a: Tapu Bulu|Horn Leech|p1a: Jane
|-damage|p1a: Jane|60\/100
|-heal|p2a: Tapu Bulu|100\/100|[from] drain|[of] p1a: Jane
|-damage|p2a: Tapu Bulu|84\/100|[from] item: Rocky Helmet|[of] p1a: Jane
|
|-heal|p2a: Tapu Bulu|90\/100|[from] item: Leftovers
|-heal|p2a: Tapu Bulu|96\/100|[from] Grassy Terrain
|-heal|p1a: Jane|66\/100|[from] Grassy Terrain
|upkeep
|turn|10
|
|t:|1615750963
|switch|p2a: Zapdos|Zapdos|100\/100
|move|p1a: Jane|Taunt|p2a: Zapdos
|-start|p2a: Zapdos|move: Taunt
|
|-heal|p1a: Jane|72\/100|[from] Grassy Terrain
|-fieldend|move: Grassy Terrain
|upkeep
|turn|11
|
|t:|1615750972
|move|p2a: Zapdos|Heat Wave|p1a: Jane
|-damage|p1a: Jane|47\/100
|move|p1a: Jane|Stealth Rock|p2a: Zapdos
|-sidestart|p2: exploziff|move: Stealth Rock
|
|upkeep
|turn|12
|
|t:|1615750977
|move|p2a: Zapdos|Heat Wave|p1a: Jane
|-damage|p1a: Jane|26\/100
|move|p1a: Jane|Milk Drink|p1a: Jane
|-heal|p1a: Jane|76\/100
|
|-end|p2a: Zapdos|move: Taunt
|upkeep
|turn|13
|
|t:|1615750985
|move|p2a: Zapdos|Defog|p1a: Jane
|-unboost|p1a: Jane|evasion|1
|-sideend|p1: BlaueBrause|Stealth Rock|[from] move: Defog|[of] p2a: Zapdos
|-sideend|p2: exploziff|Stealth Rock|[from] move: Defog|[of] p2a: Zapdos
|move|p1a: Jane|Milk Drink|p1a: Jane
|-heal|p1a: Jane|100\/100
|
|upkeep
|turn|14
|
|t:|1615751000
|switch|p2a: Nidoqueen|Nidoqueen, F|16\/100
|move|p1a: Jane|Taunt|p2a: Nidoqueen
|-start|p2a: Nidoqueen|move: Taunt
|
|-heal|p2a: Nidoqueen|22\/100|[from] item: Black Sludge
|upkeep
|turn|15
|
|t:|1615751007
|move|p1a: Jane|Earthquake|p2a: Nidoqueen
|-supereffective|p2a: Nidoqueen
|-damage|p2a: Nidoqueen|0 fnt
|faint|p2a: Nidoqueen
|
|upkeep
|
|t:|1615751012
|switch|p2a: Breloom|Breloom, M|100\/100
|turn|16
|
|t:|1615751021
|move|p2a: Breloom|Swords Dance|p2a: Breloom
|-boost|p2a: Breloom|atk|2
|move|p1a: Jane|Taunt|p2a: Breloom
|-start|p2a: Breloom|move: Taunt
|
|upkeep
|turn|17
|
|t:|1615751027
|move|p2a: Breloom|Bullet Seed|p1a: Jane
|-damage|p1a: Jane|57\/100
|-damage|p1a: Jane|17\/100
|-damage|p1a: Jane|0 fnt
|-hitcount|p1a: Jane|3
|-damage|p2a: Breloom|91\/100|[from] item: Life Orb
|faint|p1a: Jane
|
|upkeep
|
|t:|1615751038
|switch|p1a: Out of the Blue|Weavile, F|100\/100
|-ability|p1a: Out of the Blue|Pressure
|turn|18
|
|t:|1615751044
|switch|p2a: Drapion|Drapion, F|100\/100
|move|p1a: Out of the Blue|Ice Shard|p2a: Drapion
|-damage|p2a: Drapion|69\/100
|
|upkeep
|turn|19
|
|t:|1615751060
|switch|p1a: Louis|Slowking, F|100\/100
|detailschange|p2a: Drapion|Drapion-Mega, F
|-mega|p2a: Drapion|Drapion|Drapionite
|-start|p2a: Drapion|typechange|Poison\/Dark|[silent]
|raw|<ul class="utilichart"><li class="result"><span class="col pokemonnamecol" style="white-space: nowrap">Drapion-Mega<\/span> <span class="col typecol"><img src="https:\/\/play.pokemonshowdown.com\/sprites\/types\/Poison.png" alt="Poison" height="14" width="32"><img src="https:\/\/play.pokemonshowdown.com\/sprites\/types\/Dark.png" alt="Dark" height="14" width="32"><\/span> <span style="float: left ; min-height: 26px"><span class="col abilitycol">Steelbreaker<\/span><span class="col abilitycol"><\/span><\/span><span style="float: left ; min-height: 26px"><span class="col statcol"><em>HP<\/em><br>70<\/span> <span class="col statcol"><em>Atk<\/em><br>130<\/span> <span class="col statcol"><em>Def<\/em><br>150<\/span> <span class="col statcol"><em>SpA<\/em><br>60<\/span> <span class="col statcol"><em>SpD<\/em><br>105<\/span> <span class="col statcol"><em>Spe<\/em><br>85<\/span> <\/span><\/li><li style="clear: both"><\/li><\/ul>
|move|p2a: Drapion|Shore Up|p2a: Drapion
|-heal|p2a: Drapion|100\/100
|
|upkeep
|turn|20
|
|t:|1615751067
|move|p2a: Drapion|Knock Off|p1a: Louis
|-supereffective|p1a: Louis
|-damage|p1a: Louis|0 fnt
|-enditem|p1a: Louis|Heavy-Duty Boots|[from] move: Knock Off|[of] p2a: Drapion
|faint|p1a: Louis
|
|upkeep
|
|t:|1615751072
|switch|p1a: My Immortal|Araquanid-Mega, F|70\/100
|-start|p1a: My Immortal|typechange|Water\/Bug|[silent]
|turn|21
|
|t:|1615751076
|switch|p2a: Tapu Bulu|Tapu Bulu|96\/100
|-fieldstart|move: Grassy Terrain|[from] ability: Grassy Surge|[of] p2a: Tapu Bulu
|move|p1a: My Immortal|Scald|p2a: Tapu Bulu
|-resisted|p2a: Tapu Bulu
|-damage|p2a: Tapu Bulu|68\/100
|
|-heal|p2a: Tapu Bulu|74\/100|[from] item: Leftovers
|-heal|p2a: Tapu Bulu|80\/100|[from] Grassy Terrain
|-heal|p1a: My Immortal|76\/100|[from] Grassy Terrain
|upkeep
|turn|22
|
|t:|1615751087
|switch|p1a: Nimm zwei!|Victini|100\/100
|move|p2a: Tapu Bulu|Horn Leech|p1a: Nimm zwei!
|-resisted|p1a: Nimm zwei!
|-damage|p1a: Nimm zwei!|81\/100
|-heal|p2a: Tapu Bulu|90\/100|[from] drain|[of] p1a: Nimm zwei!
|
|-heal|p1a: Nimm zwei!|87\/100|[from] Grassy Terrain
|-heal|p2a: Tapu Bulu|96\/100|[from] item: Leftovers
|-heal|p2a: Tapu Bulu|100\/100|[from] Grassy Terrain
|upkeep
|turn|23
|
|t:|1615751097
|switch|p2a: Zapdos|Zapdos|100\/100
|move|p1a: Nimm zwei!|V-create|p2a: Zapdos
|-damage|p2a: Zapdos|22\/100
|-unboost|p1a: Nimm zwei!|spe|1
|-unboost|p1a: Nimm zwei!|def|1
|-unboost|p1a: Nimm zwei!|spd|1
|
|-heal|p1a: Nimm zwei!|93\/100|[from] Grassy Terrain
|upkeep
|turn|24
|
|t:|1615751106
|move|p2a: Zapdos|Roost|p2a: Zapdos
|-heal|p2a: Zapdos|72\/100
|-singleturn|p2a: Zapdos|move: Roost
|move|p1a: Nimm zwei!|V-create|p2a: Zapdos
|-damage|p2a: Zapdos|0 fnt
|-unboost|p1a: Nimm zwei!|spe|1
|-unboost|p1a: Nimm zwei!|def|1
|-unboost|p1a: Nimm zwei!|spd|1
|faint|p2a: Zapdos
|
|-heal|p1a: Nimm zwei!|99\/100|[from] Grassy Terrain
|upkeep
|
|t:|1615751113
|switch|p2a: Drapion|Drapion-Mega, F|100\/100
|-start|p2a: Drapion|typechange|Poison\/Dark|[silent]
|turn|25
|c|☆BlaueBrause|quite a fast one
|
|t:|1615751119
|switch|p1a: My Immortal|Araquanid-Mega, F|76\/100
|-start|p1a: My Immortal|typechange|Water\/Bug|[silent]
|move|p2a: Drapion|Knock Off|p1a: My Immortal
|-damage|p1a: My Immortal|49\/100
|
|-heal|p1a: My Immortal|55\/100|[from] Grassy Terrain
|-fieldend|move: Grassy Terrain
|upkeep
|turn|26
|
|t:|1615751127
|switch|p2a: Tapu Bulu|Tapu Bulu|100\/100
|-fieldstart|move: Grassy Terrain|[from] ability: Grassy Surge|[of] p2a: Tapu Bulu
|move|p1a: My Immortal|Scald|p2a: Tapu Bulu
|-resisted|p2a: Tapu Bulu
|-damage|p2a: Tapu Bulu|74\/100
|
|-heal|p2a: Tapu Bulu|80\/100|[from] item: Leftovers
|-heal|p2a: Tapu Bulu|86\/100|[from] Grassy Terrain
|-heal|p1a: My Immortal|61\/100|[from] Grassy Terrain
|upkeep
|turn|27
|
|t:|1615751139
|move|p2a: Tapu Bulu|Horn Leech|p1a: My Immortal
|-damage|p1a: My Immortal|30\/100
|-heal|p2a: Tapu Bulu|100\/100|[from] drain|[of] p1a: My Immortal
|move|p1a: My Immortal|Scald|p2a: Tapu Bulu
|-resisted|p2a: Tapu Bulu
|-damage|p2a: Tapu Bulu|74\/100
|-status|p2a: Tapu Bulu|brn
|
|-heal|p2a: Tapu Bulu|80\/100 brn|[from] item: Leftovers
|-heal|p2a: Tapu Bulu|86\/100 brn|[from] Grassy Terrain
|-heal|p1a: My Immortal|36\/100|[from] Grassy Terrain
|-damage|p2a: Tapu Bulu|80\/100 brn|[from] brn
|upkeep
|turn|28
|
|t:|1615751153
|switch|p1a: Nimm zwei!|Victini|99\/100
|move|p2a: Tapu Bulu|Swords Dance|p2a: Tapu Bulu
|-boost|p2a: Tapu Bulu|atk|2
|
|-heal|p1a: Nimm zwei!|100\/100|[from] Grassy Terrain
|-heal|p2a: Tapu Bulu|86\/100 brn|[from] item: Leftovers
|-heal|p2a: Tapu Bulu|92\/100 brn|[from] Grassy Terrain
|-damage|p2a: Tapu Bulu|86\/100 brn|[from] brn
|upkeep
|turn|29
|
|t:|1615751164
|switch|p2a: Heatran|Heatran, M|66\/100
|move|p1a: Nimm zwei!|U-turn|p2a: Heatran
|-resisted|p2a: Heatran
|-damage|p2a: Heatran|61\/100
|
|t:|1615751169
|switch|p1a: My Immortal|Araquanid-Mega, F|36\/100|[from]move: U-turn
|-start|p1a: My Immortal|typechange|Water\/Bug|[silent]
|
|-heal|p2a: Heatran|67\/100|[from] Grassy Terrain
|-heal|p1a: My Immortal|43\/100|[from] Grassy Terrain
|upkeep
|turn|30
|
|t:|1615751176
|switch|p2a: Tapu Bulu|Tapu Bulu|86\/100 brn
|move|p1a: My Immortal|Scald|p2a: Tapu Bulu
|-resisted|p2a: Tapu Bulu
|-damage|p2a: Tapu Bulu|58\/100 brn
|
|-heal|p2a: Tapu Bulu|64\/100 brn|[from] item: Leftovers
|-heal|p2a: Tapu Bulu|71\/100 brn|[from] Grassy Terrain
|-heal|p1a: My Immortal|49\/100|[from] Grassy Terrain
|-fieldend|move: Grassy Terrain
|-damage|p2a: Tapu Bulu|64\/100 brn|[from] brn
|upkeep
|turn|31
|
|t:|1615751188
|switch|p1a: Nimm zwei!|Victini|100\/100
|move|p2a: Tapu Bulu|Horn Leech|p1a: Nimm zwei!
|-resisted|p1a: Nimm zwei!
|-damage|p1a: Nimm zwei!|93\/100
|-heal|p2a: Tapu Bulu|69\/100 brn|[from] drain|[of] p1a: Nimm zwei!
|
|-heal|p2a: Tapu Bulu|75\/100 brn|[from] item: Leftovers
|-damage|p2a: Tapu Bulu|69\/100 brn|[from] brn
|upkeep
|turn|32
|
|t:|1615751198
|move|p1a: Nimm zwei!|V-create|p2a: Tapu Bulu
|-supereffective|p2a: Tapu Bulu
|-damage|p2a: Tapu Bulu|0 fnt
|-unboost|p1a: Nimm zwei!|spe|1
|-unboost|p1a: Nimm zwei!|def|1
|-unboost|p1a: Nimm zwei!|spd|1
|faint|p2a: Tapu Bulu
|
|upkeep
|
|t:|1615751201
|switch|p2a: Drapion|Drapion-Mega, F|100\/100
|-start|p2a: Drapion|typechange|Poison\/Dark|[silent]
|turn|33
|
|t:|1615751213
|move|p1a: Nimm zwei!|V-create|p2a: Drapion
|-damage|p2a: Drapion|33\/100
|-unboost|p1a: Nimm zwei!|spe|1
|-unboost|p1a: Nimm zwei!|def|1
|-unboost|p1a: Nimm zwei!|spd|1
|move|p2a: Drapion|Poison Jab|p1a: Nimm zwei!
|-damage|p1a: Nimm zwei!|2\/100
|-status|p1a: Nimm zwei!|psn
|
|-damage|p1a: Nimm zwei!|0 fnt|[from] psn
|faint|p1a: Nimm zwei!
|upkeep
|
|t:|1615751226
|switch|p1a: My Immortal|Araquanid-Mega, F|49\/100
|-start|p1a: My Immortal|typechange|Water\/Bug|[silent]
|turn|34
|
|t:|1615751231
|move|p2a: Drapion|Poison Jab|p1a: My Immortal
|-damage|p1a: My Immortal|20\/100
|move|p1a: My Immortal|Scald|p2a: Drapion
|-crit|p2a: Drapion
|-damage|p2a: Drapion|0 fnt
|faint|p2a: Drapion
|
|upkeep
|
|t:|1615751235
|switch|p2a: Breloom|Breloom, M|91\/100
|turn|35
|
|t:|1615751245
|move|p2a: Breloom|Bullet Seed|p1a: My Immortal
|-damage|p1a: My Immortal|1\/100
|-damage|p1a: My Immortal|0 fnt
|-hitcount|p1a: My Immortal|2
|-damage|p2a: Breloom|81\/100|[from] item: Life Orb
|faint|p1a: My Immortal
|
|upkeep
|c|☆BlaueBrause|gg
|
|t:|1615751252
|switch|p1a: Out of the Blue|Weavile, F|100\/100
|-ability|p1a: Out of the Blue|Pressure
|turn|36
|c|☆exploziff|gg
|
|t:|1615751257
|move|p1a: Out of the Blue|Ice Shard|p2a: Breloom
|-supereffective|p2a: Breloom
|-damage|p2a: Breloom|0 fnt
|faint|p2a: Breloom
|
|upkeep
|
|t:|1615751259
|switch|p2a: Heatran|Heatran, M|67\/100
|turn|37
|
|t:|1615751263
|move|p1a: Out of the Blue|Ice Shard|p2a: Heatran
|-resisted|p2a: Heatran
|-damage|p2a: Heatran|59\/100
|move|p2a: Heatran|Flash Cannon|p1a: Out of the Blue
|-supereffective|p1a: Out of the Blue
|-crit|p1a: Out of the Blue
|-damage|p1a: Out of the Blue|0 fnt
|faint|p1a: Out of the Blue
|
|win|exploziff
|c|☆exploziff|that was close
|j| paulluxx9000
|l| paulluxx9000
|l|☆BlaueBrause
|l|☆exploziff</script>
</div>
<div class="battle-log battle-log-inline"><div class="inner"><div class="battle-options"><div style="padding-top: 3px; padding-right: 3px; text-align: right"><button class="icon button" name="openBattleOptions" title="Options">Battle Options</button></div></div><div class="inner message-log"><div class="chat"><small>☆BlaueBrause and ☆exploziff joined</small></div><div class=""><small>Format:</small> <br><strong>[Gen 8] Megas for All</strong></div><div class=""><small><em>HP Percentage Mod:</em> HP is shown in percentages</small></div><div class=""><small><em>Endless Battle Clause:</em> Forcing endless battles is banned</small></div><div class=""><small><em>OHKO Clause:</em> OHKO moves are banned</small></div><div class=""><small><em>Evasion Moves Clause:</em> Evasion moves are banned</small></div><div class=""><small><em>Species Clause:</em> Limit one of each Pokémon</small></div><div class=""><small><em>Dynamax Clause:</em> You cannot dynamax</small></div><div class=""><small><em>Sleep Clause Mod:</em> Limit one foe put to sleep</small></div><div class=""><small><em>Freeze Clause Mod:</em> Limit one foe frozen</small></div><div class="chat"><img src="https://www.smogon.com/forums/attachments/banner_2-png.302358/" height="65" width="381"></div><div class="spacer battle-history"><br></div><div class="battle-history"><small>Welcome to Megas for All!</small><br></div><div class="battle-history"><small>This is a National Dex-based format where we aim to give a new Mega Evolution to every Pokémon.</small><br></div><div class="battle-history"><small>Just like any official format, you can still only Mega Evolve one Pokémon per team!</small><br></div><div class="battle-history"><small>You can find our thread and metagame resources here:</small><br></div><div class="battle-history"><small>https://www.smogon.com/forums/threads/3671140/</small><br></div><div class="chat battle-history"><strong>BlaueBrause's team:</strong> <em style="color:#445566;display:block;">Araquanid / Nidoqueen / Slowking / Weavile / Zapdos / Victini</em></div><div class="chat battle-history"><strong>exploziff's team:</strong> <em style="color:#445566;display:block;">Drapion / Tapu Bulu / Heatran / Breloom / Nidoqueen / Zapdos</em></div><div class="chat"><small>+inkbug1 joined</small></div><div class="chat chatmessage-blauebrause"><strong style="color:#6b66e4"><small>☆</small><span class="username" data-name="BlaueBrause">BlaueBrause</span>:</strong> <em>glhf!</em></div><div class="chat chatmessage-exploziff"><strong style="color:#70a52f"><small>☆</small><span class="username" data-name="exploziff">exploziff</span>:</strong> <em>gl hf</em></div><div class="spacer battle-history"><br></div><div class="battle-history">Battle started between BlaueBrause and exploziff!<br></div><div class="spacer battle-history"><br></div><div class="battle-history">Go! Guitar Hero (<strong>Zapdos</strong>)!<br></div><div class="spacer battle-history"><br></div><div class="battle-history">exploziff sent out <strong>Nidoqueen</strong>!<br></div><div class="spacer battle-history"><br></div><h2 class="battle-history">Turn 1</h2><div class="spacer battle-history"><br></div><div class="battle-history">Guitar Hero used <strong>Hurricane</strong>!<br></div><div class="battle-history"><small>The opposing Nidoqueen avoided the attack!</small><br></div><div class="spacer battle-history"><br></div><div class="battle-history">The opposing Nidoqueen used <strong>Stealth Rock</strong>!<br></div><div class="battle-history"><small>Pointed stones float in the air around your team!</small><br></div><div class="spacer battle-history"><br></div><h2 class="battle-history">Turn 2</h2><div class="spacer battle-history"><br></div><div class="battle-history">Guitar Hero used <strong>Hurricane</strong>!<br></div><div class="battle-history"><small>(The opposing Nidoqueen lost 49% of its health!)</small><br></div><div class="spacer battle-history"><br></div><div class="battle-history">The opposing Nidoqueen used <strong>Ice Beam</strong>!<br></div><div class="battle-history"><small>It's super effective!</small><br></div><div class="battle-history"><small>A critical hit!</small><br></div><div class="battle-history"><small>(Guitar Hero lost 65% of its health!)</small><br></div><div class="spacer battle-history"><br></div><div class="battle-history"><small>The opposing Nidoqueen restored a little HP using its Black Sludge!</small><br></div><div class="spacer battle-history"><br></div><h2 class="battle-history">Turn 3</h2><div class="spacer battle-history"><br></div><div class="battle-history">Guitar Hero used <strong>Hurricane</strong>!<br></div><div class="battle-history"><small>(The opposing Nidoqueen lost 48% of its health!)</small><br></div><div class="spacer battle-history"><br></div><div class="battle-history">The opposing Nidoqueen used <strong>Earth Power</strong>!<br></div><div class="battle-history"><small>It doesn't affect Guitar Hero...</small><br></div><div class="spacer battle-history"><br></div><div class="battle-history"><small>The opposing Nidoqueen restored a little HP using its Black Sludge!</small><br></div><div class="spacer battle-history"><br></div><h2 class="battle-history">Turn 4</h2><div class="spacer battle-history"><br></div><div class="battle-history">exploziff withdrew Nidoqueen!<br></div><div class="battle-history">exploziff sent out <strong>Heatran</strong>!<br></div><div class="spacer battle-history"><br></div><div class="battle-history">Guitar Hero used <strong>Hurricane</strong>!<br></div><div class="battle-history"><small>It's not very effective...</small><br></div><div class="battle-history"><small>A critical hit!</small><br></div><div class="battle-history"><small>(The opposing Heatran lost 34% of its health!)</small><br></div><div class="spacer battle-history"><br></div><h2 class="battle-history">Turn 5</h2><div class="spacer battle-history"><br></div><div class="battle-history">The opposing Heatran used <strong>Magma Storm</strong>!<br></div><div class="battle-history"><small>A critical hit!</small><br></div><div class="battle-history"><small>(Guitar Hero lost 35% of its health!)</small><br></div><div class="spacer battle-history"><br></div><div class="battle-history">Guitar Hero fainted!<br></div><div class="spacer battle-history"><br></div><div class="battle-history">Go! My Immortal (<strong>Araquanid</strong>)!<br></div><div class="battle-history"><small>Pointed stones dug into My Immortal!</small><br></div><div class="spacer battle-history"><br></div><h2 class="battle-history">Turn 6</h2><div class="spacer battle-history"><br></div><div class="battle-history">exploziff withdrew Heatran!<br></div><div class="battle-history">exploziff sent out <strong>Tapu Bulu</strong>!<br></div><div class="battle-history">[The opposing Tapu Bulu's Grassy Surge]<br><small>Grass grew to cover the battlefield!</small><br></div><div class="spacer battle-history"><br></div><div class="battle-history"><small>My Immortal's Araquanite is reacting to the Key Stone!</small><br>My Immortal has Mega Evolved into Mega Araquanid!<br></div><div class="chat"><ul class="utilichart"><li class="result"><span class="col pokemonnamecol" style="white-space: nowrap">Araquanid-Mega</span> <span class="col typecol"><img src="https://play.pokemonshowdown.com/sprites/types/Water.png" alt="Water" height="14" width="32"><img src="https://play.pokemonshowdown.com/sprites/types/Bug.png" alt="Bug" height="14" width="32"></span> <span style="float: left ; min-height: 26px"><span class="col abilitycol">Body of Water</span><span class="col abilitycol"></span></span><span style="float: left ; min-height: 26px"><span class="col statcol"><em>HP</em><br>68</span> <span class="col statcol"><em>Atk</em><br>70</span> <span class="col statcol"><em>Def</em><br>147</span> <span class="col statcol"><em>SpA</em><br>50</span> <span class="col statcol"><em>SpD</em><br>177</span> <span class="col statcol"><em>Spe</em><br>42</span> </span></li><li style="clear: both"></li></ul></div><div class="spacer battle-history"><br></div><div class="battle-history">My Immortal used <strong>Substitute</strong>!<br></div><div class="battle-history"><small>My Immortal put in a substitute!</small><br></div><div class="battle-history"><small>(My Immortal lost 25% of its health!)</small><br></div><div class="spacer battle-history"><br></div><div class="battle-history"><small>My Immortal's HP was restored.</small><br></div><div class="spacer battle-history"><br></div><h2 class="battle-history">Turn 7</h2><div class="spacer battle-history"><br></div><div class="battle-history">The opposing Tapu Bulu used <strong>Substitute</strong>!<br></div><div class="battle-history"><small>The opposing Tapu Bulu put in a substitute!</small><br></div><div class="battle-history"><small>(The opposing Tapu Bulu lost 24% of its health!)</small><br></div><div class="spacer battle-history"><br></div><div class="battle-history">My Immortal used <strong>Scald</strong>!<br></div><div class="battle-history"><small>It's not very effective...</small><br></div><div class="battle-history"><small>The opposing Tapu Bulu's substitute faded!</small><br></div><div class="spacer battle-history"><br></div><div class="battle-history"><small>The opposing Tapu Bulu restored a little HP using its Leftovers!</small><br></div><div class="battle-history"><small>The opposing Tapu Bulu's HP was restored.</small><br></div><div class="battle-history"><small>My Immortal's HP was restored.</small><br></div><div class="spacer battle-history"><br></div><h2 class="battle-history">Turn 8</h2><div class="spacer battle-history"><br></div><div class="battle-history">The opposing Tapu Bulu used <strong>Horn Leech</strong>!<br></div><div class="battle-history"><small>My Immortal's substitute faded!</small><br></div><div class="battle-history"><small>My Immortal had its energy drained!</small><br></div><div class="spacer battle-history"><br></div><div class="battle-history">My Immortal used <strong>Scald</strong>!<br></div><div class="battle-history"><small>It's not very effective...</small><br></div><div class="battle-history"><small>(The opposing Tapu Bulu lost 27% of its health!)</small><br></div><div class="spacer battle-history"><br></div><div class="battle-history"><small>The opposing Tapu Bulu restored a little HP using its Leftovers!</small><br></div><div class="battle-history"><small>The opposing Tapu Bulu's HP was restored.</small><br></div><div class="battle-history"><small>My Immortal's HP was restored.</small><br></div><div class="spacer battle-history"><br></div><h2 class="battle-history">Turn 9</h2><div class="spacer battle-history"><br></div><div class="battle-history">My Immortal, come back!<br></div><div class="battle-history">Go! Jane (<strong>Nidoqueen</strong>)!<br></div><div class="battle-history"><small>Pointed stones dug into Jane!</small><br></div><div class="spacer battle-history"><br></div><div class="battle-history">The opposing Tapu Bulu used <strong>Horn Leech</strong>!<br></div><div class="battle-history"><small>(Jane lost 34% of its health!)</small><br></div><div class="battle-history"><small>Jane had its energy drained!</small><br></div><div class="battle-history"><small>The opposing Tapu Bulu was hurt by the Rocky Helmet!</small><br></div><div class="spacer battle-history"><br></div><div class="battle-history"><small>The opposing Tapu Bulu restored a little HP using its Leftovers!</small><br></div><div class="battle-history"><small>The opposing Tapu Bulu's HP was restored.</small><br></div><div class="battle-history"><small>Jane's HP was restored.</small><br></div><div class="spacer battle-history"><br></div><h2 class="battle-history">Turn 10</h2><div class="spacer battle-history"><br></div><div class="battle-history">exploziff withdrew Tapu Bulu!<br></div><div class="battle-history">exploziff sent out <strong>Zapdos</strong>!<br></div><div class="spacer battle-history"><br></div><div class="battle-history">Jane used <strong>Taunt</strong>!<br></div><div class="battle-history"><small>The opposing Zapdos fell for the taunt!</small><br></div><div class="spacer battle-history"><br></div><div class="battle-history"><small>Jane's HP was restored.</small><br></div><div class="battle-history"><small>The grass disappeared from the battlefield.</small><br></div><div class="spacer battle-history"><br></div><h2 class="battle-history">Turn 11</h2><div class="spacer battle-history"><br></div><div class="battle-history">The opposing Zapdos used <strong>Heat Wave</strong>!<br></div><div class="battle-history"><small>(Jane lost 25% of its health!)</small><br></div><div class="spacer battle-history"><br></div><div class="battle-history">Jane used <strong>Stealth Rock</strong>!<br></div><div class="battle-history"><small>Pointed stones float in the air around the opposing team!</small><br></div><div class="spacer battle-history"><br></div><h2 class="battle-history">Turn 12</h2><div class="spacer battle-history"><br></div><div class="battle-history">The opposing Zapdos used <strong>Heat Wave</strong>!<br></div><div class="battle-history"><small>(Jane lost 21% of its health!)</small><br></div><div class="spacer battle-history"><br></div><div class="battle-history">Jane used <strong>Milk Drink</strong>!<br></div><div class="battle-history"><small>Jane had its HP restored.</small><br></div><div class="spacer battle-history"><br></div><div class="battle-history"><small>The opposing Zapdos shook off the taunt!</small><br></div><div class="spacer battle-history"><br></div><h2 class="battle-history">Turn 13</h2><div class="spacer battle-history"><br></div><div class="battle-history">The opposing Zapdos used <strong>Defog</strong>!<br></div><div class="battle-history"><small>Jane's evasiveness fell!</small><br></div><div class="battle-history"><small>The pointed stones disappeared from around your team!</small><br></div><div class="battle-history"><small>The pointed stones disappeared from around the opposing team!</small><br></div><div class="spacer battle-history"><br></div><div class="battle-history">Jane used <strong>Milk Drink</strong>!<br></div><div class="battle-history"><small>Jane had its HP restored.</small><br></div><div class="spacer battle-history"><br></div><h2 class="battle-history">Turn 14</h2><div class="spacer battle-history"><br></div><div class="battle-history">exploziff withdrew Zapdos!<br></div><div class="battle-history">exploziff sent out <strong>Nidoqueen</strong>!<br></div><div class="spacer battle-history"><br></div><div class="battle-history">Jane used <strong>Taunt</strong>!<br></div><div class="battle-history"><small>The opposing Nidoqueen fell for the taunt!</small><br></div><div class="spacer battle-history"><br></div><div class="battle-history"><small>The opposing Nidoqueen restored a little HP using its Black Sludge!</small><br></div><div class="spacer battle-history"><br></div><h2 class="battle-history">Turn 15</h2><div class="spacer battle-history"><br></div><div class="battle-history">Jane used <strong>Earthquake</strong>!<br></div><div class="battle-history"><small>It's super effective!</small><br></div><div class="battle-history"><small>(The opposing Nidoqueen lost 22% of its health!)</small><br></div><div class="spacer battle-history"><br></div><div class="battle-history">The opposing Nidoqueen fainted!<br></div><div class="spacer battle-history"><br></div><div class="battle-history">exploziff sent out <strong>Breloom</strong>!<br></div><div class="spacer battle-history"><br></div><h2 class="battle-history">Turn 16</h2><div class="spacer battle-history"><br></div><div class="battle-history">The opposing Breloom used <strong>Swords Dance</strong>!<br></div><div class="battle-history"><small>The opposing Breloom's Attack rose sharply!</small><br></div><div class="spacer battle-history"><br></div><div class="battle-history">Jane used <strong>Taunt</strong>!<br></div><div class="battle-history"><small>The opposing Breloom fell for the taunt!</small><br></div><div class="spacer battle-history"><br></div><h2 class="battle-history">Turn 17</h2><div class="spacer battle-history"><br></div><div class="battle-history">The opposing Breloom used <strong>Bullet Seed</strong>!<br></div><div class="battle-history"><small>(Jane lost 43% of its health!)</small><br></div><div class="battle-history"><small>(Jane lost 40% of its health!)</small><br></div><div class="battle-history"><small>(Jane lost 17% of its health!)</small><br></div><div class="battle-history"><small>The Pokémon was hit 3 times!</small><br></div><div class="battle-history"><small>The opposing Breloom lost some of its HP!</small><br></div><div class="spacer battle-history"><br></div><div class="battle-history">Jane fainted!<br></div><div class="spacer battle-history"><br></div><div class="battle-history">Go! Out of the Blue (<strong>Weavile</strong>)!<br></div><div class="battle-history">[Out of the Blue's Pressure]<br><small>Out of the Blue is exerting its pressure!</small><br></div><div class="spacer battle-history"><br></div><h2 class="battle-history">Turn 18</h2><div class="spacer battle-history"><br></div><div class="battle-history">exploziff withdrew Breloom!<br></div><div class="battle-history">exploziff sent out <strong>Drapion</strong>!<br></div><div class="spacer battle-history"><br></div><div class="battle-history">Out of the Blue used <strong>Ice Shard</strong>!<br></div><div class="battle-history"><small>(The opposing Drapion lost 31% of its health!)</small><br></div><div class="spacer battle-history"><br></div><h2 class="battle-history">Turn 19</h2><div class="spacer battle-history"><br></div><div class="battle-history">Out of the Blue, come back!<br></div><div class="battle-history">Go! Louis (<strong>Slowking</strong>)!<br></div><div class="spacer battle-history"><br></div><div class="battle-history"><small>The opposing Drapion's Drapionite is reacting to the Key Stone!</small><br>The opposing Drapion has Mega Evolved into Mega Drapion!<br></div><div class="chat"><ul class="utilichart"><li class="result"><span class="col pokemonnamecol" style="white-space: nowrap">Drapion-Mega</span> <span class="col typecol"><img src="https://play.pokemonshowdown.com/sprites/types/Poison.png" alt="Poison" height="14" width="32"><img src="https://play.pokemonshowdown.com/sprites/types/Dark.png" alt="Dark" height="14" width="32"></span> <span style="float: left ; min-height: 26px"><span class="col abilitycol">Steelbreaker</span><span class="col abilitycol"></span></span><span style="float: left ; min-height: 26px"><span class="col statcol"><em>HP</em><br>70</span> <span class="col statcol"><em>Atk</em><br>130</span> <span class="col statcol"><em>Def</em><br>150</span> <span class="col statcol"><em>SpA</em><br>60</span> <span class="col statcol"><em>SpD</em><br>105</span> <span class="col statcol"><em>Spe</em><br>85</span> </span></li><li style="clear: both"></li></ul></div><div class="spacer battle-history"><br></div><div class="battle-history">The opposing Drapion used <strong>Shore Up</strong>!<br></div><div class="battle-history"><small>The opposing Drapion had its HP restored.</small><br></div><div class="spacer battle-history"><br></div><h2 class="battle-history">Turn 20</h2><div class="spacer battle-history"><br></div><div class="battle-history">The opposing Drapion used <strong>Knock Off</strong>!<br></div><div class="battle-history"><small>It's super effective!</small><br></div><div class="battle-history"><small>(Louis lost 100% of its health!)</small><br></div><div class="battle-history"><small>The opposing Drapion knocked off Louis's Heavy-Duty Boots!</small><br></div><div class="spacer battle-history"><br></div><div class="battle-history">Louis fainted!<br></div><div class="spacer battle-history"><br></div><div class="battle-history">Go! My Immortal (<strong>Araquanid-Mega</strong>)!<br></div><div class="spacer battle-history"><br></div><h2 class="battle-history">Turn 21</h2><div class="spacer battle-history"><br></div><div class="battle-history">exploziff withdrew Drapion!<br></div><div class="battle-history">exploziff sent out <strong>Tapu Bulu</strong>!<br></div><div class="battle-history">[The opposing Tapu Bulu's Grassy Surge]<br><small>Grass grew to cover the battlefield!</small><br></div><div class="spacer battle-history"><br></div><div class="battle-history">My Immortal used <strong>Scald</strong>!<br></div><div class="battle-history"><small>It's not very effective...</small><br></div><div class="battle-history"><small>(The opposing Tapu Bulu lost 28% of its health!)</small><br></div><div class="spacer battle-history"><br></div><div class="battle-history"><small>The opposing Tapu Bulu restored a little HP using its Leftovers!</small><br></div><div class="battle-history"><small>The opposing Tapu Bulu's HP was restored.</small><br></div><div class="battle-history"><small>My Immortal's HP was restored.</small><br></div><div class="spacer battle-history"><br></div><h2 class="battle-history">Turn 22</h2><div class="spacer battle-history"><br></div><div class="battle-history">My Immortal, come back!<br></div><div class="battle-history">Go! Nimm zwei! (<strong>Victini</strong>)!<br></div><div class="spacer battle-history"><br></div><div class="battle-history">The opposing Tapu Bulu used <strong>Horn Leech</strong>!<br></div><div class="battle-history"><small>It's not very effective...</small><br></div><div class="battle-history"><small>(Nimm zwei! lost 19% of its health!)</small><br></div><div class="battle-history"><small>Nimm zwei! had its energy drained!</small><br></div><div class="spacer battle-history"><br></div><div class="battle-history"><small>Nimm zwei!'s HP was restored.</small><br></div><div class="battle-history"><small>The opposing Tapu Bulu restored a little HP using its Leftovers!</small><br></div><div class="battle-history"><small>The opposing Tapu Bulu's HP was restored.</small><br></div><div class="spacer battle-history"><br></div><h2 class="battle-history">Turn 23</h2><div class="spacer battle-history"><br></div><div class="battle-history">exploziff withdrew Tapu Bulu!<br></div><div class="battle-history">exploziff sent out <strong>Zapdos</strong>!<br></div><div class="spacer battle-history"><br></div><div class="battle-history">Nimm zwei! used <strong>V-create</strong>!<br></div><div class="battle-history"><small>(The opposing Zapdos lost 78% of its health!)</small><br></div><div class="battle-history"><small>Nimm zwei!'s Speed fell!</small><br></div><div class="battle-history"><small>Nimm zwei!'s Defense fell!</small><br></div><div class="battle-history"><small>Nimm zwei!'s Sp. Def fell!</small><br></div><div class="spacer battle-history"><br></div><div class="battle-history"><small>Nimm zwei!'s HP was restored.</small><br></div><div class="spacer battle-history"><br></div><h2 class="battle-history">Turn 24</h2><div class="spacer battle-history"><br></div><div class="battle-history">The opposing Zapdos used <strong>Roost</strong>!<br></div><div class="battle-history"><small>The opposing Zapdos had its HP restored.</small><br></div><div class="battle-history"><small>(The opposing Zapdos loses Flying type this turn.)</small><br></div><div class="spacer battle-history"><br></div><div class="battle-history">Nimm zwei! used <strong>V-create</strong>!<br></div><div class="battle-history"><small>(The opposing Zapdos lost 72% of its health!)</small><br></div><div class="battle-history"><small>Nimm zwei!'s Speed fell!</small><br></div><div class="battle-history"><small>Nimm zwei!'s Defense fell!</small><br></div><div class="battle-history"><small>Nimm zwei!'s Sp. Def fell!</small><br></div><div class="spacer battle-history"><br></div><div class="battle-history">The opposing Zapdos fainted!<br></div><div class="spacer battle-history"><br></div><div class="battle-history"><small>Nimm zwei!'s HP was restored.</small><br></div><div class="spacer battle-history"><br></div><div class="battle-history">exploziff sent out Drapion (<strong>Drapion-Mega</strong>)!<br></div><div class="spacer battle-history"><br></div><h2 class="battle-history">Turn 25</h2><div class="chat chatmessage-blauebrause"><strong style="color:#6b66e4"><small>☆</small><span class="username" data-name="BlaueBrause">BlaueBrause</span>:</strong> <em>quite a fast one</em></div><div class="spacer battle-history"><br></div><div class="battle-history">Nimm zwei!, come back!<br></div><div class="battle-history">Go! My Immortal (<strong>Araquanid-Mega</strong>)!<br></div><div class="spacer battle-history"><br></div><div class="battle-history">The opposing Drapion used <strong>Knock Off</strong>!<br></div><div class="battle-history"><small>(My Immortal lost 27% of its health!)</small><br></div><div class="spacer battle-history"><br></div><div class="battle-history"><small>My Immortal's HP was restored.</small><br></div><div class="battle-history"><small>The grass disappeared from the battlefield.</small><br></div><div class="spacer battle-history"><br></div><h2 class="battle-history">Turn 26</h2><div class="spacer battle-history"><br></div><div class="battle-history">exploziff withdrew Drapion!<br></div><div class="battle-history">exploziff sent out <strong>Tapu Bulu</strong>!<br></div><div class="battle-history">[The opposing Tapu Bulu's Grassy Surge]<br><small>Grass grew to cover the battlefield!</small><br></div><div class="spacer battle-history"><br></div><div class="battle-history">My Immortal used <strong>Scald</strong>!<br></div><div class="battle-history"><small>It's not very effective...</small><br></div><div class="battle-history"><small>(The opposing Tapu Bulu lost 26% of its health!)</small><br></div><div class="spacer battle-history"><br></div><div class="battle-history"><small>The opposing Tapu Bulu restored a little HP using its Leftovers!</small><br></div><div class="battle-history"><small>The opposing Tapu Bulu's HP was restored.</small><br></div><div class="battle-history"><small>My Immortal's HP was restored.</small><br></div><div class="spacer battle-history"><br></div><h2 class="battle-history">Turn 27</h2><div class="spacer battle-history"><br></div><div class="battle-history">The opposing Tapu Bulu used <strong>Horn Leech</strong>!<br></div><div class="battle-history"><small>(My Immortal lost 31% of its health!)</small><br></div><div class="battle-history"><small>My Immortal had its energy drained!</small><br></div><div class="spacer battle-history"><br></div><div class="battle-history">My Immortal used <strong>Scald</strong>!<br></div><div class="battle-history"><small>It's not very effective...</small><br></div><div class="battle-history"><small>(The opposing Tapu Bulu lost 26% of its health!)</small><br></div><div class="battle-history"><small>The opposing Tapu Bulu was burned!</small><br></div><div class="spacer battle-history"><br></div><div class="battle-history"><small>The opposing Tapu Bulu restored a little HP using its Leftovers!</small><br></div><div class="battle-history"><small>The opposing Tapu Bulu's HP was restored.</small><br></div><div class="battle-history"><small>My Immortal's HP was restored.</small><br></div><div class="battle-history"><small>The opposing Tapu Bulu was hurt by its burn!</small><br></div><div class="spacer battle-history"><br></div><h2 class="battle-history">Turn 28</h2><div class="spacer battle-history"><br></div><div class="battle-history">My Immortal, come back!<br></div><div class="battle-history">Go! Nimm zwei! (<strong>Victini</strong>)!<br></div><div class="spacer battle-history"><br></div><div class="battle-history">The opposing Tapu Bulu used <strong>Swords Dance</strong>!<br></div><div class="battle-history"><small>The opposing Tapu Bulu's Attack rose sharply!</small><br></div><div class="spacer battle-history"><br></div><div class="battle-history"><small>Nimm zwei!'s HP was restored.</small><br></div><div class="battle-history"><small>The opposing Tapu Bulu restored a little HP using its Leftovers!</small><br></div><div class="battle-history"><small>The opposing Tapu Bulu's HP was restored.</small><br></div><div class="battle-history"><small>The opposing Tapu Bulu was hurt by its burn!</small><br></div><div class="spacer battle-history"><br></div><h2 class="battle-history">Turn 29</h2><div class="spacer battle-history"><br></div><div class="battle-history">exploziff withdrew Tapu Bulu!<br></div><div class="battle-history">exploziff sent out <strong>Heatran</strong>!<br></div><div class="spacer battle-history"><br></div><div class="battle-history">Nimm zwei! used <strong>U-turn</strong>!<br></div><div class="battle-history"><small>It's not very effective...</small><br></div><div class="battle-history"><small>(The opposing Heatran lost 5% of its health!)</small><br></div><div class="spacer battle-history"><br></div><div class="battle-history">Nimm zwei! went back to BlaueBrause!<br></div><div class="battle-history">Go! My Immortal (<strong>Araquanid-Mega</strong>)!<br></div><div class="spacer battle-history"><br></div><div class="battle-history"><small>The opposing Heatran's HP was restored.</small><br></div><div class="battle-history"><small>My Immortal's HP was restored.</small><br></div><div class="spacer battle-history"><br></div><h2 class="battle-history">Turn 30</h2><div class="spacer battle-history"><br></div><div class="battle-history">exploziff withdrew Heatran!<br></div><div class="battle-history">exploziff sent out <strong>Tapu Bulu</strong>!<br></div><div class="spacer battle-history"><br></div><div class="battle-history">My Immortal used <strong>Scald</strong>!<br></div><div class="battle-history"><small>It's not very effective...</small><br></div><div class="battle-history"><small>(The opposing Tapu Bulu lost 28% of its health!)</small><br></div><div class="spacer battle-history"><br></div><div class="battle-history"><small>The opposing Tapu Bulu restored a little HP using its Leftovers!</small><br></div><div class="battle-history"><small>The opposing Tapu Bulu's HP was restored.</small><br></div><div class="battle-history"><small>My Immortal's HP was restored.</small><br></div><div class="battle-history"><small>The grass disappeared from the battlefield.</small><br></div><div class="battle-history"><small>The opposing Tapu Bulu was hurt by its burn!</small><br></div><div class="spacer battle-history"><br></div><h2 class="battle-history">Turn 31</h2><div class="spacer battle-history"><br></div><div class="battle-history">My Immortal, come back!<br></div><div class="battle-history">Go! Nimm zwei! (<strong>Victini</strong>)!<br></div><div class="spacer battle-history"><br></div><div class="battle-history">The opposing Tapu Bulu used <strong>Horn Leech</strong>!<br></div><div class="battle-history"><small>It's not very effective...</small><br></div><div class="battle-history"><small>(Nimm zwei! lost 7% of its health!)</small><br></div><div class="battle-history"><small>Nimm zwei! had its energy drained!</small><br></div><div class="spacer battle-history"><br></div><div class="battle-history"><small>The opposing Tapu Bulu restored a little HP using its Leftovers!</small><br></div><div class="battle-history"><small>The opposing Tapu Bulu was hurt by its burn!</small><br></div><div class="spacer battle-history"><br></div><h2 class="battle-history">Turn 32</h2><div class="spacer battle-history"><br></div><div class="battle-history">Nimm zwei! used <strong>V-create</strong>!<br></div><div class="battle-history"><small>It's super effective!</small><br></div><div class="battle-history"><small>(The opposing Tapu Bulu lost 69% of its health!)</small><br></div><div class="battle-history"><small>Nimm zwei!'s Speed fell!</small><br></div><div class="battle-history"><small>Nimm zwei!'s Defense fell!</small><br></div><div class="battle-history"><small>Nimm zwei!'s Sp. Def fell!</small><br></div><div class="spacer battle-history"><br></div><div class="battle-history">The opposing Tapu Bulu fainted!<br></div><div class="spacer battle-history"><br></div><div class="battle-history">exploziff sent out Drapion (<strong>Drapion-Mega</strong>)!<br></div><div class="spacer battle-history"><br></div><h2 class="battle-history">Turn 33</h2><div class="spacer battle-history"><br></div><div class="battle-history">Nimm zwei! used <strong>V-create</strong>!<br></div><div class="battle-history"><small>(The opposing Drapion lost 67% of its health!)</small><br></div><div class="battle-history"><small>Nimm zwei!'s Speed fell!</small><br></div><div class="battle-history"><small>Nimm zwei!'s Defense fell!</small><br></div><div class="battle-history"><small>Nimm zwei!'s Sp. Def fell!</small><br></div><div class="spacer battle-history"><br></div><div class="battle-history">The opposing Drapion used <strong>Poison Jab</strong>!<br></div><div class="battle-history"><small>(Nimm zwei! lost 91% of its health!)</small><br></div><div class="battle-history"><small>Nimm zwei! was poisoned!</small><br></div><div class="spacer battle-history"><br></div><div class="battle-history"><small>Nimm zwei! was hurt by poison!</small><br></div><div class="spacer battle-history"><br></div><div class="battle-history">Nimm zwei! fainted!<br></div><div class="spacer battle-history"><br></div><div class="battle-history">Go! My Immortal (<strong>Araquanid-Mega</strong>)!<br></div><div class="spacer battle-history"><br></div><h2 class="battle-history">Turn 34</h2><div class="spacer battle-history"><br></div><div class="battle-history">The opposing Drapion used <strong>Poison Jab</strong>!<br></div><div class="battle-history"><small>(My Immortal lost 29% of its health!)</small><br></div><div class="spacer battle-history"><br></div><div class="battle-history">My Immortal used <strong>Scald</strong>!<br></div><div class="battle-history"><small>A critical hit!</small><br></div><div class="battle-history"><small>(The opposing Drapion lost 33% of its health!)</small><br></div><div class="spacer battle-history"><br></div><div class="battle-history">The opposing Drapion fainted!<br></div><div class="spacer battle-history"><br></div><div class="battle-history">exploziff sent out <strong>Breloom</strong>!<br></div><div class="spacer battle-history"><br></div><h2 class="battle-history">Turn 35</h2><div class="spacer battle-history"><br></div><div class="battle-history">The opposing Breloom used <strong>Bullet Seed</strong>!<br></div><div class="battle-history"><small>(My Immortal lost 19% of its health!)</small><br></div><div class="battle-history"><small>(My Immortal lost 1% of its health!)</small><br></div><div class="battle-history"><small>The Pokémon was hit 2 times!</small><br></div><div class="battle-history"><small>The opposing Breloom lost some of its HP!</small><br></div><div class="spacer battle-history"><br></div><div class="battle-history">My Immortal fainted!<br></div><div class="chat chatmessage-blauebrause"><strong style="color:#6b66e4"><small>☆</small><span class="username" data-name="BlaueBrause">BlaueBrause</span>:</strong> <em>gg</em></div><div class="spacer battle-history"><br></div><div class="battle-history">Go! Out of the Blue (<strong>Weavile</strong>)!<br></div><div class="battle-history">[Out of the Blue's Pressure]<br><small>Out of the Blue is exerting its pressure!</small><br></div><div class="spacer battle-history"><br></div><h2 class="battle-history">Turn 36</h2><div class="chat chatmessage-exploziff"><strong style="color:#70a52f"><small>☆</small><span class="username" data-name="exploziff">exploziff</span>:</strong> <em>gg</em></div><div class="spacer battle-history"><br></div><div class="battle-history">Out of the Blue used <strong>Ice Shard</strong>!<br></div><div class="battle-history"><small>It's super effective!</small><br></div><div class="battle-history"><small>(The opposing Breloom lost 81% of its health!)</small><br></div><div class="spacer battle-history"><br></div><div class="battle-history">The opposing Breloom fainted!<br></div><div class="spacer battle-history"><br></div><div class="battle-history">exploziff sent out <strong>Heatran</strong>!<br></div><div class="spacer battle-history"><br></div><h2 class="battle-history">Turn 37</h2><div class="spacer battle-history"><br></div><div class="battle-history">Out of the Blue used <strong>Ice Shard</strong>!<br></div><div class="battle-history"><small>It's not very effective...</small><br></div><div class="battle-history"><small>(The opposing Heatran lost 8% of its health!)</small><br></div><div class="spacer battle-history"><br></div><div class="battle-history">The opposing Heatran used <strong>Flash Cannon</strong>!<br></div><div class="battle-history"><small>It's super effective!</small><br></div><div class="battle-history"><small>A critical hit!</small><br></div><div class="battle-history"><small>(Out of the Blue lost 100% of its health!)</small><br></div><div class="spacer battle-history"><br></div><div class="battle-history">Out of the Blue fainted!<br></div><div class="spacer battle-history"><br></div><div class="battle-history"><strong>exploziff</strong> won the battle!<br></div><div class="chat chatmessage-exploziff"><strong style="color:#70a52f"><small>☆</small><span class="username" data-name="exploziff">exploziff</span>:</strong> <em>that was close</em></div><div class="chat"><small> paulluxx9000 joined;  paulluxx9000, ☆BlaueBrause, and ☆exploziff left</small></div></div><div class="inner-preempt message-log"></div></div></div>
</div>
<script>
let daily = Math.floor(Date.now()/1000/60/60/24);document.write('<script src="https://dragonheaven.herokuapp.com/js/replay-embed.js?version'+daily+'"></'+'script>');
</script>
