<!DOCTYPE html>
<meta charset="utf-8" />
<!-- version 1 -->
<title>[Gen 8] M4A VGC replay: H2OPulse vs. ASnomPlaysShowdown</title>
<style>
html,body {font-family:Verdana, sans-serif;font-size:10pt;margin:0;padding:0;}body{padding:12px 0;} .battle-log {font-family:Verdana, sans-serif;font-size:10pt;} .battle-log-inline {border:1px solid #AAAAAA;background:#EEF2F5;color:black;max-width:640px;margin:0 auto 80px;padding-bottom:5px;} .battle-log .inner {padding:4px 8px 0px 8px;} .battle-log .inner-preempt {padding:0 8px 4px 8px;} .battle-log .inner-after {margin-top:0.5em;} .battle-log h2 {margin:0.5em -8px;padding:4px 8px;border:1px solid #AAAAAA;background:#E0E7EA;border-left:0;border-right:0;font-family:Verdana, sans-serif;font-size:13pt;} .battle-log .chat {vertical-align:middle;padding:3px 0 3px 0;font-size:8pt;} .battle-log .chat strong {color:#40576A;} .battle-log .chat em {padding:1px 4px 1px 3px;color:#000000;font-style:normal;} .chat.mine {background:rgba(0,0,0,0.05);margin-left:-8px;margin-right:-8px;padding-left:8px;padding-right:8px;} .spoiler {color:#BBBBBB;background:#BBBBBB;padding:0px 3px;} .spoiler:hover, .spoiler:active, .spoiler-shown {color:#000000;background:#E2E2E2;padding:0px 3px;} .spoiler a {color:#BBBBBB;} .spoiler:hover a, .spoiler:active a, .spoiler-shown a {color:#2288CC;} .chat code, .chat .spoiler:hover code, .chat .spoiler:active code, .chat .spoiler-shown code {border:1px solid #C0C0C0;background:#EEEEEE;color:black;padding:0 2px;} .chat .spoiler code {border:1px solid #CCCCCC;background:#CCCCCC;color:#CCCCCC;} .battle-log .rated {padding:3px 4px;} .battle-log .rated strong {color:white;background:#89A;padding:1px 4px;border-radius:4px;} .spacer {margin-top:0.5em;} .message-announce {background:#6688AA;color:white;padding:1px 4px 2px;} .message-announce a, .broadcast-green a, .broadcast-blue a, .broadcast-red a {color:#DDEEFF;} .broadcast-green {background-color:#559955;color:white;padding:2px 4px;} .broadcast-blue {background-color:#6688AA;color:white;padding:2px 4px;} .infobox {border:1px solid #6688AA;padding:2px 4px;} .infobox-limited {max-height:200px;overflow:auto;overflow-x:hidden;} .broadcast-red {background-color:#AA5544;color:white;padding:2px 4px;} .message-learn-canlearn {font-weight:bold;color:#228822;text-decoration:underline;} .message-learn-cannotlearn {font-weight:bold;color:#CC2222;text-decoration:underline;} .message-effect-weak {font-weight:bold;color:#CC2222;} .message-effect-resist {font-weight:bold;color:#6688AA;} .message-effect-immune {font-weight:bold;color:#666666;} .message-learn-list {margin-top:0;margin-bottom:0;} .message-throttle-notice, .message-error {color:#992222;} .message-overflow, .chat small.message-overflow {font-size:0pt;} .message-overflow::before {font-size:9pt;content:'...';} .subtle {color:#3A4A66;}
</style>
<div class="wrapper replay-wrapper" style="max-width:1180px;margin:0 auto">
<input type="hidden" name="replayid" value="dragonheaven-gen8m4avgc-325" />
<div class="battle"></div><div class="battle-log"></div><div class="replay-controls"></div><div class="replay-controls-2"></div>
<h1 style="font-weight:normal;text-align:center"><strong>[Gen 8] M4A VGC</strong><br /><a href="http://pokemonshowdown.com/users/h2opulse" class="subtle" target="_blank">H2OPulse</a> vs. <a href="http://pokemonshowdown.com/users/asnomplaysshowdown" class="subtle" target="_blank">ASnomPlaysShowdown</a></h1>
<script type="text/plain" class="battle-log-data">|j|☆H2OPulse
|j|☆ASnomPlaysShowdown

|t:|1630171364
|player|p1|H2OPulse|aetherfoundation|
|player|p2|ASnomPlaysShowdown|acetrainer|
|teamsize|p1|6
|teamsize|p2|6
|gametype|doubles
|gen|8
|tier|[Gen 8] M4A VGC
|clearpoke
|poke|p1|Flygon, L50, M|
|poke|p1|Lycanroc, L50, F|
|poke|p1|Zapdos-Galar, L50|
|poke|p1|Kommo-o, L50, M|
|poke|p1|Arcanine, L50, M|
|poke|p1|Sableye, L50, F|
|poke|p2|Tapu Koko, L50|
|poke|p2|Tapu Lele, L50|
|poke|p2|Cacturne, L50, F|
|poke|p2|Garchomp, L50, F|
|poke|p2|Celesteela, L50|
|poke|p2|Zapdos-Galar, L50|
|rule|Species Clause: Limit one of each Pokémon
|rule|Item Clause: Limit one of each item
|rule|Dynamax Clause: You cannot dynamax
|raw|<img src="https:\/\/www.smogon.com\/forums\/attachments\/banner_2-png.302358\/" height="65" width="381">
|-message|Welcome to Megas for All!
|-message|This is a National Dex-based format where we aim to give a new Mega Evolution to every Pokémon.
|-message|Just like any official format, you can still only Mega Evolve one Pokémon per team!
|-message|You can find our thread and metagame resources here:
|-message|https:\/\/www.smogon.com\/forums\/threads\/3671140\/
|teampreview|4
|j| analysis geek
|c|☆H2OPulse|Good luck and have fun!!!
|c|☆ASnomPlaysShowdown|Gl HF!
|j|+inkbug1
|j| BlueRayVGC
|
|t:|1630171407
|start
|switch|p1a: Miko|Lycanroc, L50, F|48\/48
|switch|p1b: Achilles|Zapdos-Galar, L50|48\/48
|switch|p2a: Tapu Koko|Tapu Koko, L50|177\/177
|switch|p2b: Garchomp|Garchomp, L50, F|184\/184
|turn|1
|
|t:|1630171439
|detailschange|p1a: Miko|Lycanroc-Mega, L50, F
|-mega|p1a: Miko|Lycanroc|Lycanite
|-start|p1a: Miko|typechange|Rock\/Normal|[silent]
|raw|<ul class="utilichart"><li class="result"><span class="col pokemonnamecol" style="white-space: nowrap">Lycanroc-Mega<\/span> <span class="col typecol"><img src="https:\/\/play.pokemonshowdown.com\/sprites\/types\/Rock.png" alt="Rock" height="14" width="32"><img src="https:\/\/play.pokemonshowdown.com\/sprites\/types\/Normal.png" alt="Normal" height="14" width="32"><\/span> <span style="float: left ; min-height: 26px"><span class="col abilitycol">Down-to-Earth<\/span><span class="col abilitycol"><\/span><\/span><span style="float: left ; min-height: 26px"><span class="col statcol"><em>HP<\/em><br>75<\/span> <span class="col statcol"><em>Atk<\/em><br>130<\/span> <span class="col statcol"><em>Def<\/em><br>115<\/span> <span class="col statcol"><em>SpA<\/em><br>55<\/span> <span class="col statcol"><em>SpD<\/em><br>75<\/span> <span class="col statcol"><em>Spe<\/em><br>137<\/span> <\/span><\/li><li style="clear: both"><\/li><\/ul>
|move|p1a: Miko|Protect|p1a: Miko
|-singleturn|p1a: Miko|Protect
|move|p2a: Tapu Koko|Electroweb|p1b: Achilles|[spread] p1b
|-activate|p1a: Miko|move: Protect
|-supereffective|p1b: Achilles
|-damage|p1b: Achilles|32\/48
|-unboost|p1b: Achilles|spe|1
|-ability|p1b: Achilles|Defiant
|-boost|p1b: Achilles|atk|2
|move|p2b: Garchomp|Dragon Claw|p1b: Achilles
|-damage|p1b: Achilles|7\/48
|move|p1b: Achilles|Thunderous Kick|p2b: Garchomp
|-damage|p2b: Garchomp|0 fnt
|-damage|p1b: Achilles|2\/48|[from] ability: Rough Skin|[of] p2b: Garchomp
|faint|p2b: Garchomp
|
|upkeep
|c|☆ASnomPlaysShowdown|shoot
|c| analysis geek|stronk
|
|t:|1630171464
|switch|p2b: Tapu Lele|Tapu Lele, L50|160\/160
|-fieldstart|move: Psychic Terrain|[from] ability: Psychic Surge|[of] p2b: Tapu Lele
|-ability|p1a: Miko|Down-to-Earth
|-message|Miko suppresses the effects of the terrain!
|turn|2
|
|t:|1630171502
|move|p2a: Tapu Koko|Electroweb|p1a: Miko|[spread] p1a,p1b
|-supereffective|p1b: Achilles
|-damage|p1a: Miko|40\/48
|-damage|p1b: Achilles|0 fnt
|-unboost|p1a: Miko|spe|1
|faint|p1b: Achilles
|move|p2b: Tapu Lele|Dazzling Gleam|p1a: Miko
|-damage|p1a: Miko|1\/48
|move|p1a: Miko|Rock Slide|p2a: Tapu Koko|[spread] p2a,p2b
|-damage|p2a: Tapu Koko|117\/177
|-damage|p2b: Tapu Lele|88\/160
|
|upkeep
|c|☆H2OPulse|Oh that did a lot
|c|☆H2OPulse|Fear
|c|☆ASnomPlaysShowdown|shoot
|c|☆ASnomPlaysShowdown|i should have moonblasted
|
|t:|1630171520
|switch|p1b: Lithops|Sableye, L50, F|48\/48
|turn|3
|
|t:|1630171534
|switch|p2b: Cacturne|Cacturne, L50, F|177\/177
|move|p1b: Lithops|Fake Out|p2a: Tapu Koko
|-message|Miko suppresses the effects of the terrain!
|-damage|p2a: Tapu Koko|103\/177
|move|p1a: Miko|Extreme Speed|p2b: Cacturne
|-message|Miko suppresses the effects of the terrain!
|-damage|p2b: Cacturne|69\/177
|cant|p2a: Tapu Koko|flinch
|
|upkeep
|turn|4
|
|t:|1630171576
|-message|Miko is no longer suppressing the effects of the terrain!
|switch|p1a: Waimeae|Kommo-o, L50, M|48\/48
|detailschange|p2b: Cacturne|Cacturne-Mega, L50, F
|-mega|p2b: Cacturne|Cacturne|Cacturnite
|-start|p2b: Cacturne|typechange|Grass\/Dark|[silent]
|raw|<ul class="utilichart"><li class="result"><span class="col pokemonnamecol" style="white-space: nowrap">Cacturne-Mega<\/span> <span class="col typecol"><img src="https:\/\/play.pokemonshowdown.com\/sprites\/types\/Grass.png" alt="Grass" height="14" width="32"><img src="https:\/\/play.pokemonshowdown.com\/sprites\/types\/Dark.png" alt="Dark" height="14" width="32"><\/span> <span style="float: left ; min-height: 26px"><span class="col abilitycol">Coup de Grass<\/span><span class="col abilitycol"><\/span><\/span><span style="float: left ; min-height: 26px"><span class="col statcol"><em>HP<\/em><br>70<\/span> <span class="col statcol"><em>Atk<\/em><br>115<\/span> <span class="col statcol"><em>Def<\/em><br>115<\/span> <span class="col statcol"><em>SpA<\/em><br>115<\/span> <span class="col statcol"><em>SpD<\/em><br>105<\/span> <span class="col statcol"><em>Spe<\/em><br>55<\/span> <\/span><\/li><li style="clear: both"><\/li><\/ul>
|-ability|p2b: Cacturne|Coup de Grass
|-message|Cacturne prepared to move immediately!
|move|p1b: Lithops|Protect|p1b: Lithops
|-singleturn|p1b: Lithops|Protect
|move|p2b: Cacturne|Spiky Shield|p2b: Cacturne
|-singleturn|p2b: Cacturne|move: Protect
|move|p2a: Tapu Koko|Electroweb|p1a: Waimeae|[spread] p1a
|-activate|p1b: Lithops|move: Protect
|-resisted|p1a: Waimeae
|-damage|p1a: Waimeae|44\/48
|-unboost|p1a: Waimeae|spe|1
|
|upkeep
|turn|5
|
|t:|1630171645
|switch|p2b: Tapu Lele|Tapu Lele, L50|88\/160
|move|p1b: Lithops|Helping Hand|p1a: Waimeae
|-singleturn|p1a: Waimeae|Helping Hand|[of] p1b: Lithops
|move|p2a: Tapu Koko|Light Screen|p2a: Tapu Koko
|-sidestart|p2: ASnomPlaysShowdown|move: Light Screen
|move|p1a: Waimeae|Flash Cannon|p2a: Tapu Koko
|-damage|p2a: Tapu Koko|52\/177
|
|upkeep
|turn|6
|
|t:|1630171665
|switch|p2a: Cacturne|Cacturne-Mega, L50, F|69\/177
|-start|p2a: Cacturne|typechange|Grass\/Dark|[silent]
|move|p1b: Lithops|Protect|p1b: Lithops
|-singleturn|p1b: Lithops|Protect
|move|p1a: Waimeae|Protect|p1a: Waimeae
|-singleturn|p1a: Waimeae|Protect
|move|p2b: Tapu Lele|Dazzling Gleam|p1a: Waimeae|[spread] 
|-activate|p1a: Waimeae|move: Protect
|-activate|p1b: Lithops|move: Protect
|
|-fieldend|move: Psychic Terrain
|upkeep
|turn|7
|j| Paul(Paulluxx)
|c|☆H2OPulse|I am so afraid right now
|
|t:|1630171745
|-ability|p2a: Cacturne|Coup de Grass
|-message|Cacturne prepared to move immediately!
|move|p1b: Lithops|Protect||[still]
|-fail|p1b: Lithops
|move|p2a: Cacturne|Destiny Bond|p2a: Cacturne
|-singlemove|p2a: Cacturne|Destiny Bond
|move|p2b: Tapu Lele|Dazzling Gleam|p1b: Lithops|[spread] p1a,p1b
|-supereffective|p1a: Waimeae
|-supereffective|p1b: Lithops
|-damage|p1a: Waimeae|0 fnt
|-damage|p1b: Lithops|0 fnt
|faint|p1a: Waimeae
|faint|p1b: Lithops
|
|upkeep
|c|☆H2OPulse|Right okay,
|
|t:|1630171757
|switch|p1a: Miko|Lycanroc-Mega, L50, F|1\/48
|-start|p1a: Miko|typechange|Rock\/Normal|[silent]
|turn|8
|c|☆H2OPulse|Right okay
|c|☆H2OPulse|Good game!!!
|
|t:|1630171786
|-ability|p2a: Cacturne|Coup de Grass
|-message|Cacturne prepared to move immediately!
|move|p2a: Cacturne|Giga Drain|p1a: Miko
|-supereffective|p1a: Miko
|-damage|p1a: Miko|0 fnt
|-heal|p2a: Cacturne|72\/177|[from] drain|[of] p1a: Miko
|faint|p1a: Miko
|
|win|ASnomPlaysShowdown
|c|☆ASnomPlaysShowdown|gg</script>
</div>
<div class="battle-log battle-log-inline"><div class="inner"><div class="battle-options"><div style="padding-top: 3px; padding-right: 3px; text-align: right"><button class="icon button" name="openBattleOptions" title="Options">Battle Options</button></div></div><div class="inner message-log"><div class="chat"><small>☆H2OPulse and ☆ASnomPlaysShowdown joined</small></div><div class=""><small>Format:</small> <br><strong>[Gen 8] M4A VGC</strong></div><div class=""><small><em>Species Clause:</em> Limit one of each Pokémon</small></div><div class=""><small><em>Item Clause:</em> Limit one of each item</small></div><div class=""><small><em>Dynamax Clause:</em> You cannot dynamax</small></div><div class="chat"><img src="https://www.smogon.com/forums/attachments/banner_2-png.302358/" height="65" width="381"></div><div class="spacer battle-history"><br></div><div class="battle-history"><small>Welcome to Megas for All!</small><br></div><div class="battle-history"><small>This is a National Dex-based format where we aim to give a new Mega Evolution to every Pokémon.</small><br></div><div class="battle-history"><small>Just like any official format, you can still only Mega Evolve one Pokémon per team!</small><br></div><div class="battle-history"><small>You can find our thread and metagame resources here:</small><br></div><div class="battle-history"><small>https://www.smogon.com/forums/threads/3671140/</small><br></div><div class="chat battle-history"><strong>H2OPulse's team:</strong> <em style="color:#445566;display:block;">Flygon / Lycanroc / Zapdos-Galar / Kommo-o / Arcanine / Sableye</em></div><div class="chat battle-history"><strong>ASnomPlaysShowdown's team:</strong> <em style="color:#445566;display:block;">Tapu Koko / Tapu Lele / Cacturne / Garchomp / Celesteela / Zapdos-Galar</em></div><div class="chat"><small> analysis geek joined</small></div><div class="chat chatmessage-h2opulse"><strong style="color:#6e8c2b"><small>☆</small><span class="username" data-name="H2OPulse">H2OPulse</span>:</strong> <em>Good luck and have fun!!!</em></div><div class="chat chatmessage-asnomplaysshowdown mine"><strong style="color:#1bb1b6"><small>☆</small><span class="username" data-name="ASnomPlaysShowdown">ASnomPlaysShowdown</span>:</strong> <em>Gl HF!</em></div><div class="chat"><small>+inkbug1 and  BlueRayVGC joined</small></div><div class="spacer battle-history"><br></div><div class="battle-history">Battle started between H2OPulse and ASnomPlaysShowdown!<br></div><div class="spacer battle-history"><br></div><div class="battle-history">H2OPulse sent out Miko (<strong>Lycanroc</strong>)!<br></div><div class="spacer battle-history"><br></div><div class="battle-history">H2OPulse sent out Achilles (<strong>Zapdos-Galar</strong>)!<br></div><div class="spacer battle-history"><br></div><div class="battle-history">Go! <strong>Tapu Koko</strong>!<br></div><div class="spacer battle-history"><br></div><div class="battle-history">Go! <strong>Garchomp</strong>!<br></div><div class="spacer battle-history"><br></div><h2 class="battle-history">Turn 1</h2><div class="spacer battle-history"><br></div><div class="battle-history"><small>The opposing Miko's Lycanite is reacting to the Key Stone!</small><br>The opposing Miko has Mega Evolved into Mega Lycanroc!<br></div><div class="chat"><ul class="utilichart"><li class="result"><span class="col pokemonnamecol" style="white-space: nowrap">Lycanroc-Mega</span> <span class="col typecol"><img src="https://play.pokemonshowdown.com/sprites/types/Rock.png" alt="Rock" height="14" width="32"><img src="https://play.pokemonshowdown.com/sprites/types/Normal.png" alt="Normal" height="14" width="32"></span> <span style="float: left ; min-height: 26px"><span class="col abilitycol">Down-to-Earth</span><span class="col abilitycol"></span></span><span style="float: left ; min-height: 26px"><span class="col statcol"><em>HP</em><br>75</span> <span class="col statcol"><em>Atk</em><br>130</span> <span class="col statcol"><em>Def</em><br>115</span> <span class="col statcol"><em>SpA</em><br>55</span> <span class="col statcol"><em>SpD</em><br>75</span> <span class="col statcol"><em>Spe</em><br>137</span> </span></li><li style="clear: both"></li></ul></div><div class="spacer battle-history"><br></div><div class="battle-history">The opposing Miko used <strong>Protect</strong>!<br></div><div class="battle-history"><small>The opposing Miko protected itself!</small><br></div><div class="spacer battle-history"><br></div><div class="battle-history">Tapu Koko used <strong>Electroweb</strong>!<br></div><div class="battle-history"><small>The opposing Miko protected itself!</small><br></div><div class="battle-history"><small>It's super effective on the opposing Achilles!</small><br></div><div class="battle-history"><small>(The opposing Achilles lost <abbr title="−16/48 pixels">31.3–33.3%</abbr> of its health!)</small><br></div><div class="battle-history"><small>The opposing Achilles's Speed fell!</small><br></div><div class="battle-history">[The opposing Achilles's Defiant]<br></div><div class="battle-history"><small>The opposing Achilles's Attack rose sharply!</small><br></div><div class="spacer battle-history"><br></div><div class="battle-history">Garchomp used <strong>Dragon Claw</strong>!<br></div><div class="battle-history"><small>(The opposing Achilles lost <abbr title="−25/48 pixels">50.1–54.1%</abbr> of its health!)</small><br></div><div class="spacer battle-history"><br></div><div class="battle-history">The opposing Achilles used <strong>Thunderous Kick</strong>!<br></div><div class="battle-history"><small>(Garchomp lost <abbr title="−184/184">100%</abbr> of its health!)</small><br></div><div class="battle-history">[Garchomp's Rough Skin]<br><small>The opposing Achilles was hurt!</small><br></div><div class="spacer battle-history"><br></div><div class="battle-history">Garchomp fainted!<br></div><div class="chat chatmessage-asnomplaysshowdown mine"><strong style="color:#1bb1b6"><small>☆</small><span class="username" data-name="ASnomPlaysShowdown">ASnomPlaysShowdown</span>:</strong> <em>shoot</em></div><div class="chat chatmessage-analysisgeek"><strong style="color:#3e7fb9"><small> </small><span class="username" data-name="analysis geek">analysis geek</span>:</strong> <em>stronk</em></div><div class="spacer battle-history"><br></div><div class="battle-history">Go! <strong>Tapu Lele</strong>!<br></div><div class="battle-history">[Tapu Lele's Psychic Surge]<br><small>The battlefield got weird!</small><br></div><div class="battle-history">[The opposing Miko's Down-to-Earth]<br></div><div class="battle-history"><small>Miko suppresses the effects of the terrain!</small><br></div><div class="spacer battle-history"><br></div><h2 class="battle-history">Turn 2</h2><div class="spacer battle-history"><br></div><div class="battle-history">Tapu Koko used <strong>Electroweb</strong>!<br></div><div class="battle-history"><small>It's super effective on the opposing Achilles!</small><br></div><div class="battle-history"><small>(The opposing Miko lost <abbr title="−8/48 pixels">14.7–16.7%</abbr> of its health!)</small><br></div><div class="battle-history"><small>(The opposing Achilles lost <abbr title="−2/48 pixels">4.2–6.2%</abbr> of its health!)</small><br></div><div class="battle-history"><small>The opposing Miko's Speed fell!</small><br></div><div class="spacer battle-history"><br></div><div class="battle-history">The opposing Achilles fainted!<br></div><div class="battle-history">Tapu Lele used <strong>Dazzling Gleam</strong>!<br></div><div class="battle-history"><small>(The opposing Miko lost <abbr title="−39/48 pixels">79.2–85.3%</abbr> of its health!)</small><br></div><div class="spacer battle-history"><br></div><div class="battle-history">The opposing Miko used <strong>Rock Slide</strong>!<br></div><div class="battle-history"><small>(Tapu Koko lost <abbr title="−60/177">33.9%</abbr> of its health!)</small><br></div><div class="battle-history"><small>(Tapu Lele lost <abbr title="−72/160">45%</abbr> of its health!)</small><br></div><div class="chat chatmessage-h2opulse"><strong style="color:#6e8c2b"><small>☆</small><span class="username" data-name="H2OPulse">H2OPulse</span>:</strong> <em>Oh that did a lot</em></div><div class="chat chatmessage-h2opulse"><strong style="color:#6e8c2b"><small>☆</small><span class="username" data-name="H2OPulse">H2OPulse</span>:</strong> <em>Fear</em></div><div class="chat chatmessage-asnomplaysshowdown mine"><strong style="color:#1bb1b6"><small>☆</small><span class="username" data-name="ASnomPlaysShowdown">ASnomPlaysShowdown</span>:</strong> <em>shoot</em></div><div class="chat chatmessage-asnomplaysshowdown mine"><strong style="color:#1bb1b6"><small>☆</small><span class="username" data-name="ASnomPlaysShowdown">ASnomPlaysShowdown</span>:</strong> <em>i should have moonblasted</em></div><div class="spacer battle-history"><br></div><div class="battle-history">H2OPulse sent out Lithops (<strong>Sableye</strong>)!<br></div><div class="spacer battle-history"><br></div><h2 class="battle-history">Turn 3</h2><div class="spacer battle-history"><br></div><div class="battle-history">Tapu Lele, come back!<br></div><div class="battle-history">Go! <strong>Cacturne</strong>!<br></div><div class="spacer battle-history"><br></div><div class="battle-history">The opposing Lithops used <strong>Fake Out</strong>!<br></div><div class="battle-history"><small>Miko suppresses the effects of the terrain!</small><br></div><div class="battle-history"><small>(Tapu Koko lost <abbr title="−14/177">7.9%</abbr> of its health!)</small><br></div><div class="spacer battle-history"><br></div><div class="battle-history">The opposing Miko used <strong>Extreme Speed</strong>!<br></div><div class="battle-history"><small>Miko suppresses the effects of the terrain!</small><br></div><div class="battle-history"><small>(Cacturne lost <abbr title="−108/177">61.0%</abbr> of its health!)</small><br></div><div class="spacer battle-history"><br></div><div class="battle-history">Tapu Koko flinched and couldn't move!<br></div><div class="spacer battle-history"><br></div><h2 class="battle-history">Turn 4</h2><div class="spacer battle-history"><br></div><div class="battle-history"><small>Miko is no longer suppressing the effects of the terrain!</small><br></div><div class="spacer battle-history"><br></div><div class="battle-history">H2OPulse withdrew Miko!<br></div><div class="battle-history">H2OPulse sent out Waimeae (<strong>Kommo-o</strong>)!<br></div><div class="spacer battle-history"><br></div><div class="battle-history"><small>Cacturne's Cacturnite is reacting to the Key Stone!</small><br>Cacturne has Mega Evolved into Mega Cacturne!<br></div><div class="chat"><ul class="utilichart"><li class="result"><span class="col pokemonnamecol" style="white-space: nowrap">Cacturne-Mega</span> <span class="col typecol"><img src="https://play.pokemonshowdown.com/sprites/types/Grass.png" alt="Grass" height="14" width="32"><img src="https://play.pokemonshowdown.com/sprites/types/Dark.png" alt="Dark" height="14" width="32"></span> <span style="float: left ; min-height: 26px"><span class="col abilitycol">Coup de Grass</span><span class="col abilitycol"></span></span><span style="float: left ; min-height: 26px"><span class="col statcol"><em>HP</em><br>70</span> <span class="col statcol"><em>Atk</em><br>115</span> <span class="col statcol"><em>Def</em><br>115</span> <span class="col statcol"><em>SpA</em><br>115</span> <span class="col statcol"><em>SpD</em><br>105</span> <span class="col statcol"><em>Spe</em><br>55</span> </span></li><li style="clear: both"></li></ul></div><div class="battle-history">[Cacturne's Coup de Grass]<br></div><div class="battle-history"><small>Cacturne prepared to move immediately!</small><br></div><div class="spacer battle-history"><br></div><div class="battle-history">The opposing Lithops used <strong>Protect</strong>!<br></div><div class="battle-history"><small>The opposing Lithops protected itself!</small><br></div><div class="spacer battle-history"><br></div><div class="battle-history">Cacturne used <strong>Spiky Shield</strong>!<br></div><div class="battle-history"><small>Cacturne protected itself!</small><br></div><div class="spacer battle-history"><br></div><div class="battle-history">Tapu Koko used <strong>Electroweb</strong>!<br></div><div class="battle-history"><small>The opposing Lithops protected itself!</small><br></div><div class="battle-history"><small>It's not very effective on the opposing Waimeae.</small><br></div><div class="battle-history"><small>(The opposing Waimeae lost <abbr title="−4/48 pixels">6.3–8.3%</abbr> of its health!)</small><br></div><div class="battle-history"><small>The opposing Waimeae's Speed fell!</small><br></div><div class="spacer battle-history"><br></div><h2 class="battle-history">Turn 5</h2><div class="spacer battle-history"><br></div><div class="battle-history">Cacturne, come back!<br></div><div class="battle-history">Go! <strong>Tapu Lele</strong>!<br></div><div class="spacer battle-history"><br></div><div class="battle-history">The opposing Lithops used <strong>Helping Hand</strong>!<br></div><div class="battle-history"><small>The opposing Lithops is ready to help the opposing Waimeae!</small><br></div><div class="spacer battle-history"><br></div><div class="battle-history">Tapu Koko used <strong>Light Screen</strong>!<br></div><div class="battle-history"><small>Light Screen made your team stronger against special moves!</small><br></div><div class="spacer battle-history"><br></div><div class="battle-history">The opposing Waimeae used <strong>Flash Cannon</strong>!<br></div><div class="battle-history"><small>(Tapu Koko lost <abbr title="−51/177">28.8%</abbr> of its health!)</small><br></div><div class="spacer battle-history"><br></div><h2 class="battle-history">Turn 6</h2><div class="spacer battle-history"><br></div><div class="battle-history">Tapu Koko, come back!<br></div><div class="battle-history">Go! Cacturne (<strong>Cacturne-Mega</strong>)!<br></div><div class="spacer battle-history"><br></div><div class="battle-history">The opposing Lithops used <strong>Protect</strong>!<br></div><div class="battle-history"><small>The opposing Lithops protected itself!</small><br></div><div class="spacer battle-history"><br></div><div class="battle-history">The opposing Waimeae used <strong>Protect</strong>!<br></div><div class="battle-history"><small>The opposing Waimeae protected itself!</small><br></div><div class="spacer battle-history"><br></div><div class="battle-history">Tapu Lele used <strong>Dazzling Gleam</strong>!<br></div><div class="battle-history"><small>The opposing Waimeae protected itself!</small><br></div><div class="battle-history"><small>The opposing Lithops protected itself!</small><br></div><div class="spacer battle-history"><br></div><div class="battle-history"><small>The weirdness disappeared from the battlefield!</small><br></div><div class="spacer battle-history"><br></div><h2 class="battle-history">Turn 7</h2><div class="chat"><small> Paul(Paulluxx) joined</small></div><div class="chat chatmessage-h2opulse"><strong style="color:#6e8c2b"><small>☆</small><span class="username" data-name="H2OPulse">H2OPulse</span>:</strong> <em>I am so afraid right now</em></div><div class="spacer battle-history"><br></div><div class="battle-history">[Cacturne's Coup de Grass]<br></div><div class="battle-history"><small>Cacturne prepared to move immediately!</small><br></div><div class="spacer battle-history"><br></div><div class="battle-history">The opposing Lithops used <strong>Protect</strong>!<br></div><div class="battle-history"><small>But it failed!</small><br></div><div class="spacer battle-history"><br></div><div class="battle-history">Cacturne used <strong>Destiny Bond</strong>!<br></div><div class="battle-history"><small>Cacturne is hoping to take its attacker down with it!</small><br></div><div class="spacer battle-history"><br></div><div class="battle-history">Tapu Lele used <strong>Dazzling Gleam</strong>!<br></div><div class="battle-history"><small>It's super effective on the opposing Waimeae!</small><br></div><div class="battle-history"><small>It's super effective on the opposing Lithops!</small><br></div><div class="battle-history"><small>(The opposing Waimeae lost <abbr title="−44/48 pixels">91.7–93.7%</abbr> of its health!)</small><br></div><div class="battle-history"><small>(The opposing Lithops lost <abbr title="−48/48 pixels">100%</abbr> of its health!)</small><br></div><div class="spacer battle-history"><br></div><div class="battle-history">The opposing Waimeae fainted!<br></div><div class="battle-history">The opposing Lithops fainted!<br></div><div class="chat chatmessage-h2opulse"><strong style="color:#6e8c2b"><small>☆</small><span class="username" data-name="H2OPulse">H2OPulse</span>:</strong> <em>Right okay,</em></div><div class="spacer battle-history"><br></div><div class="battle-history">H2OPulse sent out Miko (<strong>Lycanroc-Mega</strong>)!<br></div><div class="spacer battle-history"><br></div><h2 class="battle-history">Turn 8</h2><div class="chat chatmessage-h2opulse"><strong style="color:#6e8c2b"><small>☆</small><span class="username" data-name="H2OPulse">H2OPulse</span>:</strong> <em>Right okay</em></div><div class="chat chatmessage-h2opulse"><strong style="color:#6e8c2b"><small>☆</small><span class="username" data-name="H2OPulse">H2OPulse</span>:</strong> <em>Good game!!!</em></div><div class="spacer battle-history"><br></div><div class="battle-history">[Cacturne's Coup de Grass]<br></div><div class="battle-history"><small>Cacturne prepared to move immediately!</small><br></div><div class="spacer battle-history"><br></div><div class="battle-history">Cacturne used <strong>Giga Drain</strong>!<br></div><div class="battle-history"><small>It's super effective!</small><br></div><div class="battle-history"><small>(The opposing Miko lost <abbr title="−1/48 pixels">0.1–4.1%</abbr> of its health!)</small><br></div><div class="battle-history"><small>The opposing Miko had its energy drained!</small><br></div><div class="spacer battle-history"><br></div><div class="battle-history">The opposing Miko fainted!<br></div><div class="spacer battle-history"><br></div><div class="battle-history"><strong>ASnomPlaysShowdown</strong> won the battle!<br></div><div class="chat chatmessage-asnomplaysshowdown mine"><strong style="color:#1bb1b6"><small>☆</small><span class="username" data-name="ASnomPlaysShowdown">ASnomPlaysShowdown</span>:</strong> <em>gg</em></div></div><div class="inner-preempt message-log"></div></div></div>
</div>
<script>
let daily = Math.floor(Date.now()/1000/60/60/24);document.write('<script src="https://play.pokemonshowdown.com/js/replay-embed.js?version'+daily+'"></'+'script>');
</script>
