<!DOCTYPE html>
<meta charset="utf-8" />
<!-- version 1 -->
<title>[Gen 8] Megas for All replay: inkbug1 vs. H2OPulse</title>
<style>
html,body {font-family:Verdana, sans-serif;font-size:10pt;margin:0;padding:0;}body{padding:12px 0;} .battle-log {font-family:Verdana, sans-serif;font-size:10pt;} .battle-log-inline {border:1px solid #AAAAAA;background:#EEF2F5;color:black;max-width:640px;margin:0 auto 80px;padding-bottom:5px;} .battle-log .inner {padding:4px 8px 0px 8px;} .battle-log .inner-preempt {padding:0 8px 4px 8px;} .battle-log .inner-after {margin-top:0.5em;} .battle-log h2 {margin:0.5em -8px;padding:4px 8px;border:1px solid #AAAAAA;background:#E0E7EA;border-left:0;border-right:0;font-family:Verdana, sans-serif;font-size:13pt;} .battle-log .chat {vertical-align:middle;padding:3px 0 3px 0;font-size:8pt;} .battle-log .chat strong {color:#40576A;} .battle-log .chat em {padding:1px 4px 1px 3px;color:#000000;font-style:normal;} .chat.mine {background:rgba(0,0,0,0.05);margin-left:-8px;margin-right:-8px;padding-left:8px;padding-right:8px;} .spoiler {color:#BBBBBB;background:#BBBBBB;padding:0px 3px;} .spoiler:hover, .spoiler:active, .spoiler-shown {color:#000000;background:#E2E2E2;padding:0px 3px;} .spoiler a {color:#BBBBBB;} .spoiler:hover a, .spoiler:active a, .spoiler-shown a {color:#2288CC;} .chat code, .chat .spoiler:hover code, .chat .spoiler:active code, .chat .spoiler-shown code {border:1px solid #C0C0C0;background:#EEEEEE;color:black;padding:0 2px;} .chat .spoiler code {border:1px solid #CCCCCC;background:#CCCCCC;color:#CCCCCC;} .battle-log .rated {padding:3px 4px;} .battle-log .rated strong {color:white;background:#89A;padding:1px 4px;border-radius:4px;} .spacer {margin-top:0.5em;} .message-announce {background:#6688AA;color:white;padding:1px 4px 2px;} .message-announce a, .broadcast-green a, .broadcast-blue a, .broadcast-red a {color:#DDEEFF;} .broadcast-green {background-color:#559955;color:white;padding:2px 4px;} .broadcast-blue {background-color:#6688AA;color:white;padding:2px 4px;} .infobox {border:1px solid #6688AA;padding:2px 4px;} .infobox-limited {max-height:200px;overflow:auto;overflow-x:hidden;} .broadcast-red {background-color:#AA5544;color:white;padding:2px 4px;} .message-learn-canlearn {font-weight:bold;color:#228822;text-decoration:underline;} .message-learn-cannotlearn {font-weight:bold;color:#CC2222;text-decoration:underline;} .message-effect-weak {font-weight:bold;color:#CC2222;} .message-effect-resist {font-weight:bold;color:#6688AA;} .message-effect-immune {font-weight:bold;color:#666666;} .message-learn-list {margin-top:0;margin-bottom:0;} .message-throttle-notice, .message-error {color:#992222;} .message-overflow, .chat small.message-overflow {font-size:0pt;} .message-overflow::before {font-size:9pt;content:'...';} .subtle {color:#3A4A66;}
</style>
<div class="wrapper replay-wrapper" style="max-width:1180px;margin:0 auto">
<input type="hidden" name="replayid" value="dragonheaven-gen8megasforall-798" />
<div class="battle"></div><div class="battle-log"></div><div class="replay-controls"></div><div class="replay-controls-2"></div>
<h1 style="font-weight:normal;text-align:center"><strong>[Gen 8] Megas for All</strong><br /><a href="http://pokemonshowdown.com/users/inkbug1" class="subtle" target="_blank">inkbug1</a> vs. <a href="http://pokemonshowdown.com/users/h2opulse" class="subtle" target="_blank">H2OPulse</a></h1>
<script type="text/plain" class="battle-log-data">|j|☆inkbug1

|j|☆H2OPulse
|t:|1609125464
|player|p1|inkbug1|burgh|
|player|p2|H2OPulse|aetherfoundation|
|teamsize|p1|6
|teamsize|p2|6
|gametype|singles
|gen|8
|tier|[Gen 8] Megas for All
|clearpoke
|poke|p1|Incineroar, F|
|poke|p1|Eldegoss, M|
|poke|p1|Clawitzer, M|
|poke|p1|Meowstic-F, F|
|poke|p1|Golisopod, M|
|poke|p1|Zygarde-10%|
|poke|p2|Slowking, L99, M|
|poke|p2|Cobalion|
|poke|p2|Muk-Alola, F|
|poke|p2|Hoopa-Unbound|
|poke|p2|Salamence, F|
|poke|p2|Rotom-Heat|
|rule|HP Percentage Mod: HP is shown in percentages
|rule|Endless Battle Clause: Forcing endless battles is banned
|rule|OHKO Clause: OHKO moves are banned
|rule|Evasion Moves Clause: Evasion moves are banned
|rule|Species Clause: Limit one of each Pokémon
|rule|Dynamax Clause: You cannot dynamax
|rule|Sleep Clause Mod: Limit one foe put to sleep
|rule|Freeze Clause Mod: Limit one foe frozen
|teampreview
|c|☆H2OPulse|Ooooooo okay interesting
|c|☆H2OPulse|I love Zygarde
|c|☆inkbug1|l99asdhasdasdasd
|
|t:|1609125489
|start
|switch|p1a: Cindy|Incineroar, F|394\/394
|switch|p2a: Delph|Cobalion|100\/100
|-ability|p1a: Cindy|Intimidate|boost
|-unboost|p2a: Delph|atk|1
|turn|1
|
|t:|1609125501
|move|p2a: Delph|Close Combat|p1a: Cindy
|-supereffective|p1a: Cindy
|-crit|p1a: Cindy
|-damage|p1a: Cindy|0 fnt
|-unboost|p2a: Delph|def|1
|-unboost|p2a: Delph|spd|1
|faint|p1a: Cindy
|
|upkeep
|c|☆inkbug1|ok fair
|c|☆H2OPulse|AH SORRY FOR THE CRIT ;_;
|
|t:|1609125514
|switch|p1a: Millie|Meowstic-F, F|289\/289
|turn|2
|c|☆H2OPulse|that uh
|c|☆H2OPulse|did matter I'm sure
|
|t:|1609125520
|move|p2a: Delph|Iron Head|p1a: Millie
|-damage|p1a: Millie|190\/289
|move|p1a: Millie|Calm Mind|p1a: Millie
|-boost|p1a: Millie|spa|1
|-boost|p1a: Millie|spd|1
|
|upkeep
|turn|3
|
|t:|1609125527
|move|p2a: Delph|Iron Head|p1a: Millie
|-damage|p1a: Millie|103\/289
|move|p1a: Millie|Calm Mind|p1a: Millie
|-boost|p1a: Millie|spa|1
|-boost|p1a: Millie|spd|1
|
|upkeep
|turn|4
|
|t:|1609125533
|move|p2a: Delph|Iron Head|p1a: Millie
|-damage|p1a: Millie|9\/289
|cant|p1a: Millie|flinch
|
|upkeep
|turn|5
|c|☆inkbug1|NO
|c|☆inkbug1|ok
|raw|<div class="message"><ul class="utilichart"><li class="result"><span class="col numcol">(PU)<\/span> <span class="col iconcol"><psicon pokemon="meowsticf"\/><\/span> <span class="col pokemonnamecol" style="white-space:nowrap"><a href="https:\/\/dex.pokemonshowdown.com\/pokemon\/meowsticf" target="_blank">Meowstic-F<\/a><\/span> <span class="col typecol"><img src="https:\/\/play.pokemonshowdown.com\/sprites\/types\/Psychic.png" alt="Psychic" height="14" width="32"><\/span> <span style="float:left;min-height:26px"><span class="col twoabilitycol">Keen Eye<br \/>Infiltrator<\/span><span class="col abilitycol"><em>Competitive<\/em><\/span><\/span><span style="float:left;min-height:26px"><span class="col statcol"><em>HP<\/em><br \/>74<\/span> <span class="col statcol"><em>Atk<\/em><br \/>48<\/span> <span class="col statcol"><em>Def<\/em><br \/>76<\/span> <span class="col statcol"><em>SpA<\/em><br \/>83<\/span> <span class="col statcol"><em>SpD<\/em><br \/>81<\/span> <span class="col statcol"><em>Spe<\/em><br \/>104<\/span> <span class="col bstcol"><em>BST<br \/>466<\/em><\/span> <\/span><\/li><li style="clear:both"><\/li><\/ul><\/div>
|raw|<font size="1"><font color="#686868">Dex#:<\/font> 678&nbsp;|&ThickSpace;<font color="#686868">Gen:<\/font> 6&nbsp;|&ThickSpace;<font color="#686868">Height:<\/font> 0.6 m&nbsp;|&ThickSpace;<font color="#686868">Weight:<\/font> 8.5 kg <em>(20 BP)<\/em>&nbsp;|&ThickSpace;<font color="#686868">Dex Colour:<\/font> White&nbsp;|&ThickSpace;<font color="#686868">Egg Group(s):<\/font> Field&nbsp;|&ThickSpace;<font color="#686868">Does Not Evolve<\/font><\/font>

|raw|<div class="message"><ul class="utilichart"><li class="result"><span class="col numcol">(PU)<\/span> <span class="col iconcol"><psicon pokemon="meowsticfmega"\/><\/span> <span class="col pokemonnamecol" style="white-space:nowrap"><a href="https:\/\/dex.pokemonshowdown.com\/pokemon\/meowsticfmega" target="_blank">Meowstic-F-Mega<\/a><\/span> <span class="col typecol"><img src="https:\/\/play.pokemonshowdown.com\/sprites\/types\/Psychic.png" alt="Psychic" height="14" width="32"><img src="https:\/\/play.pokemonshowdown.com\/sprites\/types\/Fairy.png" alt="Fairy" height="14" width="32"><\/span> <span style="float:left;min-height:26px"><span class="col abilitycol">Fairy Aura<\/span><span class="col abilitycol"><\/span><\/span><span style="float:left;min-height:26px"><span class="col statcol"><em>HP<\/em><br \/>74<\/span> <span class="col statcol"><em>Atk<\/em><br \/>48<\/span> <span class="col statcol"><em>Def<\/em><br \/>91<\/span> <span class="col statcol"><em>SpA<\/em><br \/>133<\/span> <span class="col statcol"><em>SpD<\/em><br \/>96<\/span> <span class="col statcol"><em>Spe<\/em><br \/>124<\/span> <span class="col bstcol"><em>BST<br \/>566<\/em><\/span> <\/span><\/li><li style="clear:both"><\/li><\/ul><\/div>
|raw|<font size="1"><font color="#686868">Dex#:<\/font> 678&nbsp;|&ThickSpace;<font color="#686868">Gen:<\/font> 6&nbsp;|&ThickSpace;<font color="#686868">Height:<\/font> 0.6 m&nbsp;|&ThickSpace;<font color="#686868">Weight:<\/font> 8.5 kg <em>(20 BP)<\/em>&nbsp;|&ThickSpace;<font color="#686868">Dex Colour:<\/font> White&nbsp;|&ThickSpace;<font color="#686868">Egg Group(s):<\/font> Field&nbsp;|&ThickSpace;<font color="#686868">Does Not Evolve<\/font><\/font>

|c|☆H2OPulse|okay but to be fair that part was kind of expected if I get to Iron Head three times,
|raw|<div class="message"><ul class="utilichart"><li class="result"><span class="col numcol">UU<\/span> <span class="col iconcol"><psicon pokemon="cobalion"\/><\/span> <span class="col pokemonnamecol" style="white-space:nowrap"><a href="https:\/\/dex.pokemonshowdown.com\/pokemon\/cobalion" target="_blank">Cobalion<\/a><\/span> <span class="col typecol"><img src="https:\/\/play.pokemonshowdown.com\/sprites\/types\/Steel.png" alt="Steel" height="14" width="32"><img src="https:\/\/play.pokemonshowdown.com\/sprites\/types\/Fighting.png" alt="Fighting" height="14" width="32"><\/span> <span style="float:left;min-height:26px"><span class="col abilitycol">Justified<\/span><span class="col abilitycol"><\/span><\/span><span style="float:left;min-height:26px"><span class="col statcol"><em>HP<\/em><br \/>91<\/span> <span class="col statcol"><em>Atk<\/em><br \/>90<\/span> <span class="col statcol"><em>Def<\/em><br \/>129<\/span> <span class="col statcol"><em>SpA<\/em><br \/>90<\/span> <span class="col statcol"><em>SpD<\/em><br \/>72<\/span> <span class="col statcol"><em>Spe<\/em><br \/>108<\/span> <span class="col bstcol"><em>BST<br \/>580<\/em><\/span> <\/span><\/li><li style="clear:both"><\/li><\/ul><\/div>
|raw|<font size="1"><font color="#686868">Dex#:<\/font> 638&nbsp;|&ThickSpace;<font color="#686868">Gen:<\/font> 5&nbsp;|&ThickSpace;<font color="#686868">Height:<\/font> 2.1 m&nbsp;|&ThickSpace;<font color="#686868">Weight:<\/font> 250 kg <em>(120 BP)<\/em>&nbsp;|&ThickSpace;<font color="#686868">Dex Colour:<\/font> Blue&nbsp;|&ThickSpace;<font color="#686868">Egg Group(s):<\/font> Undiscovered&nbsp;|&ThickSpace;<font color="#686868">Does Not Evolve<\/font><\/font>

|
|t:|1609125580
|detailschange|p1a: Millie|Meowstic-F-Mega, F
|-mega|p1a: Millie|Meowstic|Meowsticite
|-ability|p1a: Millie|Fairy Aura
|-start|p1a: Millie|typechange|Psychic\/Fairy|[silent]
|raw|<ul class="utilichart"><li class="result"><span class="col pokemonnamecol" style="white-space: nowrap">Meowstic-F-Mega<\/span> <span class="col typecol"><img src="https:\/\/play.pokemonshowdown.com\/sprites\/types\/Psychic.png" alt="Psychic" height="14" width="32"><img src="https:\/\/play.pokemonshowdown.com\/sprites\/types\/Fairy.png" alt="Fairy" height="14" width="32"><\/span> <span style="float: left ; min-height: 26px"><span class="col abilitycol">Fairy Aura<\/span><span class="col abilitycol"><\/span><\/span><span style="float: left ; min-height: 26px"><span class="col statcol"><em>HP<\/em><br>74<\/span> <span class="col statcol"><em>Atk<\/em><br>48<\/span> <span class="col statcol"><em>Def<\/em><br>91<\/span> <span class="col statcol"><em>SpA<\/em><br>133<\/span> <span class="col statcol"><em>SpD<\/em><br>96<\/span> <span class="col statcol"><em>Spe<\/em><br>124<\/span> <\/span><\/li><li style="clear: both"><\/li><\/ul>
|move|p1a: Millie|Draining Kiss|p2a: Delph
|-damage|p2a: Delph|0 fnt
|-heal|p1a: Millie|251\/289|[from] drain|[of] p2a: Delph
|-damage|p1a: Millie|203\/289|[from] item: Rocky Helmet|[of] p2a: Delph
|faint|p2a: Delph
|
|upkeep
|c|☆inkbug1|oh fuck
|c|☆H2OPulse|OW
|c|☆inkbug1|that
|c|☆inkbug1|that did not fuck around
|
|t:|1609125597
|switch|p2a: Hydrangea|Muk-Alola, F|100\/100
|turn|6
|
|t:|1609125611
|move|p1a: Millie|Reflect|p1a: Millie
|-sidestart|p1: inkbug1|Reflect
|move|p2a: Hydrangea|Gunk Shot|p1a: Millie
|-supereffective|p1a: Millie
|-damage|p1a: Millie|0 fnt
|faint|p1a: Millie
|
|upkeep
|c|☆H2OPulse|I'm in so much danger
|c|☆inkbug1|NOT enough
|c|☆H2OPulse|Okay fair
|c|☆inkbug1|shouldve just dkissed
|c|☆inkbug1|ah well
|
|t:|1609125624
|switch|p1a: Cello|Zygarde-10%|249\/249
|-ability|p1a: Cello|Aura Break
|turn|7
|
|t:|1609125632
|move|p1a: Cello|Thousand Arrows|p2a: Hydrangea
|-supereffective|p2a: Hydrangea
|-crit|p2a: Hydrangea
|-damage|p2a: Hydrangea|0 fnt
|faint|p2a: Hydrangea
|
|upkeep
|
|t:|1609125635
|switch|p2a: Moss Rose|Slowking, L99, M|100\/100
|turn|8
|c|☆H2OPulse|Part of me has no idea why I stayed in on that and the other part is like
|c|☆H2OPulse|what do you switch in
|c|☆H2OPulse|on a Thousand Arrows
|c|☆H2OPulse|so
|c|☆inkbug1|yeah honestly
|
|t:|1609125716
|switch|p1a: Goliso Padre|Golisopod, M|354\/354
|move|p2a: Moss Rose|Nasty Plot|p2a: Moss Rose
|-boost|p2a: Moss Rose|spa|2
|
|upkeep
|turn|9
|l|☆H2OPulse
|player|p2|
|j|☆H2OPulse
|player|p2|H2OPulse|aetherfoundation
|c|☆H2OPulse|Oops
|c|☆inkbug1|ur good
|c|☆H2OPulse|Hm okay I
|c|☆H2OPulse|can't remember whether I live this...
|
|t:|1609125764
|detailschange|p2a: Moss Rose|Slowking-Mega, L99, M
|-mega|p2a: Moss Rose|Slowking|Slowkinite
|-activate|p2a: Moss Rose|ability: Counter-Clockwise Spiral|p2a: Moss Rose
|-fieldstart|move: Trick Room|[of] p2a: Moss Rose
|-start|p2a: Moss Rose|typechange|Water\/Psychic|[silent]
|raw|<ul class="utilichart"><li class="result"><span class="col pokemonnamecol" style="white-space: nowrap">Slowking-Mega<\/span> <span class="col typecol"><img src="https:\/\/play.pokemonshowdown.com\/sprites\/types\/Water.png" alt="Water" height="14" width="32"><img src="https:\/\/play.pokemonshowdown.com\/sprites\/types\/Psychic.png" alt="Psychic" height="14" width="32"><\/span> <span style="float: left ; min-height: 26px"><span class="col abilitycol">Counter-Clockwise Spiral<\/span><span class="col abilitycol"><\/span><\/span><span style="float: left ; min-height: 26px"><span class="col statcol"><em>HP<\/em><br>95<\/span> <span class="col statcol"><em>Atk<\/em><br>75<\/span> <span class="col statcol"><em>Def<\/em><br>80<\/span> <span class="col statcol"><em>SpA<\/em><br>110<\/span> <span class="col statcol"><em>SpD<\/em><br>110<\/span> <span class="col statcol"><em>Spe<\/em><br>120<\/span> <\/span><\/li><li style="clear: both"><\/li><\/ul>
|move|p1a: Goliso Padre|First Impression|p2a: Moss Rose
|-supereffective|p2a: Moss Rose
|-damage|p2a: Moss Rose|26\/100
|move|p2a: Moss Rose|Slack Off|p2a: Moss Rose
|-heal|p2a: Moss Rose|76\/100
|
|upkeep
|turn|10
|c|☆H2OPulse|I will take it
|c|☆inkbug1|hrmmmmmm
|c|☆H2OPulse|Probably didn't need to Mega there actually that was dumb
|c|☆inkbug1|yeah i think goliso outspeeds it 
|c|☆inkbug1|dont have the best coverage on this one tho i copied him from the wrong team
|c|☆inkbug1|oh my god you dont know who iso padre is
|c|☆inkbug1|hold on
|c|☆H2OPulse|Fhfjgj okay ,
|l|☆H2OPulse
|player|p2|
|
|t:|1609125862
|switch|p1a: Crab Rave|Clawitzer, M|346\/346
|move|p2a: Moss Rose|Psyshock|p1a: Crab Rave
|-damage|p1a: Crab Rave|126\/346
|
|-sideend|p1: inkbug1|Reflect
|upkeep
|turn|11
|c|☆inkbug1|owie
|j|☆H2OPulse
|player|p2|H2OPulse|aetherfoundation
|
|t:|1609125891
|move|p1a: Crab Rave|Dark Pulse|p2a: Moss Rose
|-supereffective|p2a: Moss Rose
|-damage|p2a: Moss Rose|3\/100
|move|p2a: Moss Rose|Psyshock|p1a: Crab Rave
|-damage|p1a: Crab Rave|0 fnt
|faint|p1a: Crab Rave
|
|upkeep
|c|☆H2OPulse|Yeah I keep being dumb I really should not be Mega Evolving against a team like this in the first place
|c|☆inkbug1|yeah ive got 2 members w speed invstment and one of thems dead already 
|c|☆H2OPulse|Unless I like badly need to revenge Zygarde but
|
|t:|1609125944
|switch|p1a: Goliso Padre|Golisopod, M|354\/354
|turn|12
|
|t:|1609125950
|-fieldend|move: Trick Room
|switch|p2a: Strelitzia|Salamence, F|100\/100
|-ability|p2a: Strelitzia|Intimidate|boost
|-unboost|p1a: Goliso Padre|atk|1
|move|p1a: Goliso Padre|First Impression|p2a: Strelitzia
|-resisted|p2a: Strelitzia
|-damage|p2a: Strelitzia|84\/100
|
|upkeep
|turn|13
|c|☆inkbug1|overall i am very slow
|
|t:|1609125960
|move|p2a: Strelitzia|Wish|p2a: Strelitzia
|move|p1a: Goliso Padre|Spikes|p2a: Strelitzia
|-sidestart|p2: H2OPulse|Spikes
|
|upkeep
|turn|14
|
|t:|1609125969
|switch|p2a: Wheat|Rotom-Heat|100\/100
|move|p1a: Goliso Padre|Spikes|p2a: Wheat
|-sidestart|p2: H2OPulse|Spikes
|
|upkeep
|turn|15
|
|t:|1609125973
|move|p2a: Wheat|Defog|p1a: Goliso Padre
|-unboost|p1a: Goliso Padre|evasion|1
|-sideend|p2: H2OPulse|Spikes|[from] move: Defog|[of] p2a: Wheat
|move|p1a: Goliso Padre|Liquidation|p2a: Wheat
|-supereffective|p2a: Wheat
|-damage|p2a: Wheat|35\/100
|
|upkeep
|turn|16
|
|t:|1609125981
|move|p2a: Wheat|Volt Switch|p1a: Goliso Padre
|-supereffective|p1a: Goliso Padre
|-damage|p1a: Goliso Padre|162\/354
|-activate|p1a: Goliso Padre|ability: Emergency Exit
|c|☆inkbug1|hm
|
|t:|1609125997
|switch|p1a: Cello|Zygarde-10%|249\/249
|-ability|p1a: Cello|Aura Break
|
|upkeep
|turn|17
|
|t:|1609126014
|move|p1a: Cello|Thousand Arrows|p2a: Wheat
|-supereffective|p2a: Wheat
|-damage|p2a: Wheat|0 fnt
|faint|p2a: Wheat
|
|upkeep
|c|☆H2OPulse|OH INTRIGUING
|c|☆H2OPulse|I knew that would KO either way but
|c|☆inkbug1|hm?
|c|☆H2OPulse|Thousand Arrows has this bizarre interaction with Flying-types where it is always neutrally effective on the first hit, no matter what their secondary type is
|c|☆inkbug1|oh, interesting
|c|☆H2OPulse|but I always assumed the same was true of Levitate and it seems not!
|c|☆inkbug1|huh! 
|c|☆H2OPulse|Good to know for when I'm at higher HP and have some illusion of a chance of living
|
|t:|1609126097
|switch|p2a: Strelitzia|Salamence, F|84\/100
|-ability|p2a: Strelitzia|Intimidate|boost
|-unboost|p1a: Cello|atk|1
|turn|18
|
|t:|1609126117
|switch|p1a: Candyfloss|Eldegoss, M|261\/261
|move|p2a: Strelitzia|Wish|p2a: Strelitzia
|
|upkeep
|turn|19
|
|t:|1609126122
|move|p2a: Strelitzia|Draco Meteor|p1a: Candyfloss
|-damage|p1a: Candyfloss|162\/261
|-unboost|p2a: Strelitzia|spa|2
|-enditem|p2a: Strelitzia|Eject Pack
|
|t:|1609126125
|switch|p2a: Moss Rose|Slowking-Mega, L99, M|3\/100
|-start|p2a: Moss Rose|typechange|Water\/Psychic|[silent]
|-activate|p2a: Moss Rose|ability: Counter-Clockwise Spiral|p2a: Moss Rose
|-fieldstart|move: Trick Room|[of] p2a: Moss Rose
|move|p1a: Candyfloss|Leech Seed|p2a: Moss Rose
|-start|p2a: Moss Rose|move: Leech Seed
|
|-heal|p2a: Moss Rose|54\/100|[from] move: Wish|[wisher] Strelitzia
|-damage|p2a: Moss Rose|42\/100|[from] Leech Seed|[of] p1a: Candyfloss
|-heal|p1a: Candyfloss|224\/261|[silent]
|upkeep
|turn|20
|c|☆inkbug1|gosh darn order of operations
|
|t:|1609126140
|-fieldend|move: Trick Room
|switch|p2a: Strelitzia|Salamence, F|84\/100
|-ability|p2a: Strelitzia|Intimidate|boost
|-unboost|p1a: Candyfloss|atk|1
|move|p1a: Candyfloss|Giga Drain|p2a: Strelitzia
|-resisted|p2a: Strelitzia
|-damage|p2a: Strelitzia|80\/100
|-heal|p1a: Candyfloss|233\/261|[from] drain|[of] p2a: Strelitzia
|
|upkeep
|turn|21
|c|☆H2OPulse|That was also dumb of me actually I shouldn't have used the Eject Pack on the first one
|c|☆inkbug1|pfff
|c|☆H2OPulse|Could've just hard switched and I may need that later
|c|☆H2OPulse|Oh well
|
|t:|1609126167
|move|p2a: Strelitzia|Fire Blast|p1a: Candyfloss|[miss]
|-miss|p2a: Strelitzia|p1a: Candyfloss
|move|p1a: Candyfloss|Leech Seed|p2a: Strelitzia
|-start|p2a: Strelitzia|move: Leech Seed
|
|-damage|p2a: Strelitzia|68\/100|[from] Leech Seed|[of] p1a: Candyfloss
|-heal|p1a: Candyfloss|261\/261|[silent]
|upkeep
|turn|22
|
|t:|1609126189
|switch|p1a: Goliso Padre|Golisopod, M|162\/354
|move|p2a: Strelitzia|Wish|p2a: Strelitzia
|
|-damage|p2a: Strelitzia|55\/100|[from] Leech Seed|[of] p1a: Goliso Padre
|-heal|p1a: Goliso Padre|211\/354|[silent]
|upkeep
|turn|23
|
|t:|1609126199
|move|p1a: Goliso Padre|First Impression|p2a: Strelitzia
|-resisted|p2a: Strelitzia
|-damage|p2a: Strelitzia|31\/100
|move|p2a: Strelitzia|Fire Blast|p1a: Goliso Padre
|-damage|p1a: Goliso Padre|109\/354
|-activate|p1a: Goliso Padre|ability: Emergency Exit
|
|t:|1609126212
|switch|p1a: Candyfloss|Eldegoss, M|261\/261
|
|-heal|p2a: Strelitzia|81\/100|[from] move: Wish|[wisher] Strelitzia
|-damage|p2a: Strelitzia|69\/100|[from] Leech Seed|[of] p1a: Candyfloss
|upkeep
|turn|24
|
|t:|1609126220
|move|p2a: Strelitzia|Toxic|p1a: Candyfloss
|-status|p1a: Candyfloss|tox
|move|p1a: Candyfloss|Giga Drain|p2a: Strelitzia
|-resisted|p2a: Strelitzia
|-damage|p2a: Strelitzia|65\/100
|
|-damage|p2a: Strelitzia|52\/100|[from] Leech Seed|[of] p1a: Candyfloss
|-damage|p1a: Candyfloss|245\/261 tox|[from] psn
|upkeep
|turn|25
|
|t:|1609126229
|move|p2a: Strelitzia|Wish|p2a: Strelitzia
|move|p1a: Candyfloss|Aromatherapy|p1a: Candyfloss
|-activate|p1a: Candyfloss|move: Aromatherapy
|-curestatus|p1a: Candyfloss|tox|[msg]
|
|-damage|p2a: Strelitzia|40\/100|[from] Leech Seed|[of] p1a: Candyfloss
|-heal|p1a: Candyfloss|261\/261|[silent]
|upkeep
|turn|26
|
|t:|1609126237
|move|p2a: Strelitzia|Fire Blast|p1a: Candyfloss
|-supereffective|p1a: Candyfloss
|-damage|p1a: Candyfloss|145\/261
|move|p1a: Candyfloss|Giga Drain|p2a: Strelitzia
|-resisted|p2a: Strelitzia
|-damage|p2a: Strelitzia|36\/100
|-heal|p1a: Candyfloss|154\/261|[from] drain|[of] p2a: Strelitzia
|
|-heal|p2a: Strelitzia|86\/100|[from] move: Wish|[wisher] Strelitzia
|-damage|p2a: Strelitzia|74\/100|[from] Leech Seed|[of] p1a: Candyfloss
|-heal|p1a: Candyfloss|218\/261|[silent]
|upkeep
|turn|27
|c|☆inkbug1|god i love this thing. i know im like the only person who uses it but its so rude.
|c|☆H2OPulse|Yeah I'm not making much progress here huh,
|
|t:|1609126266
|move|p2a: Strelitzia|Wish|p2a: Strelitzia
|move|p1a: Candyfloss|Giga Drain|p2a: Strelitzia
|-resisted|p2a: Strelitzia
|-damage|p2a: Strelitzia|70\/100
|-heal|p1a: Candyfloss|227\/261|[from] drain|[of] p2a: Strelitzia
|
|-damage|p2a: Strelitzia|58\/100|[from] Leech Seed|[of] p1a: Candyfloss
|-heal|p1a: Candyfloss|261\/261|[silent]
|upkeep
|turn|28
|c|☆inkbug1|no hp investment + big root + leech seed = profit
|c|☆H2OPulse|F u n
|
|t:|1609126309
|switch|p2a: Malacothrix|Hoopa-Unbound|100\/100
|move|p1a: Candyfloss|Giga Drain|p2a: Malacothrix
|-crit|p2a: Malacothrix
|-damage|p2a: Malacothrix|74\/100
|
|-heal|p2a: Malacothrix|100\/100|[from] move: Wish|[wisher] Strelitzia
|upkeep
|turn|29
|c|☆H2OPulse|Wow I love that actually
|c|☆inkbug1|yeah its sm fun 
|c|☆inkbug1|you heal So Much
|c|☆inkbug1|haha anyway im fucked now
|
|t:|1609126333
|switch|p1a: Goliso Padre|Golisopod, M|109\/354
|move|p2a: Malacothrix|Trick|p1a: Goliso Padre
|-activate|p2a: Malacothrix|move: Trick|[of] p1a: Goliso Padre
|-item|p1a: Goliso Padre|Choice Band|[from] move: Trick
|-item|p2a: Malacothrix|Heavy-Duty Boots|[from] move: Trick
|
|upkeep
|turn|30
|c|☆inkbug1|oh thanks
|c|☆H2OPulse|Well that was dumb
|
|t:|1609126346
|switch|p2a: Strelitzia|Salamence, F|58\/100
|-ability|p2a: Strelitzia|Intimidate|boost
|-unboost|p1a: Goliso Padre|atk|1
|move|p1a: Goliso Padre|First Impression|p2a: Strelitzia
|-resisted|p2a: Strelitzia
|-damage|p2a: Strelitzia|32\/100
|
|upkeep
|turn|31
|
|t:|1609126354
|switch|p1a: Cello|Zygarde-10%|249\/249
|-ability|p1a: Cello|Aura Break
|move|p2a: Strelitzia|Wish|p2a: Strelitzia
|
|upkeep
|turn|32
|c|☆H2OPulse|Oh I have played these last two turns horribly
|c|☆inkbug1|jhgjsgdf
|
|t:|1609126390
|move|p1a: Cello|Thousand Arrows|p2a: Strelitzia
|-damage|p2a: Strelitzia|0 fnt
|faint|p2a: Strelitzia
|
|upkeep
|
|t:|1609126395
|switch|p2a: Moss Rose|Slowking-Mega, L99, M|42\/100
|-start|p2a: Moss Rose|typechange|Water\/Psychic|[silent]
|-activate|p2a: Moss Rose|ability: Counter-Clockwise Spiral|p2a: Moss Rose
|-fieldstart|move: Trick Room|[of] p2a: Moss Rose
|turn|33
|c|☆inkbug1|sorry this rly isnt the best team to test slowking against, huh
|
|t:|1609126410
|move|p2a: Moss Rose|Slack Off|p2a: Moss Rose
|-heal|p2a: Moss Rose|92\/100
|-zpower|p1a: Cello
|move|p1a: Cello|Devastating Drake|p2a: Moss Rose|[zeffect]
|-damage|p2a: Moss Rose|36\/100
|
|upkeep
|turn|34
|c|☆inkbug1|god DAMN
|c|☆inkbug1|okay
|
|t:|1609126423
|move|p2a: Moss Rose|Slack Off|p2a: Moss Rose
|-heal|p2a: Moss Rose|86\/100
|move|p1a: Cello|Dragon Dance|p1a: Cello
|-boost|p1a: Cello|atk|1
|-boost|p1a: Cello|spe|1
|
|upkeep
|turn|35
|
|t:|1609126431
|move|p2a: Moss Rose|Nasty Plot|p2a: Moss Rose
|-boost|p2a: Moss Rose|spa|2
|move|p1a: Cello|Dragon Dance|p1a: Cello
|-boost|p1a: Cello|atk|1
|-boost|p1a: Cello|spe|1
|
|upkeep
|turn|36
|
|t:|1609126452
|move|p2a: Moss Rose|Scald|p1a: Cello
|-damage|p1a: Cello|14\/249
|move|p1a: Cello|Outrage|p2a: Moss Rose
|-damage|p2a: Moss Rose|9\/100
|
|upkeep
|turn|37
|c|☆inkbug1|hoooooo boye
|c|☆inkbug1|alright
|
|t:|1609126465
|move|p2a: Moss Rose|Scald|p1a: Cello
|-damage|p1a: Cello|0 fnt
|faint|p1a: Cello
|
|upkeep
|
|t:|1609126470
|switch|p1a: Candyfloss|Eldegoss, M|261\/261
|turn|38
|
|t:|1609126479
|-fieldend|move: Trick Room
|switch|p2a: Malacothrix|Hoopa-Unbound|100\/100
|move|p1a: Candyfloss|Giga Drain|p2a: Malacothrix
|-damage|p2a: Malacothrix|83\/100
|
|upkeep
|turn|39
|c|☆inkbug1|mmmmmm
|
|t:|1609126496
|switch|p1a: Goliso Padre|Golisopod, M|109\/354
|move|p2a: Malacothrix|Knock Off|p1a: Goliso Padre
|-damage|p1a: Goliso Padre|0 fnt
|-enditem|p1a: Goliso Padre|Choice Band|[from] move: Knock Off|[of] p2a: Malacothrix
|faint|p1a: Goliso Padre
|
|upkeep
|c|☆inkbug1|yeah
|
|t:|1609126503
|switch|p1a: Candyfloss|Eldegoss, M|261\/261
|turn|40
|c|☆inkbug1|ggs
|
|t:|1609126509
|move|p2a: Malacothrix|Knock Off|p1a: Candyfloss
|-damage|p1a: Candyfloss|107\/261
|-enditem|p1a: Candyfloss|Big Root|[from] move: Knock Off|[of] p2a: Malacothrix
|move|p1a: Candyfloss|Leech Seed|p2a: Malacothrix
|-start|p2a: Malacothrix|move: Leech Seed
|
|-damage|p2a: Malacothrix|71\/100|[from] Leech Seed|[of] p1a: Candyfloss
|-heal|p1a: Candyfloss|145\/261|[silent]
|upkeep
|turn|41
|
|t:|1609126517
|move|p2a: Malacothrix|Zen Headbutt|p1a: Candyfloss
|-damage|p1a: Candyfloss|12\/261
|move|p1a: Candyfloss|Giga Drain|p2a: Malacothrix
|-damage|p2a: Malacothrix|53\/100
|-heal|p1a: Candyfloss|39\/261|[from] drain|[of] p2a: Malacothrix
|
|-damage|p2a: Malacothrix|41\/100|[from] Leech Seed|[of] p1a: Candyfloss
|-heal|p1a: Candyfloss|77\/261|[silent]
|upkeep
|turn|42
|c|☆H2OPulse|Good game :'D
|c|☆H2OPulse|That was so close holy heck
|c|☆H2OPulse|Watch me still lose actually,
|
|t:|1609126540
|move|p2a: Malacothrix|Zen Headbutt|p1a: Candyfloss
|-damage|p1a: Candyfloss|0 fnt
|faint|p1a: Candyfloss
|
|win|H2OPulse
|c|☆inkbug1|ggg
|c|☆H2OPulse|Good okay it hit</script>
</div>
<div class="battle-log battle-log-inline"><div class="inner"><div class="battle-options"><div style="padding-top: 3px; padding-right: 3px; text-align: right"><button class="icon button" name="openBattleOptions" title="Options">Battle Options</button></div></div><div class="inner message-log"><div class="chat"><small>☆inkbug1 and ☆H2OPulse joined</small></div><div class=""><small>Format:</small> <br><strong>[Gen 8] Megas for All</strong></div><div class=""><small><em>HP Percentage Mod:</em> HP is shown in percentages</small></div><div class=""><small><em>Endless Battle Clause:</em> Forcing endless battles is banned</small></div><div class=""><small><em>OHKO Clause:</em> OHKO moves are banned</small></div><div class=""><small><em>Evasion Moves Clause:</em> Evasion moves are banned</small></div><div class=""><small><em>Species Clause:</em> Limit one of each Pokémon</small></div><div class=""><small><em>Dynamax Clause:</em> You cannot dynamax</small></div><div class=""><small><em>Sleep Clause Mod:</em> Limit one foe put to sleep</small></div><div class=""><small><em>Freeze Clause Mod:</em> Limit one foe frozen</small></div><div class="chat battle-history"><strong>inkbug1's team:</strong> <em style="color:#445566;display:block;">Incineroar / Eldegoss / Clawitzer / Meowstic-F / Golisopod / Zygarde-10%</em></div><div class="chat battle-history"><strong>H2OPulse's team:</strong> <em style="color:#445566;display:block;">Slowking / Cobalion / Muk-Alola / Hoopa-Unbound / Salamence / Rotom-Heat</em></div><div class="chat chatmessage-h2opulse"><strong style="color:#6e8c2b"><small>☆</small><span class="username" data-name="H2OPulse">H2OPulse</span>:</strong> <em>Ooooooo okay interesting</em></div><div class="chat chatmessage-h2opulse"><strong style="color:#6e8c2b"><small>☆</small><span class="username" data-name="H2OPulse">H2OPulse</span>:</strong> <em>I love Zygarde</em></div><div class="chat chatmessage-inkbug1 mine"><strong style="color:#e46e0f"><small>☆</small><span class="username" data-name="inkbug1">inkbug1</span>:</strong> <em>l99asdhasdasdasd</em></div><div class="spacer battle-history"><br></div><div class="battle-history">Battle started between inkbug1 and H2OPulse!<br></div><div class="spacer battle-history"><br></div><div class="battle-history">Go! Cindy (<strong>Incineroar</strong>)!<br></div><div class="spacer battle-history"><br></div><div class="battle-history">H2OPulse sent out Delph (<strong>Cobalion</strong>)!<br></div><div class="battle-history">[Cindy's Intimidate]<br></div><div class="battle-history"><small>The opposing Delph's Attack fell!</small><br></div><div class="spacer battle-history"><br></div><h2 class="battle-history">Turn 1</h2><div class="spacer battle-history"><br></div><div class="battle-history">The opposing Delph used <strong>Close Combat</strong>!<br></div><div class="battle-history"><small>It's super effective!</small><br></div><div class="battle-history"><small>A critical hit!</small><br></div><div class="battle-history"><small>(Cindy lost <abbr title="−394/394">100%</abbr> of its health!)</small><br></div><div class="battle-history"><small>The opposing Delph's Defense fell!</small><br></div><div class="battle-history"><small>The opposing Delph's Sp. Def fell!</small><br></div><div class="spacer battle-history"><br></div><div class="battle-history">Cindy fainted!<br></div><div class="chat chatmessage-inkbug1 mine"><strong style="color:#e46e0f"><small>☆</small><span class="username" data-name="inkbug1">inkbug1</span>:</strong> <em>ok fair</em></div><div class="chat chatmessage-h2opulse"><strong style="color:#6e8c2b"><small>☆</small><span class="username" data-name="H2OPulse">H2OPulse</span>:</strong> <em>AH SORRY FOR THE CRIT ;_;</em></div><div class="spacer battle-history"><br></div><div class="battle-history">Go! Millie (<strong>Meowstic-F</strong>)!<br></div><div class="spacer battle-history"><br></div><h2 class="battle-history">Turn 2</h2><div class="chat chatmessage-h2opulse"><strong style="color:#6e8c2b"><small>☆</small><span class="username" data-name="H2OPulse">H2OPulse</span>:</strong> <em>that uh</em></div><div class="chat chatmessage-h2opulse"><strong style="color:#6e8c2b"><small>☆</small><span class="username" data-name="H2OPulse">H2OPulse</span>:</strong> <em>did matter I'm sure</em></div><div class="spacer battle-history"><br></div><div class="battle-history">The opposing Delph used <strong>Iron Head</strong>!<br></div><div class="battle-history"><small>(Millie lost <abbr title="−99/289">34.3%</abbr> of its health!)</small><br></div><div class="spacer battle-history"><br></div><div class="battle-history">Millie used <strong>Calm Mind</strong>!<br></div><div class="battle-history"><small>Millie's Sp. Atk rose!</small><br></div><div class="battle-history"><small>Millie's Sp. Def rose!</small><br></div><div class="spacer battle-history"><br></div><h2 class="battle-history">Turn 3</h2><div class="spacer battle-history"><br></div><div class="battle-history">The opposing Delph used <strong>Iron Head</strong>!<br></div><div class="battle-history"><small>(Millie lost <abbr title="−87/289">30.1%</abbr> of its health!)</small><br></div><div class="spacer battle-history"><br></div><div class="battle-history">Millie used <strong>Calm Mind</strong>!<br></div><div class="battle-history"><small>Millie's Sp. Atk rose!</small><br></div><div class="battle-history"><small>Millie's Sp. Def rose!</small><br></div><div class="spacer battle-history"><br></div><h2 class="battle-history">Turn 4</h2><div class="spacer battle-history"><br></div><div class="battle-history">The opposing Delph used <strong>Iron Head</strong>!<br></div><div class="battle-history"><small>(Millie lost <abbr title="−94/289">32.5%</abbr> of its health!)</small><br></div><div class="spacer battle-history"><br></div><div class="battle-history">Millie flinched and couldn't move!<br></div><div class="spacer battle-history"><br></div><h2 class="battle-history">Turn 5</h2><div class="chat chatmessage-inkbug1 mine"><strong style="color:#e46e0f"><small>☆</small><span class="username" data-name="inkbug1">inkbug1</span>:</strong> <em>NO</em></div><div class="chat chatmessage-inkbug1 mine"><strong style="color:#e46e0f"><small>☆</small><span class="username" data-name="inkbug1">inkbug1</span>:</strong> <em>ok</em></div><div class="chat"><div class="message"><ul class="utilichart"><li class="result"><span class="col numcol">(PU)</span> <span class="col iconcol"><span class="picon" style="background: transparent url(&quot;https://play.pokemonshowdown.com/sprites/pokemonicons-sheet.png?v4&quot;) no-repeat scroll -280px -2520px"></span></span> <span class="col pokemonnamecol" style="white-space: nowrap"><a href="https://dex.pokemonshowdown.com/pokemon/meowsticf" target="_blank" rel="noopener">Meowstic-F</a></span> <span class="col typecol"><img src="https://play.pokemonshowdown.com/sprites/types/Psychic.png" alt="Psychic" height="14" width="32"></span> <span style="float: left ; min-height: 26px"><span class="col twoabilitycol">Keen Eye<br>Infiltrator</span><span class="col abilitycol"><em>Competitive</em></span></span><span style="float: left ; min-height: 26px"><span class="col statcol"><em>HP</em><br>74</span> <span class="col statcol"><em>Atk</em><br>48</span> <span class="col statcol"><em>Def</em><br>76</span> <span class="col statcol"><em>SpA</em><br>83</span> <span class="col statcol"><em>SpD</em><br>81</span> <span class="col statcol"><em>Spe</em><br>104</span> <span class="col bstcol"><em>BST<br>466</em></span> </span></li><li style="clear: both"></li></ul></div></div><div class="chat"><font size="1"><font color="#686868">Dex#:</font> 678&nbsp;|  <font color="#686868">Gen:</font> 6&nbsp;|  <font color="#686868">Height:</font> 0.6 m&nbsp;|  <font color="#686868">Weight:</font> 8.5 kg <em>(20 BP)</em>&nbsp;|  <font color="#686868">Dex Colour:</font> White&nbsp;|  <font color="#686868">Egg Group(s):</font> Field&nbsp;|  <font color="#686868">Does Not Evolve</font></font></div><div class="chat"><div class="message"><ul class="utilichart"><li class="result"><span class="col numcol">(PU)</span> <span class="col iconcol"><span class="picon" style="background: transparent url(&quot;https://play.pokemonshowdown.com/sprites/pokemonicons-sheet.png?v4&quot;) no-repeat scroll -0px -0px"></span></span> <span class="col pokemonnamecol" style="white-space: nowrap"><a href="https://dex.pokemonshowdown.com/pokemon/meowsticfmega" target="_blank" rel="noopener">Meowstic-F-Mega</a></span> <span class="col typecol"><img src="https://play.pokemonshowdown.com/sprites/types/Psychic.png" alt="Psychic" height="14" width="32"><img src="https://play.pokemonshowdown.com/sprites/types/Fairy.png" alt="Fairy" height="14" width="32"></span> <span style="float: left ; min-height: 26px"><span class="col abilitycol">Fairy Aura</span><span class="col abilitycol"></span></span><span style="float: left ; min-height: 26px"><span class="col statcol"><em>HP</em><br>74</span> <span class="col statcol"><em>Atk</em><br>48</span> <span class="col statcol"><em>Def</em><br>91</span> <span class="col statcol"><em>SpA</em><br>133</span> <span class="col statcol"><em>SpD</em><br>96</span> <span class="col statcol"><em>Spe</em><br>124</span> <span class="col bstcol"><em>BST<br>566</em></span> </span></li><li style="clear: both"></li></ul></div></div><div class="chat"><font size="1"><font color="#686868">Dex#:</font> 678&nbsp;|  <font color="#686868">Gen:</font> 6&nbsp;|  <font color="#686868">Height:</font> 0.6 m&nbsp;|  <font color="#686868">Weight:</font> 8.5 kg <em>(20 BP)</em>&nbsp;|  <font color="#686868">Dex Colour:</font> White&nbsp;|  <font color="#686868">Egg Group(s):</font> Field&nbsp;|  <font color="#686868">Does Not Evolve</font></font></div><div class="chat chatmessage-h2opulse"><strong style="color:#6e8c2b"><small>☆</small><span class="username" data-name="H2OPulse">H2OPulse</span>:</strong> <em>okay but to be fair that part was kind of expected if I get to Iron Head three times,</em></div><div class="chat"><div class="message"><ul class="utilichart"><li class="result"><span class="col numcol">UU</span> <span class="col iconcol"><span class="picon" style="background: transparent url(&quot;https://play.pokemonshowdown.com/sprites/pokemonicons-sheet.png?v4&quot;) no-repeat scroll -80px -1590px"></span></span> <span class="col pokemonnamecol" style="white-space: nowrap"><a href="https://dex.pokemonshowdown.com/pokemon/cobalion" target="_blank" rel="noopener">Cobalion</a></span> <span class="col typecol"><img src="https://play.pokemonshowdown.com/sprites/types/Steel.png" alt="Steel" height="14" width="32"><img src="https://play.pokemonshowdown.com/sprites/types/Fighting.png" alt="Fighting" height="14" width="32"></span> <span style="float: left ; min-height: 26px"><span class="col abilitycol">Justified</span><span class="col abilitycol"></span></span><span style="float: left ; min-height: 26px"><span class="col statcol"><em>HP</em><br>91</span> <span class="col statcol"><em>Atk</em><br>90</span> <span class="col statcol"><em>Def</em><br>129</span> <span class="col statcol"><em>SpA</em><br>90</span> <span class="col statcol"><em>SpD</em><br>72</span> <span class="col statcol"><em>Spe</em><br>108</span> <span class="col bstcol"><em>BST<br>580</em></span> </span></li><li style="clear: both"></li></ul></div></div><div class="chat"><font size="1"><font color="#686868">Dex#:</font> 638&nbsp;|  <font color="#686868">Gen:</font> 5&nbsp;|  <font color="#686868">Height:</font> 2.1 m&nbsp;|  <font color="#686868">Weight:</font> 250 kg <em>(120 BP)</em>&nbsp;|  <font color="#686868">Dex Colour:</font> Blue&nbsp;|  <font color="#686868">Egg Group(s):</font> Undiscovered&nbsp;|  <font color="#686868">Does Not Evolve</font></font></div><div class="spacer battle-history"><br></div><div class="battle-history"><small>Millie's Meowsticite is reacting to the Key Stone!</small><br>Millie has Mega Evolved into Mega Meowstic!<br></div><div class="battle-history">[Millie's Fairy Aura]<br><small>Millie is radiating a fairy aura!</small><br></div><div class="chat"><ul class="utilichart"><li class="result"><span class="col pokemonnamecol" style="white-space: nowrap">Meowstic-F-Mega</span> <span class="col typecol"><img src="https://play.pokemonshowdown.com/sprites/types/Psychic.png" alt="Psychic" height="14" width="32"><img src="https://play.pokemonshowdown.com/sprites/types/Fairy.png" alt="Fairy" height="14" width="32"></span> <span style="float: left ; min-height: 26px"><span class="col abilitycol">Fairy Aura</span><span class="col abilitycol"></span></span><span style="float: left ; min-height: 26px"><span class="col statcol"><em>HP</em><br>74</span> <span class="col statcol"><em>Atk</em><br>48</span> <span class="col statcol"><em>Def</em><br>91</span> <span class="col statcol"><em>SpA</em><br>133</span> <span class="col statcol"><em>SpD</em><br>96</span> <span class="col statcol"><em>Spe</em><br>124</span> </span></li><li style="clear: both"></li></ul></div><div class="spacer battle-history"><br></div><div class="battle-history">Millie used <strong>Draining Kiss</strong>!<br></div><div class="battle-history"><small>(The opposing Delph lost 100% of its health!)</small><br></div><div class="battle-history"><small>The opposing Delph had its energy drained!</small><br></div><div class="battle-history"><small>Millie was hurt by the Rocky Helmet!</small><br></div><div class="spacer battle-history"><br></div><div class="battle-history">The opposing Delph fainted!<br></div><div class="chat chatmessage-inkbug1 mine"><strong style="color:#e46e0f"><small>☆</small><span class="username" data-name="inkbug1">inkbug1</span>:</strong> <em>oh fuck</em></div><div class="chat chatmessage-h2opulse"><strong style="color:#6e8c2b"><small>☆</small><span class="username" data-name="H2OPulse">H2OPulse</span>:</strong> <em>OW</em></div><div class="chat chatmessage-inkbug1 mine"><strong style="color:#e46e0f"><small>☆</small><span class="username" data-name="inkbug1">inkbug1</span>:</strong> <em>that</em></div><div class="chat chatmessage-inkbug1 mine"><strong style="color:#e46e0f"><small>☆</small><span class="username" data-name="inkbug1">inkbug1</span>:</strong> <em>that did not fuck around</em></div><div class="spacer battle-history"><br></div><div class="battle-history">H2OPulse sent out Hydrangea (<strong>Muk-Alola</strong>)!<br></div><div class="spacer battle-history"><br></div><h2 class="battle-history">Turn 6</h2><div class="spacer battle-history"><br></div><div class="battle-history">Millie used <strong>Reflect</strong>!<br></div><div class="battle-history"><small>Reflect made your team stronger against physical moves!</small><br></div><div class="spacer battle-history"><br></div><div class="battle-history">The opposing Hydrangea used <strong>Gunk Shot</strong>!<br></div><div class="battle-history"><small>It's super effective!</small><br></div><div class="battle-history"><small>(Millie lost <abbr title="−203/289">70.2%</abbr> of its health!)</small><br></div><div class="spacer battle-history"><br></div><div class="battle-history">Millie fainted!<br></div><div class="chat chatmessage-h2opulse"><strong style="color:#6e8c2b"><small>☆</small><span class="username" data-name="H2OPulse">H2OPulse</span>:</strong> <em>I'm in so much danger</em></div><div class="chat chatmessage-inkbug1 mine"><strong style="color:#e46e0f"><small>☆</small><span class="username" data-name="inkbug1">inkbug1</span>:</strong> <em>NOT enough</em></div><div class="chat chatmessage-h2opulse"><strong style="color:#6e8c2b"><small>☆</small><span class="username" data-name="H2OPulse">H2OPulse</span>:</strong> <em>Okay fair</em></div><div class="chat chatmessage-inkbug1 mine"><strong style="color:#e46e0f"><small>☆</small><span class="username" data-name="inkbug1">inkbug1</span>:</strong> <em>shouldve just dkissed</em></div><div class="chat chatmessage-inkbug1 mine"><strong style="color:#e46e0f"><small>☆</small><span class="username" data-name="inkbug1">inkbug1</span>:</strong> <em>ah well</em></div><div class="spacer battle-history"><br></div><div class="battle-history">Go! Cello (<strong>Zygarde-10%</strong>)!<br></div><div class="battle-history">[Cello's Aura Break]<br><small>Cello reversed all other Pokémon's auras!</small><br></div><div class="spacer battle-history"><br></div><h2 class="battle-history">Turn 7</h2><div class="spacer battle-history"><br></div><div class="battle-history">Cello used <strong>Thousand Arrows</strong>!<br></div><div class="battle-history"><small>It's super effective!</small><br></div><div class="battle-history"><small>A critical hit!</small><br></div><div class="battle-history"><small>(The opposing Hydrangea lost 100% of its health!)</small><br></div><div class="spacer battle-history"><br></div><div class="battle-history">The opposing Hydrangea fainted!<br></div><div class="spacer battle-history"><br></div><div class="battle-history">H2OPulse sent out Moss Rose (<strong>Slowking</strong>)!<br></div><div class="spacer battle-history"><br></div><h2 class="battle-history">Turn 8</h2><div class="chat chatmessage-h2opulse"><strong style="color:#6e8c2b"><small>☆</small><span class="username" data-name="H2OPulse">H2OPulse</span>:</strong> <em>Part of me has no idea why I stayed in on that and the other part is like</em></div><div class="chat chatmessage-h2opulse"><strong style="color:#6e8c2b"><small>☆</small><span class="username" data-name="H2OPulse">H2OPulse</span>:</strong> <em>what do you switch in</em></div><div class="chat chatmessage-h2opulse"><strong style="color:#6e8c2b"><small>☆</small><span class="username" data-name="H2OPulse">H2OPulse</span>:</strong> <em>on a Thousand Arrows</em></div><div class="chat chatmessage-h2opulse"><strong style="color:#6e8c2b"><small>☆</small><span class="username" data-name="H2OPulse">H2OPulse</span>:</strong> <em>so</em></div><div class="chat chatmessage-inkbug1 mine"><strong style="color:#e46e0f"><small>☆</small><span class="username" data-name="inkbug1">inkbug1</span>:</strong> <em>yeah honestly</em></div><div class="spacer battle-history"><br></div><div class="battle-history">Cello, come back!<br></div><div class="battle-history">Go! Goliso Padre (<strong>Golisopod</strong>)!<br></div><div class="spacer battle-history"><br></div><div class="battle-history">The opposing Moss Rose used <strong>Nasty Plot</strong>!<br></div><div class="battle-history"><small>The opposing Moss Rose's Sp. Atk rose sharply!</small><br></div><div class="spacer battle-history"><br></div><h2 class="battle-history">Turn 9</h2><div class="chat"><small>☆H2OPulse left</small></div><div class="chat"><small>☆H2OPulse joined</small></div><div class="chat chatmessage-h2opulse"><strong style="color:#6e8c2b"><small>☆</small><span class="username" data-name="H2OPulse">H2OPulse</span>:</strong> <em>Oops</em></div><div class="chat chatmessage-inkbug1 mine"><strong style="color:#e46e0f"><small>☆</small><span class="username" data-name="inkbug1">inkbug1</span>:</strong> <em>ur good</em></div><div class="chat chatmessage-h2opulse"><strong style="color:#6e8c2b"><small>☆</small><span class="username" data-name="H2OPulse">H2OPulse</span>:</strong> <em>Hm okay I</em></div><div class="chat chatmessage-h2opulse"><strong style="color:#6e8c2b"><small>☆</small><span class="username" data-name="H2OPulse">H2OPulse</span>:</strong> <em>can't remember whether I live this...</em></div><div class="spacer battle-history"><br></div><div class="battle-history"><small>The opposing Moss Rose's Slowkinite is reacting to the Key Stone!</small><br>The opposing Moss Rose has Mega Evolved into Mega Slowking!<br></div><div class="battle-history">[The opposing Moss Rose's Counter-Clockwise Spiral]<br></div><div class="battle-history"><small>The opposing Moss Rose twisted the dimensions!</small><br></div><div class="chat"><ul class="utilichart"><li class="result"><span class="col pokemonnamecol" style="white-space: nowrap">Slowking-Mega</span> <span class="col typecol"><img src="https://play.pokemonshowdown.com/sprites/types/Water.png" alt="Water" height="14" width="32"><img src="https://play.pokemonshowdown.com/sprites/types/Psychic.png" alt="Psychic" height="14" width="32"></span> <span style="float: left ; min-height: 26px"><span class="col abilitycol">Counter-Clockwise Spiral</span><span class="col abilitycol"></span></span><span style="float: left ; min-height: 26px"><span class="col statcol"><em>HP</em><br>95</span> <span class="col statcol"><em>Atk</em><br>75</span> <span class="col statcol"><em>Def</em><br>80</span> <span class="col statcol"><em>SpA</em><br>110</span> <span class="col statcol"><em>SpD</em><br>110</span> <span class="col statcol"><em>Spe</em><br>120</span> </span></li><li style="clear: both"></li></ul></div><div class="spacer battle-history"><br></div><div class="battle-history">Goliso Padre used <strong>First Impression</strong>!<br></div><div class="battle-history"><small>It's super effective!</small><br></div><div class="battle-history"><small>(The opposing Moss Rose lost 74% of its health!)</small><br></div><div class="spacer battle-history"><br></div><div class="battle-history">The opposing Moss Rose used <strong>Slack Off</strong>!<br></div><div class="battle-history"><small>The opposing Moss Rose had its HP restored.</small><br></div><div class="spacer battle-history"><br></div><h2 class="battle-history">Turn 10</h2><div class="chat chatmessage-h2opulse"><strong style="color:#6e8c2b"><small>☆</small><span class="username" data-name="H2OPulse">H2OPulse</span>:</strong> <em>I will take it</em></div><div class="chat chatmessage-inkbug1 mine"><strong style="color:#e46e0f"><small>☆</small><span class="username" data-name="inkbug1">inkbug1</span>:</strong> <em>hrmmmmmm</em></div><div class="chat chatmessage-h2opulse"><strong style="color:#6e8c2b"><small>☆</small><span class="username" data-name="H2OPulse">H2OPulse</span>:</strong> <em>Probably didn't need to Mega there actually that was dumb</em></div><div class="chat chatmessage-inkbug1 mine"><strong style="color:#e46e0f"><small>☆</small><span class="username" data-name="inkbug1">inkbug1</span>:</strong> <em>yeah i think goliso outspeeds it </em></div><div class="chat chatmessage-inkbug1 mine"><strong style="color:#e46e0f"><small>☆</small><span class="username" data-name="inkbug1">inkbug1</span>:</strong> <em>dont have the best coverage on this one tho i copied him from the wrong team</em></div><div class="chat chatmessage-inkbug1 mine"><strong style="color:#e46e0f"><small>☆</small><span class="username" data-name="inkbug1">inkbug1</span>:</strong> <em>oh my god you dont know who iso padre is</em></div><div class="chat chatmessage-inkbug1 mine"><strong style="color:#e46e0f"><small>☆</small><span class="username" data-name="inkbug1">inkbug1</span>:</strong> <em>hold on</em></div><div class="chat chatmessage-h2opulse"><strong style="color:#6e8c2b"><small>☆</small><span class="username" data-name="H2OPulse">H2OPulse</span>:</strong> <em>Fhfjgj okay ,</em></div><div class="chat"><small>☆H2OPulse left</small></div><div class="spacer battle-history"><br></div><div class="battle-history">Goliso Padre, come back!<br></div><div class="battle-history">Go! Crab Rave (<strong>Clawitzer</strong>)!<br></div><div class="spacer battle-history"><br></div><div class="battle-history">The opposing Moss Rose used <strong>Psyshock</strong>!<br></div><div class="battle-history"><small>(Crab Rave lost <abbr title="−220/346">63.6%</abbr> of its health!)</small><br></div><div class="spacer battle-history"><br></div><div class="battle-history"><small>Your team's Reflect wore off!</small><br></div><div class="spacer battle-history"><br></div><h2 class="battle-history">Turn 11</h2><div class="chat chatmessage-inkbug1 mine"><strong style="color:#e46e0f"><small>☆</small><span class="username" data-name="inkbug1">inkbug1</span>:</strong> <em>owie</em></div><div class="chat"><small>☆H2OPulse joined</small></div><div class="spacer battle-history"><br></div><div class="battle-history">Crab Rave used <strong>Dark Pulse</strong>!<br></div><div class="battle-history"><small>It's super effective!</small><br></div><div class="battle-history"><small>(The opposing Moss Rose lost 73% of its health!)</small><br></div><div class="spacer battle-history"><br></div><div class="battle-history">The opposing Moss Rose used <strong>Psyshock</strong>!<br></div><div class="battle-history"><small>(Crab Rave lost <abbr title="−126/346">36.4%</abbr> of its health!)</small><br></div><div class="spacer battle-history"><br></div><div class="battle-history">Crab Rave fainted!<br></div><div class="chat chatmessage-h2opulse"><strong style="color:#6e8c2b"><small>☆</small><span class="username" data-name="H2OPulse">H2OPulse</span>:</strong> <em>Yeah I keep being dumb I really should not be Mega Evolving against a team like this in the first place</em></div><div class="chat chatmessage-inkbug1 mine"><strong style="color:#e46e0f"><small>☆</small><span class="username" data-name="inkbug1">inkbug1</span>:</strong> <em>yeah ive got 2 members w speed invstment and one of thems dead already </em></div><div class="chat chatmessage-h2opulse"><strong style="color:#6e8c2b"><small>☆</small><span class="username" data-name="H2OPulse">H2OPulse</span>:</strong> <em>Unless I like badly need to revenge Zygarde but</em></div><div class="spacer battle-history"><br></div><div class="battle-history">Go! Goliso Padre (<strong>Golisopod</strong>)!<br></div><div class="spacer battle-history"><br></div><h2 class="battle-history">Turn 12</h2><div class="spacer battle-history"><br></div><div class="battle-history"><small>The twisted dimensions returned to normal!</small><br></div><div class="spacer battle-history"><br></div><div class="battle-history">H2OPulse withdrew Moss Rose!<br></div><div class="battle-history">H2OPulse sent out Strelitzia (<strong>Salamence</strong>)!<br></div><div class="battle-history">[The opposing Strelitzia's Intimidate]<br></div><div class="battle-history"><small>Goliso Padre's Attack fell!</small><br></div><div class="spacer battle-history"><br></div><div class="battle-history">Goliso Padre used <strong>First Impression</strong>!<br></div><div class="battle-history"><small>It's not very effective...</small><br></div><div class="battle-history"><small>(The opposing Strelitzia lost 16% of its health!)</small><br></div><div class="spacer battle-history"><br></div><h2 class="battle-history">Turn 13</h2><div class="chat chatmessage-inkbug1 mine"><strong style="color:#e46e0f"><small>☆</small><span class="username" data-name="inkbug1">inkbug1</span>:</strong> <em>overall i am very slow</em></div><div class="spacer battle-history"><br></div><div class="battle-history">The opposing Strelitzia used <strong>Wish</strong>!<br></div><div class="spacer battle-history"><br></div><div class="battle-history">Goliso Padre used <strong>Spikes</strong>!<br></div><div class="battle-history"><small>Spikes were scattered on the ground all around the opposing team!</small><br></div><div class="spacer battle-history"><br></div><h2 class="battle-history">Turn 14</h2><div class="spacer battle-history"><br></div><div class="battle-history">H2OPulse withdrew Strelitzia!<br></div><div class="battle-history">H2OPulse sent out Wheat (<strong>Rotom-Heat</strong>)!<br></div><div class="spacer battle-history"><br></div><div class="battle-history">Goliso Padre used <strong>Spikes</strong>!<br></div><div class="battle-history"><small>Spikes were scattered on the ground all around the opposing team!</small><br></div><div class="spacer battle-history"><br></div><h2 class="battle-history">Turn 15</h2><div class="spacer battle-history"><br></div><div class="battle-history">The opposing Wheat used <strong>Defog</strong>!<br></div><div class="battle-history"><small>Goliso Padre's evasiveness fell!</small><br></div><div class="battle-history"><small>The spikes disappeared from the ground around the opposing team!</small><br></div><div class="spacer battle-history"><br></div><div class="battle-history">Goliso Padre used <strong>Liquidation</strong>!<br></div><div class="battle-history"><small>It's super effective!</small><br></div><div class="battle-history"><small>(The opposing Wheat lost 65% of its health!)</small><br></div><div class="spacer battle-history"><br></div><h2 class="battle-history">Turn 16</h2><div class="spacer battle-history"><br></div><div class="battle-history">The opposing Wheat used <strong>Volt Switch</strong>!<br></div><div class="battle-history"><small>It's super effective!</small><br></div><div class="battle-history"><small>(Goliso Padre lost <abbr title="−192/354">54.2%</abbr> of its health!)</small><br></div><div class="battle-history">[Goliso Padre's Emergency Exit]<br></div><div class="chat chatmessage-inkbug1 mine"><strong style="color:#e46e0f"><small>☆</small><span class="username" data-name="inkbug1">inkbug1</span>:</strong> <em>hm</em></div><div class="spacer battle-history"><br></div><div class="battle-history">Goliso Padre, come back!<br></div><div class="battle-history">Go! Cello (<strong>Zygarde-10%</strong>)!<br></div><div class="battle-history">[Cello's Aura Break]<br><small>Cello reversed all other Pokémon's auras!</small><br></div><div class="spacer battle-history"><br></div><h2 class="battle-history">Turn 17</h2><div class="spacer battle-history"><br></div><div class="battle-history">Cello used <strong>Thousand Arrows</strong>!<br></div><div class="battle-history"><small>It's super effective!</small><br></div><div class="battle-history"><small>(The opposing Wheat lost 35% of its health!)</small><br></div><div class="spacer battle-history"><br></div><div class="battle-history">The opposing Wheat fainted!<br></div><div class="chat chatmessage-h2opulse"><strong style="color:#6e8c2b"><small>☆</small><span class="username" data-name="H2OPulse">H2OPulse</span>:</strong> <em>OH INTRIGUING</em></div><div class="chat chatmessage-h2opulse"><strong style="color:#6e8c2b"><small>☆</small><span class="username" data-name="H2OPulse">H2OPulse</span>:</strong> <em>I knew that would KO either way but</em></div><div class="chat chatmessage-inkbug1 mine"><strong style="color:#e46e0f"><small>☆</small><span class="username" data-name="inkbug1">inkbug1</span>:</strong> <em>hm?</em></div><div class="chat chatmessage-h2opulse"><strong style="color:#6e8c2b"><small>☆</small><span class="username" data-name="H2OPulse">H2OPulse</span>:</strong> <em>Thousand Arrows has this bizarre interaction with Flying-types where it is always neutrally effective on the first hit, no matter what their secondary type is</em></div><div class="chat chatmessage-inkbug1 mine"><strong style="color:#e46e0f"><small>☆</small><span class="username" data-name="inkbug1">inkbug1</span>:</strong> <em>oh, interesting</em></div><div class="chat chatmessage-h2opulse"><strong style="color:#6e8c2b"><small>☆</small><span class="username" data-name="H2OPulse">H2OPulse</span>:</strong> <em>but I always assumed the same was true of Levitate and it seems not!</em></div><div class="chat chatmessage-inkbug1 mine"><strong style="color:#e46e0f"><small>☆</small><span class="username" data-name="inkbug1">inkbug1</span>:</strong> <em>huh! </em></div><div class="chat chatmessage-h2opulse"><strong style="color:#6e8c2b"><small>☆</small><span class="username" data-name="H2OPulse">H2OPulse</span>:</strong> <em>Good to know for when I'm at higher HP and have some illusion of a chance of living</em></div><div class="spacer battle-history"><br></div><div class="battle-history">H2OPulse sent out Strelitzia (<strong>Salamence</strong>)!<br></div><div class="battle-history">[The opposing Strelitzia's Intimidate]<br></div><div class="battle-history"><small>Cello's Attack fell!</small><br></div><div class="spacer battle-history"><br></div><h2 class="battle-history">Turn 18</h2><div class="spacer battle-history"><br></div><div class="battle-history">Cello, come back!<br></div><div class="battle-history">Go! Candyfloss (<strong>Eldegoss</strong>)!<br></div><div class="spacer battle-history"><br></div><div class="battle-history">The opposing Strelitzia used <strong>Wish</strong>!<br></div><div class="spacer battle-history"><br></div><h2 class="battle-history">Turn 19</h2><div class="spacer battle-history"><br></div><div class="battle-history">The opposing Strelitzia used <strong>Draco Meteor</strong>!<br></div><div class="battle-history"><small>(Candyfloss lost <abbr title="−99/261">37.9%</abbr> of its health!)</small><br></div><div class="battle-history"><small>The opposing Strelitzia's Sp. Atk fell harshly!</small><br></div><div class="battle-history"><small>(The opposing Strelitzia used its Eject Pack!)</small><br></div><div class="spacer battle-history"><br></div><div class="battle-history">H2OPulse withdrew Strelitzia!<br></div><div class="battle-history">H2OPulse sent out Moss Rose (<strong>Slowking-Mega</strong>)!<br></div><div class="battle-history">[The opposing Moss Rose's Counter-Clockwise Spiral]<br></div><div class="battle-history"><small>The opposing Moss Rose twisted the dimensions!</small><br></div><div class="spacer battle-history"><br></div><div class="battle-history">Candyfloss used <strong>Leech Seed</strong>!<br></div><div class="battle-history"><small>The opposing Moss Rose was seeded!</small><br></div><div class="spacer battle-history"><br></div><div class="battle-history"><small>Strelitzia's wish came true!</small><br></div><div class="battle-history"><small>The opposing Moss Rose's health is sapped by Leech Seed!</small><br></div><div class="spacer battle-history"><br></div><h2 class="battle-history">Turn 20</h2><div class="chat chatmessage-inkbug1 mine"><strong style="color:#e46e0f"><small>☆</small><span class="username" data-name="inkbug1">inkbug1</span>:</strong> <em>gosh darn order of operations</em></div><div class="spacer battle-history"><br></div><div class="battle-history"><small>The twisted dimensions returned to normal!</small><br></div><div class="spacer battle-history"><br></div><div class="battle-history">H2OPulse withdrew Moss Rose!<br></div><div class="battle-history">H2OPulse sent out Strelitzia (<strong>Salamence</strong>)!<br></div><div class="battle-history">[The opposing Strelitzia's Intimidate]<br></div><div class="battle-history"><small>Candyfloss's Attack fell!</small><br></div><div class="spacer battle-history"><br></div><div class="battle-history">Candyfloss used <strong>Giga Drain</strong>!<br></div><div class="battle-history"><small>It's not very effective...</small><br></div><div class="battle-history"><small>(The opposing Strelitzia lost 4% of its health!)</small><br></div><div class="battle-history"><small>The opposing Strelitzia had its energy drained!</small><br></div><div class="spacer battle-history"><br></div><h2 class="battle-history">Turn 21</h2><div class="chat chatmessage-h2opulse"><strong style="color:#6e8c2b"><small>☆</small><span class="username" data-name="H2OPulse">H2OPulse</span>:</strong> <em>That was also dumb of me actually I shouldn't have used the Eject Pack on the first one</em></div><div class="chat chatmessage-inkbug1 mine"><strong style="color:#e46e0f"><small>☆</small><span class="username" data-name="inkbug1">inkbug1</span>:</strong> <em>pfff</em></div><div class="chat chatmessage-h2opulse"><strong style="color:#6e8c2b"><small>☆</small><span class="username" data-name="H2OPulse">H2OPulse</span>:</strong> <em>Could've just hard switched and I may need that later</em></div><div class="chat chatmessage-h2opulse"><strong style="color:#6e8c2b"><small>☆</small><span class="username" data-name="H2OPulse">H2OPulse</span>:</strong> <em>Oh well</em></div><div class="spacer battle-history"><br></div><div class="battle-history">The opposing Strelitzia used <strong>Fire Blast</strong>!<br></div><div class="battle-history"><small>Candyfloss avoided the attack!</small><br></div><div class="spacer battle-history"><br></div><div class="battle-history">Candyfloss used <strong>Leech Seed</strong>!<br></div><div class="battle-history"><small>The opposing Strelitzia was seeded!</small><br></div><div class="spacer battle-history"><br></div><div class="battle-history"><small>The opposing Strelitzia's health is sapped by Leech Seed!</small><br></div><div class="spacer battle-history"><br></div><h2 class="battle-history">Turn 22</h2><div class="spacer battle-history"><br></div><div class="battle-history">Candyfloss, come back!<br></div><div class="battle-history">Go! Goliso Padre (<strong>Golisopod</strong>)!<br></div><div class="spacer battle-history"><br></div><div class="battle-history">The opposing Strelitzia used <strong>Wish</strong>!<br></div><div class="spacer battle-history"><br></div><div class="battle-history"><small>The opposing Strelitzia's health is sapped by Leech Seed!</small><br></div><div class="spacer battle-history"><br></div><h2 class="battle-history">Turn 23</h2><div class="spacer battle-history"><br></div><div class="battle-history">Goliso Padre used <strong>First Impression</strong>!<br></div><div class="battle-history"><small>It's not very effective...</small><br></div><div class="battle-history"><small>(The opposing Strelitzia lost 24% of its health!)</small><br></div><div class="spacer battle-history"><br></div><div class="battle-history">The opposing Strelitzia used <strong>Fire Blast</strong>!<br></div><div class="battle-history"><small>(Goliso Padre lost <abbr title="−102/354">28.8%</abbr> of its health!)</small><br></div><div class="battle-history">[Goliso Padre's Emergency Exit]<br></div><div class="spacer battle-history"><br></div><div class="battle-history">Goliso Padre, come back!<br></div><div class="battle-history">Go! Candyfloss (<strong>Eldegoss</strong>)!<br></div><div class="spacer battle-history"><br></div><div class="battle-history"><small>Strelitzia's wish came true!</small><br></div><div class="battle-history"><small>The opposing Strelitzia's health is sapped by Leech Seed!</small><br></div><div class="spacer battle-history"><br></div><h2 class="battle-history">Turn 24</h2><div class="spacer battle-history"><br></div><div class="battle-history">The opposing Strelitzia used <strong>Toxic</strong>!<br></div><div class="battle-history"><small>Candyfloss was badly poisoned!</small><br></div><div class="spacer battle-history"><br></div><div class="battle-history">Candyfloss used <strong>Giga Drain</strong>!<br></div><div class="battle-history"><small>It's not very effective...</small><br></div><div class="battle-history"><small>(The opposing Strelitzia lost 4% of its health!)</small><br></div><div class="spacer battle-history"><br></div><div class="battle-history"><small>The opposing Strelitzia's health is sapped by Leech Seed!</small><br></div><div class="battle-history"><small>Candyfloss was hurt by poison!</small><br></div><div class="spacer battle-history"><br></div><h2 class="battle-history">Turn 25</h2><div class="spacer battle-history"><br></div><div class="battle-history">The opposing Strelitzia used <strong>Wish</strong>!<br></div><div class="spacer battle-history"><br></div><div class="battle-history">Candyfloss used <strong>Aromatherapy</strong>!<br></div><div class="battle-history"><small>A soothing aroma wafted through the area!</small><br></div><div class="battle-history"><small>Candyfloss was cured of its poisoning!</small><br></div><div class="spacer battle-history"><br></div><div class="battle-history"><small>The opposing Strelitzia's health is sapped by Leech Seed!</small><br></div><div class="spacer battle-history"><br></div><h2 class="battle-history">Turn 26</h2><div class="spacer battle-history"><br></div><div class="battle-history">The opposing Strelitzia used <strong>Fire Blast</strong>!<br></div><div class="battle-history"><small>It's super effective!</small><br></div><div class="battle-history"><small>(Candyfloss lost <abbr title="−116/261">44.4%</abbr> of its health!)</small><br></div><div class="spacer battle-history"><br></div><div class="battle-history">Candyfloss used <strong>Giga Drain</strong>!<br></div><div class="battle-history"><small>It's not very effective...</small><br></div><div class="battle-history"><small>(The opposing Strelitzia lost 4% of its health!)</small><br></div><div class="battle-history"><small>The opposing Strelitzia had its energy drained!</small><br></div><div class="spacer battle-history"><br></div><div class="battle-history"><small>Strelitzia's wish came true!</small><br></div><div class="battle-history"><small>The opposing Strelitzia's health is sapped by Leech Seed!</small><br></div><div class="spacer battle-history"><br></div><h2 class="battle-history">Turn 27</h2><div class="chat chatmessage-inkbug1 mine"><strong style="color:#e46e0f"><small>☆</small><span class="username" data-name="inkbug1">inkbug1</span>:</strong> <em>god i love this thing. i know im like the only person who uses it but its so rude.</em></div><div class="chat chatmessage-h2opulse"><strong style="color:#6e8c2b"><small>☆</small><span class="username" data-name="H2OPulse">H2OPulse</span>:</strong> <em>Yeah I'm not making much progress here huh,</em></div><div class="spacer battle-history"><br></div><div class="battle-history">The opposing Strelitzia used <strong>Wish</strong>!<br></div><div class="spacer battle-history"><br></div><div class="battle-history">Candyfloss used <strong>Giga Drain</strong>!<br></div><div class="battle-history"><small>It's not very effective...</small><br></div><div class="battle-history"><small>(The opposing Strelitzia lost 4% of its health!)</small><br></div><div class="battle-history"><small>The opposing Strelitzia had its energy drained!</small><br></div><div class="spacer battle-history"><br></div><div class="battle-history"><small>The opposing Strelitzia's health is sapped by Leech Seed!</small><br></div><div class="spacer battle-history"><br></div><h2 class="battle-history">Turn 28</h2><div class="chat chatmessage-inkbug1 mine"><strong style="color:#e46e0f"><small>☆</small><span class="username" data-name="inkbug1">inkbug1</span>:</strong> <em>no hp investment + big root + leech seed = profit</em></div><div class="chat chatmessage-h2opulse"><strong style="color:#6e8c2b"><small>☆</small><span class="username" data-name="H2OPulse">H2OPulse</span>:</strong> <em>F u n</em></div><div class="spacer battle-history"><br></div><div class="battle-history">H2OPulse withdrew Strelitzia!<br></div><div class="battle-history">H2OPulse sent out Malacothrix (<strong>Hoopa-Unbound</strong>)!<br></div><div class="spacer battle-history"><br></div><div class="battle-history">Candyfloss used <strong>Giga Drain</strong>!<br></div><div class="battle-history"><small>A critical hit!</small><br></div><div class="battle-history"><small>(The opposing Malacothrix lost 26% of its health!)</small><br></div><div class="spacer battle-history"><br></div><div class="battle-history"><small>Strelitzia's wish came true!</small><br></div><div class="spacer battle-history"><br></div><h2 class="battle-history">Turn 29</h2><div class="chat chatmessage-h2opulse"><strong style="color:#6e8c2b"><small>☆</small><span class="username" data-name="H2OPulse">H2OPulse</span>:</strong> <em>Wow I love that actually</em></div><div class="chat chatmessage-inkbug1 mine"><strong style="color:#e46e0f"><small>☆</small><span class="username" data-name="inkbug1">inkbug1</span>:</strong> <em>yeah its sm fun </em></div><div class="chat chatmessage-inkbug1 mine"><strong style="color:#e46e0f"><small>☆</small><span class="username" data-name="inkbug1">inkbug1</span>:</strong> <em>you heal So Much</em></div><div class="chat chatmessage-inkbug1 mine"><strong style="color:#e46e0f"><small>☆</small><span class="username" data-name="inkbug1">inkbug1</span>:</strong> <em>haha anyway im fucked now</em></div><div class="spacer battle-history"><br></div><div class="battle-history">Candyfloss, come back!<br></div><div class="battle-history">Go! Goliso Padre (<strong>Golisopod</strong>)!<br></div><div class="spacer battle-history"><br></div><div class="battle-history">The opposing Malacothrix used <strong>Trick</strong>!<br></div><div class="battle-history"><small>The opposing Malacothrix switched items with its target!</small><br></div><div class="battle-history"><small>Goliso Padre obtained one Choice Band.</small><br></div><div class="battle-history"><small>The opposing Malacothrix obtained one Heavy-Duty Boots.</small><br></div><div class="spacer battle-history"><br></div><h2 class="battle-history">Turn 30</h2><div class="chat chatmessage-inkbug1 mine"><strong style="color:#e46e0f"><small>☆</small><span class="username" data-name="inkbug1">inkbug1</span>:</strong> <em>oh thanks</em></div><div class="chat chatmessage-h2opulse"><strong style="color:#6e8c2b"><small>☆</small><span class="username" data-name="H2OPulse">H2OPulse</span>:</strong> <em>Well that was dumb</em></div><div class="spacer battle-history"><br></div><div class="battle-history">H2OPulse withdrew Malacothrix!<br></div><div class="battle-history">H2OPulse sent out Strelitzia (<strong>Salamence</strong>)!<br></div><div class="battle-history">[The opposing Strelitzia's Intimidate]<br></div><div class="battle-history"><small>Goliso Padre's Attack fell!</small><br></div><div class="spacer battle-history"><br></div><div class="battle-history">Goliso Padre used <strong>First Impression</strong>!<br></div><div class="battle-history"><small>It's not very effective...</small><br></div><div class="battle-history"><small>(The opposing Strelitzia lost 26% of its health!)</small><br></div><div class="spacer battle-history"><br></div><h2 class="battle-history">Turn 31</h2><div class="spacer battle-history"><br></div><div class="battle-history">Goliso Padre, come back!<br></div><div class="battle-history">Go! Cello (<strong>Zygarde-10%</strong>)!<br></div><div class="battle-history">[Cello's Aura Break]<br><small>Cello reversed all other Pokémon's auras!</small><br></div><div class="spacer battle-history"><br></div><div class="battle-history">The opposing Strelitzia used <strong>Wish</strong>!<br></div><div class="spacer battle-history"><br></div><h2 class="battle-history">Turn 32</h2><div class="chat chatmessage-h2opulse"><strong style="color:#6e8c2b"><small>☆</small><span class="username" data-name="H2OPulse">H2OPulse</span>:</strong> <em>Oh I have played these last two turns horribly</em></div><div class="chat chatmessage-inkbug1 mine"><strong style="color:#e46e0f"><small>☆</small><span class="username" data-name="inkbug1">inkbug1</span>:</strong> <em>jhgjsgdf</em></div><div class="spacer battle-history"><br></div><div class="battle-history">Cello used <strong>Thousand Arrows</strong>!<br></div><div class="battle-history"><small>(The opposing Strelitzia lost 32% of its health!)</small><br></div><div class="spacer battle-history"><br></div><div class="battle-history">The opposing Strelitzia fainted!<br></div><div class="spacer battle-history"><br></div><div class="battle-history">H2OPulse sent out Moss Rose (<strong>Slowking-Mega</strong>)!<br></div><div class="battle-history">[The opposing Moss Rose's Counter-Clockwise Spiral]<br></div><div class="battle-history"><small>The opposing Moss Rose twisted the dimensions!</small><br></div><div class="spacer battle-history"><br></div><h2 class="battle-history">Turn 33</h2><div class="chat chatmessage-inkbug1 mine"><strong style="color:#e46e0f"><small>☆</small><span class="username" data-name="inkbug1">inkbug1</span>:</strong> <em>sorry this rly isnt the best team to test slowking against, huh</em></div><div class="spacer battle-history"><br></div><div class="battle-history">The opposing Moss Rose used <strong>Slack Off</strong>!<br></div><div class="battle-history"><small>The opposing Moss Rose had its HP restored.</small><br></div><div class="battle-history"><small>Cello surrounded itself with its Z-Power!</small><br></div><div class="spacer battle-history"><br></div><div class="battle-history"><small>Cello unleashes its full-force Z-Move!</small><br>Cello used <strong>Devastating Drake</strong>!<br></div><div class="battle-history"><small>(The opposing Moss Rose lost 56% of its health!)</small><br></div><div class="spacer battle-history"><br></div><h2 class="battle-history">Turn 34</h2><div class="chat chatmessage-inkbug1 mine"><strong style="color:#e46e0f"><small>☆</small><span class="username" data-name="inkbug1">inkbug1</span>:</strong> <em>god DAMN</em></div><div class="chat chatmessage-inkbug1 mine"><strong style="color:#e46e0f"><small>☆</small><span class="username" data-name="inkbug1">inkbug1</span>:</strong> <em>okay</em></div><div class="spacer battle-history"><br></div><div class="battle-history">The opposing Moss Rose used <strong>Slack Off</strong>!<br></div><div class="battle-history"><small>The opposing Moss Rose had its HP restored.</small><br></div><div class="spacer battle-history"><br></div><div class="battle-history">Cello used <strong>Dragon Dance</strong>!<br></div><div class="battle-history"><small>Cello's Attack rose!</small><br></div><div class="battle-history"><small>Cello's Speed rose!</small><br></div><div class="spacer battle-history"><br></div><h2 class="battle-history">Turn 35</h2><div class="spacer battle-history"><br></div><div class="battle-history">The opposing Moss Rose used <strong>Nasty Plot</strong>!<br></div><div class="battle-history"><small>The opposing Moss Rose's Sp. Atk rose sharply!</small><br></div><div class="spacer battle-history"><br></div><div class="battle-history">Cello used <strong>Dragon Dance</strong>!<br></div><div class="battle-history"><small>Cello's Attack rose!</small><br></div><div class="battle-history"><small>Cello's Speed rose!</small><br></div><div class="spacer battle-history"><br></div><h2 class="battle-history">Turn 36</h2><div class="spacer battle-history"><br></div><div class="battle-history">The opposing Moss Rose used <strong>Scald</strong>!<br></div><div class="battle-history"><small>(Cello lost <abbr title="−235/249">94.4%</abbr> of its health!)</small><br></div><div class="spacer battle-history"><br></div><div class="battle-history">Cello used <strong>Outrage</strong>!<br></div><div class="battle-history"><small>(The opposing Moss Rose lost 77% of its health!)</small><br></div><div class="spacer battle-history"><br></div><h2 class="battle-history">Turn 37</h2><div class="chat chatmessage-inkbug1 mine"><strong style="color:#e46e0f"><small>☆</small><span class="username" data-name="inkbug1">inkbug1</span>:</strong> <em>hoooooo boye</em></div><div class="chat chatmessage-inkbug1 mine"><strong style="color:#e46e0f"><small>☆</small><span class="username" data-name="inkbug1">inkbug1</span>:</strong> <em>alright</em></div><div class="spacer battle-history"><br></div><div class="battle-history">The opposing Moss Rose used <strong>Scald</strong>!<br></div><div class="battle-history"><small>(Cello lost <abbr title="−14/249">5.6%</abbr> of its health!)</small><br></div><div class="spacer battle-history"><br></div><div class="battle-history">Cello fainted!<br></div><div class="spacer battle-history"><br></div><div class="battle-history">Go! Candyfloss (<strong>Eldegoss</strong>)!<br></div><div class="spacer battle-history"><br></div><h2 class="battle-history">Turn 38</h2><div class="spacer battle-history"><br></div><div class="battle-history"><small>The twisted dimensions returned to normal!</small><br></div><div class="spacer battle-history"><br></div><div class="battle-history">H2OPulse withdrew Moss Rose!<br></div><div class="battle-history">H2OPulse sent out Malacothrix (<strong>Hoopa-Unbound</strong>)!<br></div><div class="spacer battle-history"><br></div><div class="battle-history">Candyfloss used <strong>Giga Drain</strong>!<br></div><div class="battle-history"><small>(The opposing Malacothrix lost 17% of its health!)</small><br></div><div class="spacer battle-history"><br></div><h2 class="battle-history">Turn 39</h2><div class="chat chatmessage-inkbug1 mine"><strong style="color:#e46e0f"><small>☆</small><span class="username" data-name="inkbug1">inkbug1</span>:</strong> <em>mmmmmm</em></div><div class="spacer battle-history"><br></div><div class="battle-history">Candyfloss, come back!<br></div><div class="battle-history">Go! Goliso Padre (<strong>Golisopod</strong>)!<br></div><div class="spacer battle-history"><br></div><div class="battle-history">The opposing Malacothrix used <strong>Knock Off</strong>!<br></div><div class="battle-history"><small>(Goliso Padre lost <abbr title="−109/354">30.8%</abbr> of its health!)</small><br></div><div class="battle-history"><small>The opposing Malacothrix knocked off Goliso Padre's Choice Band!</small><br></div><div class="spacer battle-history"><br></div><div class="battle-history">Goliso Padre fainted!<br></div><div class="chat chatmessage-inkbug1 mine"><strong style="color:#e46e0f"><small>☆</small><span class="username" data-name="inkbug1">inkbug1</span>:</strong> <em>yeah</em></div><div class="spacer battle-history"><br></div><div class="battle-history">Go! Candyfloss (<strong>Eldegoss</strong>)!<br></div><div class="spacer battle-history"><br></div><h2 class="battle-history">Turn 40</h2><div class="chat chatmessage-inkbug1 mine"><strong style="color:#e46e0f"><small>☆</small><span class="username" data-name="inkbug1">inkbug1</span>:</strong> <em>ggs</em></div><div class="spacer battle-history"><br></div><div class="battle-history">The opposing Malacothrix used <strong>Knock Off</strong>!<br></div><div class="battle-history"><small>(Candyfloss lost <abbr title="−154/261">59.0%</abbr> of its health!)</small><br></div><div class="battle-history"><small>The opposing Malacothrix knocked off Candyfloss's Big Root!</small><br></div><div class="spacer battle-history"><br></div><div class="battle-history">Candyfloss used <strong>Leech Seed</strong>!<br></div><div class="battle-history"><small>The opposing Malacothrix was seeded!</small><br></div><div class="spacer battle-history"><br></div><div class="battle-history"><small>The opposing Malacothrix's health is sapped by Leech Seed!</small><br></div><div class="spacer battle-history"><br></div><h2 class="battle-history">Turn 41</h2><div class="spacer battle-history"><br></div><div class="battle-history">The opposing Malacothrix used <strong>Zen Headbutt</strong>!<br></div><div class="battle-history"><small>(Candyfloss lost <abbr title="−133/261">51.0%</abbr> of its health!)</small><br></div><div class="spacer battle-history"><br></div><div class="battle-history">Candyfloss used <strong>Giga Drain</strong>!<br></div><div class="battle-history"><small>(The opposing Malacothrix lost 18% of its health!)</small><br></div><div class="battle-history"><small>The opposing Malacothrix had its energy drained!</small><br></div><div class="spacer battle-history"><br></div><div class="battle-history"><small>The opposing Malacothrix's health is sapped by Leech Seed!</small><br></div><div class="spacer battle-history"><br></div><h2 class="battle-history">Turn 42</h2><div class="chat chatmessage-h2opulse"><strong style="color:#6e8c2b"><small>☆</small><span class="username" data-name="H2OPulse">H2OPulse</span>:</strong> <em>Good game :'D</em></div><div class="chat chatmessage-h2opulse"><strong style="color:#6e8c2b"><small>☆</small><span class="username" data-name="H2OPulse">H2OPulse</span>:</strong> <em>That was so close holy heck</em></div><div class="chat chatmessage-h2opulse"><strong style="color:#6e8c2b"><small>☆</small><span class="username" data-name="H2OPulse">H2OPulse</span>:</strong> <em>Watch me still lose actually,</em></div><div class="spacer battle-history"><br></div><div class="battle-history">The opposing Malacothrix used <strong>Zen Headbutt</strong>!<br></div><div class="battle-history"><small>(Candyfloss lost <abbr title="−77/261">29.5%</abbr> of its health!)</small><br></div><div class="spacer battle-history"><br></div><div class="battle-history">Candyfloss fainted!<br></div><div class="spacer battle-history"><br></div><div class="battle-history"><strong>H2OPulse</strong> won the battle!<br></div><div class="chat chatmessage-inkbug1 mine"><strong style="color:#e46e0f"><small>☆</small><span class="username" data-name="inkbug1">inkbug1</span>:</strong> <em>ggg</em></div><div class="chat chatmessage-h2opulse"><strong style="color:#6e8c2b"><small>☆</small><span class="username" data-name="H2OPulse">H2OPulse</span>:</strong> <em>Good okay it hit</em></div></div><div class="inner-preempt message-log"></div></div></div>
</div>
<script>
let daily = Math.floor(Date.now()/1000/60/60/24);document.write('<script src="https://dragonheaven.herokuapp.com/js/replay-embed.js?version'+daily+'"></'+'script>');
</script>
