<!DOCTYPE html>
<meta charset="utf-8" />
<!-- version 1 -->
<title>[Gen 8] Megas for All replay: JosJet vs. Spooky Fingaa</title>
<style>
html,body {font-family:Verdana, sans-serif;font-size:10pt;margin:0;padding:0;}body{padding:12px 0;} .battle-log {font-family:Verdana, sans-serif;font-size:10pt;} .battle-log-inline {border:1px solid #AAAAAA;background:#EEF2F5;color:black;max-width:640px;margin:0 auto 80px;padding-bottom:5px;} .battle-log .inner {padding:4px 8px 0px 8px;} .battle-log .inner-preempt {padding:0 8px 4px 8px;} .battle-log .inner-after {margin-top:0.5em;} .battle-log h2 {margin:0.5em -8px;padding:4px 8px;border:1px solid #AAAAAA;background:#E0E7EA;border-left:0;border-right:0;font-family:Verdana, sans-serif;font-size:13pt;} .battle-log .chat {vertical-align:middle;padding:3px 0 3px 0;font-size:8pt;} .battle-log .chat strong {color:#40576A;} .battle-log .chat em {padding:1px 4px 1px 3px;color:#000000;font-style:normal;} .chat.mine {background:rgba(0,0,0,0.05);margin-left:-8px;margin-right:-8px;padding-left:8px;padding-right:8px;} .spoiler {color:#BBBBBB;background:#BBBBBB;padding:0px 3px;} .spoiler:hover, .spoiler:active, .spoiler-shown {color:#000000;background:#E2E2E2;padding:0px 3px;} .spoiler a {color:#BBBBBB;} .spoiler:hover a, .spoiler:active a, .spoiler-shown a {color:#2288CC;} .chat code, .chat .spoiler:hover code, .chat .spoiler:active code, .chat .spoiler-shown code {border:1px solid #C0C0C0;background:#EEEEEE;color:black;padding:0 2px;} .chat .spoiler code {border:1px solid #CCCCCC;background:#CCCCCC;color:#CCCCCC;} .battle-log .rated {padding:3px 4px;} .battle-log .rated strong {color:white;background:#89A;padding:1px 4px;border-radius:4px;} .spacer {margin-top:0.5em;} .message-announce {background:#6688AA;color:white;padding:1px 4px 2px;} .message-announce a, .broadcast-green a, .broadcast-blue a, .broadcast-red a {color:#DDEEFF;} .broadcast-green {background-color:#559955;color:white;padding:2px 4px;} .broadcast-blue {background-color:#6688AA;color:white;padding:2px 4px;} .infobox {border:1px solid #6688AA;padding:2px 4px;} .infobox-limited {max-height:200px;overflow:auto;overflow-x:hidden;} .broadcast-red {background-color:#AA5544;color:white;padding:2px 4px;} .message-learn-canlearn {font-weight:bold;color:#228822;text-decoration:underline;} .message-learn-cannotlearn {font-weight:bold;color:#CC2222;text-decoration:underline;} .message-effect-weak {font-weight:bold;color:#CC2222;} .message-effect-resist {font-weight:bold;color:#6688AA;} .message-effect-immune {font-weight:bold;color:#666666;} .message-learn-list {margin-top:0;margin-bottom:0;} .message-throttle-notice, .message-error {color:#992222;} .message-overflow, .chat small.message-overflow {font-size:0pt;} .message-overflow::before {font-size:9pt;content:'...';} .subtle {color:#3A4A66;}
</style>
<div class="wrapper replay-wrapper" style="max-width:1180px;margin:0 auto">
<input type="hidden" name="replayid" value="dragonheaven-gen8megasforall-339" />
<div class="battle"></div><div class="battle-log"></div><div class="replay-controls"></div><div class="replay-controls-2"></div>
<h1 style="font-weight:normal;text-align:center"><strong>[Gen 8] Megas for All</strong><br /><a href="http://pokemonshowdown.com/users/josjet" class="subtle" target="_blank">JosJet</a> vs. <a href="http://pokemonshowdown.com/users/spookyfingaa" class="subtle" target="_blank">Spooky Fingaa</a></h1>
<script type="text/plain" class="battle-log-data">|j|☆JosJet
|j|☆Spooky Fingaa
|t:|1635030765
|player|p1|JosJet|maid-gen4|
|player|p2|Spooky Fingaa|1|
|teamsize|p1|6
|teamsize|p2|6
|gametype|singles
|gen|8
|tier|[Gen 8] Megas for All
|rated|Tournament battle
|clearpoke
|poke|p1|Audino, M|
|poke|p1|Crustle, M|
|poke|p1|Raikou|
|poke|p1|Rapidash, F|
|poke|p1|Solrock|
|poke|p1|Thundurus, M|
|poke|p2|Froslass, F|
|poke|p2|Magmortar, M|
|poke|p2|Skuntank, M|
|poke|p2|Snorlax, M|
|poke|p2|Weezing-Galar, F|
|poke|p2|Wishiwashi, F|
|rule|HP Percentage Mod: HP is shown in percentages
|rule|Endless Battle Clause: Forcing endless battles is banned
|rule|OHKO Clause: OHKO moves are banned
|rule|Evasion Moves Clause: Evasion moves are banned
|rule|Species Clause: Limit one of each Pokémon
|rule|Dynamax Clause: You cannot dynamax
|rule|Sleep Clause Mod: Limit one foe put to sleep
|rule|Freeze Clause Mod: Limit one foe frozen
|raw|<img src="https:\/\/raw.githubusercontent.com\/scoopapa\/DH\/master\/data\/mods\/m4av6\/sprites\/m4a_banner.png" height="65" width="381">
|-message|Welcome to Megas for All!
|-message|This is a National Dex-based format where we aim to give a new Mega Evolution to every Pokémon.
|-message|Just like any official format, you can still only Mega Evolve one Pokémon per team!
|-message|You can find our thread and metagame resources here:
|-message|https:\/\/www.smogon.com\/forums\/threads\/3671140\/
|teampreview
|j|#inkbug1
|c|☆Spooky Fingaa|hf]
|c|☆JosJet|ty yt!
|
|t:|1635030816
|start
|switch|p1a: Solrock|Solrock|100\/100
|switch|p2a: Wishiwashi|Wishiwashi, F|100\/100
|-formechange|p2a: Wishiwashi|Wishiwashi-School||[from] ability: Schooling
|turn|1
|c|☆Spooky Fingaa|go my child
|c|☆JosJet|whichy wachy
|
|t:|1635030853
|move|p1a: Solrock|Will-O-Wisp|p2a: Wishiwashi|[miss]
|-miss|p1a: Solrock|p2a: Wishiwashi
|move|p2a: Wishiwashi|Hydro Pump|p1a: Solrock|[miss]
|-miss|p2a: Wishiwashi|p1a: Solrock
|
|upkeep
|turn|2
|c|☆JosJet|lmao fair
|
|t:|1635030860
|move|p1a: Solrock|Will-O-Wisp|p2a: Wishiwashi|[miss]
|-miss|p1a: Solrock|p2a: Wishiwashi
|move|p2a: Wishiwashi|Hydro Pump|p1a: Solrock
|-supereffective|p1a: Solrock
|-damage|p1a: Solrock|0 fnt
|faint|p1a: Solrock
|
|upkeep
|c|☆JosJet|wait
|c|☆JosJet|I meant stealth rocks
|c|☆JosJet|oh well
|
|t:|1635030882
|switch|p1a: Raikou|Raikou|100\/100
|-ability|p1a: Raikou|Pressure
|turn|3
|c|☆Spooky Fingaa|time to uh
|c|☆JosJet|no
|c|☆Spooky Fingaa|lose to raikou
|c|☆JosJet|:(
|c|☆JosJet|you dont
|c|☆JosJet|Raikou bad
|
|t:|1635030900
|switch|p2a: Snorlax|Snorlax, M|100\/100
|move|p1a: Raikou|Thunderbolt|p2a: Snorlax
|-damage|p2a: Snorlax|81\/100
|
|-heal|p2a: Snorlax|87\/100|[from] item: Leftovers
|upkeep
|turn|4
|c|☆JosJet|thundurus good
|
|t:|1635030907
|move|p1a: Raikou|Thunderbolt|p2a: Snorlax
|-damage|p2a: Snorlax|68\/100
|move|p2a: Snorlax|Curse|p2a: Snorlax
|-unboost|p2a: Snorlax|spe|1
|-boost|p2a: Snorlax|atk|1
|-boost|p2a: Snorlax|def|1
|
|-heal|p2a: Snorlax|74\/100|[from] item: Leftovers
|upkeep
|turn|5
|
|t:|1635030912
|move|p1a: Raikou|Volt Switch|p2a: Snorlax
|-damage|p2a: Snorlax|57\/100
|
|t:|1635030921
|switch|p1a: Thundurus|Thundurus, M|100\/100|[from]move: Volt Switch
|move|p2a: Snorlax|Body Slam|p1a: Thundurus
|-damage|p1a: Thundurus|27\/100
|
|-heal|p2a: Snorlax|64\/100|[from] item: Leftovers
|upkeep
|turn|6
|j| ZigguratJester
|
|t:|1635030932
|switch|p2a: Froslass|Froslass, F|100\/100
|-zpower|p1a: Thundurus
|move|p1a: Thundurus|All-Out Pummeling|p2a: Froslass|[zeffect]
|-immune|p2a: Froslass
|
|upkeep
|turn|7
|
|t:|1635030950
|switch|p1a: Rapidash|Rapidash, F|100\/100
|move|p2a: Froslass|Triple Axel|p1a: Rapidash
|-resisted|p1a: Rapidash
|-damage|p1a: Rapidash|96\/100
|-resisted|p1a: Rapidash
|-damage|p1a: Rapidash|86\/100
|-resisted|p1a: Rapidash
|-damage|p1a: Rapidash|69\/100
|-hitcount|p1a: Rapidash|3
|
|upkeep
|turn|8
|
|t:|1635030970
|detailschange|p1a: Rapidash|Rapidash-Mega, F
|-mega|p1a: Rapidash|Rapidash|Rapidashinite
|-start|p1a: Rapidash|typechange|Fire\/Flying|[silent]
|raw|<ul class="utilichart"><li class="result"><span class="col pokemonnamecol" style="white-space: nowrap">Rapidash-Mega<\/span> <span class="col typecol"><img src="https:\/\/play.pokemonshowdown.com\/sprites\/types\/Fire.png" alt="Fire" height="14" width="32"><img src="https:\/\/play.pokemonshowdown.com\/sprites\/types\/Flying.png" alt="Flying" height="14" width="32"><\/span> <span style="float: left ; min-height: 26px"><span class="col abilitycol">Magic Guard<\/span><span class="col abilitycol"><\/span><\/span><span style="float: left ; min-height: 26px"><span class="col statcol"><em>HP<\/em><br>65<\/span> <span class="col statcol"><em>Atk<\/em><br>105<\/span> <span class="col statcol"><em>Def<\/em><br>95<\/span> <span class="col statcol"><em>SpA<\/em><br>120<\/span> <span class="col statcol"><em>SpD<\/em><br>105<\/span> <span class="col statcol"><em>Spe<\/em><br>110<\/span> <\/span><\/li><li style="clear: both"><\/li><\/ul>
|move|p1a: Rapidash|Morning Sun|p1a: Rapidash
|-heal|p1a: Rapidash|100\/100
|move|p2a: Froslass|Spikes|p1a: Rapidash
|-sidestart|p1: JosJet|Spikes
|
|upkeep
|turn|9
|
|t:|1635030977
|move|p1a: Rapidash|Flare Blitz|p2a: Froslass
|-supereffective|p2a: Froslass
|-enditem|p2a: Froslass|Focus Sash
|-damage|p2a: Froslass|1\/100
|move|p2a: Froslass|Spikes|p1a: Rapidash
|-sidestart|p1: JosJet|Spikes
|
|upkeep
|turn|10
|
|t:|1635030984
|move|p1a: Rapidash|Swords Dance|p1a: Rapidash
|-boost|p1a: Rapidash|atk|2
|move|p2a: Froslass|Destiny Bond|p2a: Froslass
|-singlemove|p2a: Froslass|Destiny Bond
|
|upkeep
|turn|11
|
|t:|1635030991
|move|p1a: Rapidash|Morning Sun||[still]
|-fail|p1a: Rapidash
|move|p2a: Froslass|Triple Axel|p1a: Rapidash|[miss]
|-miss|p2a: Froslass|p1a: Rapidash
|
|upkeep
|turn|12
|
|t:|1635030997
|move|p1a: Rapidash|Flare Blitz|p2a: Froslass
|-supereffective|p2a: Froslass
|-damage|p2a: Froslass|0 fnt
|faint|p2a: Froslass
|
|upkeep
|
|t:|1635031005
|switch|p2a: Wishiwashi|Wishiwashi, F|100\/100
|-formechange|p2a: Wishiwashi|Wishiwashi-School||[from] ability: Schooling
|turn|13
|l|#inkbug1
|j|#inkbug1

|
|t:|1635031033
|switch|p1a: Audino|Audino, M|100\/100
|move|p2a: Wishiwashi|Hydro Pump|p1a: Audino|[miss]
|-miss|p2a: Wishiwashi|p1a: Audino
|
|upkeep
|turn|14
|
|t:|1635031042
|switch|p2a: Skuntank|Skuntank, M|100\/100
|move|p1a: Audino|Wish|p1a: Audino
|
|upkeep
|turn|15
|
|t:|1635031046
|move|p2a: Skuntank|Nasty Plot|p2a: Skuntank
|-boost|p2a: Skuntank|spa|2
|move|p1a: Audino|Knock Off|p2a: Skuntank
|-resisted|p2a: Skuntank
|-damage|p2a: Skuntank|93\/100
|
|upkeep
|turn|16
|
|t:|1635031054
|move|p2a: Skuntank|Sludge Bomb|p1a: Audino
|-damage|p1a: Audino|62\/100
|move|p1a: Audino|Wish|p1a: Audino
|
|upkeep
|turn|17
|
|t:|1635031058
|switch|p1a: Crustle|Crustle, M|100\/100
|move|p2a: Skuntank|Nasty Plot|p2a: Skuntank
|-boost|p2a: Skuntank|spa|2
|
|upkeep
|turn|18
|
|t:|1635031066
|move|p2a: Skuntank|Dark Pulse|p1a: Crustle
|-ability|p1a: Crustle|Sturdy
|-damage|p1a: Crustle|1\/100
|move|p1a: Crustle|Shell Smash|p1a: Crustle
|-unboost|p1a: Crustle|def|1
|-unboost|p1a: Crustle|spd|1
|-boost|p1a: Crustle|atk|2
|-boost|p1a: Crustle|spa|2
|-boost|p1a: Crustle|spe|2
|
|upkeep
|turn|19
|
|t:|1635031072
|move|p1a: Crustle|Earthquake|p2a: Skuntank
|-supereffective|p2a: Skuntank
|-damage|p2a: Skuntank|0 fnt
|faint|p2a: Skuntank
|
|upkeep
|
|t:|1635031075
|switch|p2a: Weezing|Weezing-Galar, F|100\/100
|turn|20
|
|t:|1635031083
|move|p1a: Crustle|Stone Edge|p2a: Weezing
|-damage|p2a: Weezing|45\/100
|move|p2a: Weezing|Strange Steam|p1a: Crustle
|-damage|p1a: Crustle|0 fnt
|faint|p1a: Crustle
|
|-heal|p2a: Weezing|51\/100|[from] item: Black Sludge
|upkeep
|
|t:|1635031092
|switch|p1a: Audino|Audino, M|95\/100
|turn|21
|
|t:|1635031097
|switch|p2a: Magmortar|Magmortar, M|100\/100
|move|p1a: Audino|Wish|p1a: Audino
|
|upkeep
|turn|22
|
|t:|1635031111
|switch|p1a: Thundurus|Thundurus, M|27\/100
|detailschange|p2a: Magmortar|Magmortar-Mega, M
|-mega|p2a: Magmortar|Magmortar|Magmortarite
|-start|p2a: Magmortar|typechange|Fire|[silent]
|raw|<ul class="utilichart"><li class="result"><span class="col pokemonnamecol" style="white-space: nowrap">Magmortar-Mega<\/span> <span class="col typecol"><img src="https:\/\/play.pokemonshowdown.com\/sprites\/types\/Fire.png" alt="Fire" height="14" width="32"><\/span> <span style="float: left ; min-height: 26px"><span class="col abilitycol">Neutralizing Gas<\/span><span class="col abilitycol"><\/span><\/span><span style="float: left ; min-height: 26px"><span class="col statcol"><em>HP<\/em><br>75<\/span> <span class="col statcol"><em>Atk<\/em><br>95<\/span> <span class="col statcol"><em>Def<\/em><br>87<\/span> <span class="col statcol"><em>SpA<\/em><br>170<\/span> <span class="col statcol"><em>SpD<\/em><br>110<\/span> <span class="col statcol"><em>Spe<\/em><br>103<\/span> <\/span><\/li><li style="clear: both"><\/li><\/ul>
|move|p2a: Magmortar|Lava Plume|p1a: Thundurus
|-damage|p1a: Thundurus|0 fnt
|faint|p1a: Thundurus
|
|upkeep
|
|t:|1635031113
|switch|p1a: Rapidash|Rapidash-Mega, F|100\/100
|-start|p1a: Rapidash|typechange|Fire\/Flying|[silent]
|turn|23
|
|t:|1635031147
|move|p1a: Rapidash|Swords Dance|p1a: Rapidash
|-boost|p1a: Rapidash|atk|2
|move|p2a: Magmortar|Thunderbolt|p1a: Rapidash
|-supereffective|p1a: Rapidash
|-damage|p1a: Rapidash|37\/100
|
|upkeep
|turn|24
|
|t:|1635031150
|move|p1a: Rapidash|High Horsepower|p2a: Magmortar
|-supereffective|p2a: Magmortar
|-damage|p2a: Magmortar|7\/100
|move|p2a: Magmortar|Thunderbolt|p1a: Rapidash
|-supereffective|p1a: Rapidash
|-damage|p1a: Rapidash|0 fnt
|faint|p1a: Rapidash
|
|upkeep
|
|t:|1635031153
|switch|p1a: Raikou|Raikou|100\/100
|turn|25
|
|t:|1635031162
|-ability|p1a: Raikou|Pressure
|switch|p2a: Weezing|Weezing-Galar, F|51\/100
|move|p1a: Raikou|Aura Sphere|p2a: Weezing
|-resisted|p2a: Weezing
|-damage|p2a: Weezing|42\/100
|
|-heal|p2a: Weezing|49\/100|[from] item: Black Sludge
|upkeep
|turn|26
|
|t:|1635031166
|move|p1a: Raikou|Thunderbolt|p2a: Weezing
|-damage|p2a: Weezing|0 fnt
|faint|p2a: Weezing
|
|upkeep
|
|t:|1635031169
|switch|p2a: Snorlax|Snorlax, M|64\/100
|turn|27
|
|t:|1635031171
|move|p1a: Raikou|Aura Sphere|p2a: Snorlax
|-supereffective|p2a: Snorlax
|-damage|p2a: Snorlax|41\/100
|move|p2a: Snorlax|Body Slam|p1a: Raikou
|-damage|p1a: Raikou|61\/100
|
|-heal|p2a: Snorlax|47\/100|[from] item: Leftovers
|upkeep
|turn|28
|
|t:|1635031179
|move|p1a: Raikou|Scald|p2a: Snorlax
|-damage|p2a: Snorlax|36\/100
|move|p2a: Snorlax|Rest|p2a: Snorlax
|-status|p2a: Snorlax|slp|[from] move: Rest
|-heal|p2a: Snorlax|100\/100 slp|[silent]
|
|upkeep
|turn|29
|
|t:|1635031184
|move|p1a: Raikou|Aura Sphere|p2a: Snorlax
|-supereffective|p2a: Snorlax
|-damage|p2a: Snorlax|79\/100 slp
|cant|p2a: Snorlax|slp
|
|-heal|p2a: Snorlax|85\/100 slp|[from] item: Leftovers
|upkeep
|turn|30
|
|t:|1635031189
|move|p1a: Raikou|Aura Sphere|p2a: Snorlax
|-supereffective|p2a: Snorlax
|-crit|p2a: Snorlax
|-damage|p2a: Snorlax|50\/100 slp
|cant|p2a: Snorlax|slp
|
|-heal|p2a: Snorlax|56\/100 slp|[from] item: Leftovers
|upkeep
|turn|31
|
|t:|1635031193
|move|p1a: Raikou|Aura Sphere|p2a: Snorlax
|-supereffective|p2a: Snorlax
|-damage|p2a: Snorlax|33\/100 slp
|-curestatus|p2a: Snorlax|slp|[msg]
|move|p2a: Snorlax|Body Slam|p1a: Raikou
|-damage|p1a: Raikou|21\/100
|
|-heal|p2a: Snorlax|40\/100|[from] item: Leftovers
|upkeep
|turn|32
|
|t:|1635031199
|move|p1a: Raikou|Aura Sphere|p2a: Snorlax
|-supereffective|p2a: Snorlax
|-damage|p2a: Snorlax|18\/100
|move|p2a: Snorlax|Rest|p2a: Snorlax
|-status|p2a: Snorlax|slp|[from] move: Rest
|-heal|p2a: Snorlax|100\/100 slp|[silent]
|
|upkeep
|turn|33
|
|t:|1635031202
|switch|p1a: Audino|Audino, M|100\/100
|cant|p2a: Snorlax|slp
|
|upkeep
|turn|34
|
|t:|1635031205
|move|p1a: Audino|Wish|p1a: Audino
|cant|p2a: Snorlax|slp
|
|upkeep
|turn|35
|
|t:|1635031207
|switch|p1a: Raikou|Raikou|21\/100
|-ability|p1a: Raikou|Pressure
|-curestatus|p2a: Snorlax|slp|[msg]
|move|p2a: Snorlax|Curse|p2a: Snorlax
|-unboost|p2a: Snorlax|spe|1
|-boost|p2a: Snorlax|atk|1
|-boost|p2a: Snorlax|def|1
|
|-heal|p1a: Raikou|85\/100|[from] move: Wish|[wisher] Audino
|upkeep
|turn|36
|
|t:|1635031211
|move|p1a: Raikou|Scald|p2a: Snorlax
|-damage|p2a: Snorlax|89\/100
|move|p2a: Snorlax|Body Slam|p1a: Raikou
|-damage|p1a: Raikou|23\/100
|
|-heal|p2a: Snorlax|95\/100|[from] item: Leftovers
|upkeep
|turn|37
|
|t:|1635031216
|move|p1a: Raikou|Aura Sphere|p2a: Snorlax
|-supereffective|p2a: Snorlax
|-damage|p2a: Snorlax|70\/100
|move|p2a: Snorlax|Body Slam|p1a: Raikou
|-damage|p1a: Raikou|0 fnt
|faint|p1a: Raikou
|
|-heal|p2a: Snorlax|77\/100|[from] item: Leftovers
|upkeep
|
|t:|1635031219
|switch|p1a: Audino|Audino, M|100\/100
|turn|38
|-message|JosJet forfeited.
|
|win|Spooky Fingaa
|c|☆Spooky Fingaa|gg
|c|☆JosJet|gg</script>
</div>
<div class="battle-log battle-log-inline"><div class="inner"><div class="battle-options"><div style="padding-top: 3px; padding-right: 3px; text-align: right"><button class="icon button" name="openBattleOptions" title="Options">Battle Options</button></div></div><div class="inner message-log"><div class="chat"><small>☆JosJet and ☆Spooky Fingaa joined</small></div><div class=""><small>Format:</small> <br><strong>[Gen 8] Megas for All</strong></div><div class="rated"><strong>Tournament battle</strong></div><div class=""><small><em>HP Percentage Mod:</em> HP is shown in percentages</small></div><div class=""><small><em>Endless Battle Clause:</em> Forcing endless battles is banned</small></div><div class=""><small><em>OHKO Clause:</em> OHKO moves are banned</small></div><div class=""><small><em>Evasion Moves Clause:</em> Evasion moves are banned</small></div><div class=""><small><em>Species Clause:</em> Limit one of each Pokémon</small></div><div class=""><small><em>Dynamax Clause:</em> You cannot dynamax</small></div><div class=""><small><em>Sleep Clause Mod:</em> Limit one foe put to sleep</small></div><div class=""><small><em>Freeze Clause Mod:</em> Limit one foe frozen</small></div><div class="chat"><img src="https://raw.githubusercontent.com/scoopapa/DH/master/data/mods/m4av6/sprites/m4a_banner.png" height="65" width="381"></div><div class="spacer battle-history"><br></div><div class="battle-history"><small>Welcome to Megas for All!</small><br></div><div class="battle-history"><small>This is a National Dex-based format where we aim to give a new Mega Evolution to every Pokémon.</small><br></div><div class="battle-history"><small>Just like any official format, you can still only Mega Evolve one Pokémon per team!</small><br></div><div class="battle-history"><small>You can find our thread and metagame resources here:</small><br></div><div class="battle-history"><small>https://www.smogon.com/forums/threads/3671140/</small><br></div><div class="chat battle-history"><strong>JosJet's team:</strong> <em style="color:#445566;display:block;">Audino / Crustle / Raikou / Rapidash / Solrock / Thundurus</em></div><div class="chat battle-history"><strong>Spooky Fingaa's team:</strong> <em style="color:#445566;display:block;">Froslass / Magmortar / Skuntank / Snorlax / Weezing-Galar / Wishiwashi</em></div><div class="chat"><small>#inkbug1 joined</small></div><div class="chat chatmessage-spookyfingaa"><strong style="color:#6647e2"><small>☆</small><span class="username" data-name="Spooky Fingaa">Spooky Fingaa</span>:</strong> <em>hf]</em></div><div class="chat chatmessage-josjet"><strong style="color:#41b2b6"><small>☆</small><span class="username" data-name="JosJet">JosJet</span>:</strong> <em>ty yt!</em></div><div class="spacer battle-history"><br></div><div class="battle-history">Battle started between JosJet and Spooky Fingaa!<br></div><div class="spacer battle-history"><br></div><div class="battle-history">Go! <strong>Solrock</strong>!<br></div><div class="spacer battle-history"><br></div><div class="battle-history">Spooky Fingaa sent out <strong>Wishiwashi</strong>!<br></div><div class="battle-history">[The opposing Wishiwashi's Schooling]<br>The opposing Wishiwashi formed a school!<br></div><div class="spacer battle-history"><br></div><h2 class="battle-history">Turn 1</h2><div class="chat chatmessage-spookyfingaa"><strong style="color:#6647e2"><small>☆</small><span class="username" data-name="Spooky Fingaa">Spooky Fingaa</span>:</strong> <em>go my child</em></div><div class="chat chatmessage-josjet"><strong style="color:#41b2b6"><small>☆</small><span class="username" data-name="JosJet">JosJet</span>:</strong> <em>whichy wachy</em></div><div class="spacer battle-history"><br></div><div class="battle-history">Solrock used <strong>Will-O-Wisp</strong>!<br></div><div class="battle-history"><small>The opposing Wishiwashi avoided the attack!</small><br></div><div class="spacer battle-history"><br></div><div class="battle-history">The opposing Wishiwashi used <strong>Hydro Pump</strong>!<br></div><div class="battle-history"><small>Solrock avoided the attack!</small><br></div><div class="spacer battle-history"><br></div><h2 class="battle-history">Turn 2</h2><div class="chat chatmessage-josjet"><strong style="color:#41b2b6"><small>☆</small><span class="username" data-name="JosJet">JosJet</span>:</strong> <em>lmao fair</em></div><div class="spacer battle-history"><br></div><div class="battle-history">Solrock used <strong>Will-O-Wisp</strong>!<br></div><div class="battle-history"><small>The opposing Wishiwashi avoided the attack!</small><br></div><div class="spacer battle-history"><br></div><div class="battle-history">The opposing Wishiwashi used <strong>Hydro Pump</strong>!<br></div><div class="battle-history"><small>It's super effective!</small><br></div><div class="battle-history"><small>(Solrock lost 100% of its health!)</small><br></div><div class="spacer battle-history"><br></div><div class="battle-history">Solrock fainted!<br></div><div class="chat chatmessage-josjet"><strong style="color:#41b2b6"><small>☆</small><span class="username" data-name="JosJet">JosJet</span>:</strong> <em>wait</em></div><div class="chat chatmessage-josjet"><strong style="color:#41b2b6"><small>☆</small><span class="username" data-name="JosJet">JosJet</span>:</strong> <em>I meant stealth rocks</em></div><div class="chat chatmessage-josjet"><strong style="color:#41b2b6"><small>☆</small><span class="username" data-name="JosJet">JosJet</span>:</strong> <em>oh well</em></div><div class="spacer battle-history"><br></div><div class="battle-history">Go! <strong>Raikou</strong>!<br></div><div class="battle-history">[Raikou's Pressure]<br><small>Raikou is exerting its pressure!</small><br></div><div class="spacer battle-history"><br></div><h2 class="battle-history">Turn 3</h2><div class="chat chatmessage-spookyfingaa"><strong style="color:#6647e2"><small>☆</small><span class="username" data-name="Spooky Fingaa">Spooky Fingaa</span>:</strong> <em>time to uh</em></div><div class="chat chatmessage-josjet"><strong style="color:#41b2b6"><small>☆</small><span class="username" data-name="JosJet">JosJet</span>:</strong> <em>no</em></div><div class="chat chatmessage-spookyfingaa"><strong style="color:#6647e2"><small>☆</small><span class="username" data-name="Spooky Fingaa">Spooky Fingaa</span>:</strong> <em>lose to raikou</em></div><div class="chat chatmessage-josjet"><strong style="color:#41b2b6"><small>☆</small><span class="username" data-name="JosJet">JosJet</span>:</strong> <em>:(</em></div><div class="chat chatmessage-josjet"><strong style="color:#41b2b6"><small>☆</small><span class="username" data-name="JosJet">JosJet</span>:</strong> <em>you dont</em></div><div class="chat chatmessage-josjet"><strong style="color:#41b2b6"><small>☆</small><span class="username" data-name="JosJet">JosJet</span>:</strong> <em>Raikou bad</em></div><div class="spacer battle-history"><br></div><div class="battle-history">Spooky Fingaa withdrew Wishiwashi!<br></div><div class="battle-history">Spooky Fingaa sent out <strong>Snorlax</strong>!<br></div><div class="spacer battle-history"><br></div><div class="battle-history">Raikou used <strong>Thunderbolt</strong>!<br></div><div class="battle-history"><small>(The opposing Snorlax lost 19% of its health!)</small><br></div><div class="spacer battle-history"><br></div><div class="battle-history"><small>The opposing Snorlax restored a little HP using its Leftovers!</small><br></div><div class="spacer battle-history"><br></div><h2 class="battle-history">Turn 4</h2><div class="chat chatmessage-josjet"><strong style="color:#41b2b6"><small>☆</small><span class="username" data-name="JosJet">JosJet</span>:</strong> <em>thundurus good</em></div><div class="spacer battle-history"><br></div><div class="battle-history">Raikou used <strong>Thunderbolt</strong>!<br></div><div class="battle-history"><small>(The opposing Snorlax lost 19% of its health!)</small><br></div><div class="spacer battle-history"><br></div><div class="battle-history">The opposing Snorlax used <strong>Curse</strong>!<br></div><div class="battle-history"><small>The opposing Snorlax's Speed fell!</small><br></div><div class="battle-history"><small>The opposing Snorlax's Attack rose!</small><br></div><div class="battle-history"><small>The opposing Snorlax's Defense rose!</small><br></div><div class="spacer battle-history"><br></div><div class="battle-history"><small>The opposing Snorlax restored a little HP using its Leftovers!</small><br></div><div class="spacer battle-history"><br></div><h2 class="battle-history">Turn 5</h2><div class="spacer battle-history"><br></div><div class="battle-history">Raikou used <strong>Volt Switch</strong>!<br></div><div class="battle-history"><small>(The opposing Snorlax lost 17% of its health!)</small><br></div><div class="spacer battle-history"><br></div><div class="battle-history">Raikou went back to JosJet!<br></div><div class="battle-history">Go! <strong>Thundurus</strong>!<br></div><div class="spacer battle-history"><br></div><div class="battle-history">The opposing Snorlax used <strong>Body Slam</strong>!<br></div><div class="battle-history"><small>(Thundurus lost 73% of its health!)</small><br></div><div class="spacer battle-history"><br></div><div class="battle-history"><small>The opposing Snorlax restored a little HP using its Leftovers!</small><br></div><div class="spacer battle-history"><br></div><h2 class="battle-history">Turn 6</h2><div class="chat"><small> ZigguratJester joined</small></div><div class="spacer battle-history"><br></div><div class="battle-history">Spooky Fingaa withdrew Snorlax!<br></div><div class="battle-history">Spooky Fingaa sent out <strong>Froslass</strong>!<br></div><div class="battle-history"><small>Thundurus surrounded itself with its Z-Power!</small><br></div><div class="spacer battle-history"><br></div><div class="battle-history"><small>Thundurus unleashes its full-force Z-Move!</small><br>Thundurus used <strong>All-Out Pummeling</strong>!<br></div><div class="battle-history"><small>It doesn't affect the opposing Froslass...</small><br></div><div class="spacer battle-history"><br></div><h2 class="battle-history">Turn 7</h2><div class="spacer battle-history"><br></div><div class="battle-history">Thundurus, come back!<br></div><div class="battle-history">Go! <strong>Rapidash</strong>!<br></div><div class="spacer battle-history"><br></div><div class="battle-history">The opposing Froslass used <strong>Triple Axel</strong>!<br></div><div class="battle-history"><small>It's not very effective...</small><br></div><div class="battle-history"><small>(Rapidash lost 4% of its health!)</small><br></div><div class="battle-history"><small>It's not very effective...</small><br></div><div class="battle-history"><small>(Rapidash lost 10% of its health!)</small><br></div><div class="battle-history"><small>It's not very effective...</small><br></div><div class="battle-history"><small>(Rapidash lost 17% of its health!)</small><br></div><div class="battle-history"><small>The Pokémon was hit 3 times!</small><br></div><div class="spacer battle-history"><br></div><h2 class="battle-history">Turn 8</h2><div class="spacer battle-history"><br></div><div class="battle-history"><small>Rapidash's Rapidashinite is reacting to the Key Stone!</small><br>Rapidash has Mega Evolved into Mega Rapidash!<br></div><div class="chat"><ul class="utilichart"><li class="result"><span class="col pokemonnamecol" style="white-space: nowrap">Rapidash-Mega</span> <span class="col typecol"><img src="https://play.pokemonshowdown.com/sprites/types/Fire.png" alt="Fire" height="14" width="32"><img src="https://play.pokemonshowdown.com/sprites/types/Flying.png" alt="Flying" height="14" width="32"></span> <span style="float: left ; min-height: 26px"><span class="col abilitycol">Magic Guard</span><span class="col abilitycol"></span></span><span style="float: left ; min-height: 26px"><span class="col statcol"><em>HP</em><br>65</span> <span class="col statcol"><em>Atk</em><br>105</span> <span class="col statcol"><em>Def</em><br>95</span> <span class="col statcol"><em>SpA</em><br>120</span> <span class="col statcol"><em>SpD</em><br>105</span> <span class="col statcol"><em>Spe</em><br>110</span> </span></li><li style="clear: both"></li></ul></div><div class="spacer battle-history"><br></div><div class="battle-history">Rapidash used <strong>Morning Sun</strong>!<br></div><div class="battle-history"><small>Rapidash had its HP restored.</small><br></div><div class="spacer battle-history"><br></div><div class="battle-history">The opposing Froslass used <strong>Spikes</strong>!<br></div><div class="battle-history"><small>Spikes were scattered on the ground all around your team!</small><br></div><div class="spacer battle-history"><br></div><h2 class="battle-history">Turn 9</h2><div class="spacer battle-history"><br></div><div class="battle-history">Rapidash used <strong>Flare Blitz</strong>!<br></div><div class="battle-history"><small>It's super effective!</small><br></div><div class="battle-history"><small>The opposing Froslass hung on using its Focus Sash!</small><br></div><div class="battle-history"><small>(The opposing Froslass lost 99% of its health!)</small><br></div><div class="spacer battle-history"><br></div><div class="battle-history">The opposing Froslass used <strong>Spikes</strong>!<br></div><div class="battle-history"><small>Spikes were scattered on the ground all around your team!</small><br></div><div class="spacer battle-history"><br></div><h2 class="battle-history">Turn 10</h2><div class="spacer battle-history"><br></div><div class="battle-history">Rapidash used <strong>Swords Dance</strong>!<br></div><div class="battle-history"><small>Rapidash's Attack rose sharply!</small><br></div><div class="spacer battle-history"><br></div><div class="battle-history">The opposing Froslass used <strong>Destiny Bond</strong>!<br></div><div class="battle-history"><small>The opposing Froslass is hoping to take its attacker down with it!</small><br></div><div class="spacer battle-history"><br></div><h2 class="battle-history">Turn 11</h2><div class="spacer battle-history"><br></div><div class="battle-history">Rapidash used <strong>Morning Sun</strong>!<br></div><div class="battle-history"><small>But it failed!</small><br></div><div class="spacer battle-history"><br></div><div class="battle-history">The opposing Froslass used <strong>Triple Axel</strong>!<br></div><div class="battle-history"><small>Rapidash avoided the attack!</small><br></div><div class="spacer battle-history"><br></div><h2 class="battle-history">Turn 12</h2><div class="spacer battle-history"><br></div><div class="battle-history">Rapidash used <strong>Flare Blitz</strong>!<br></div><div class="battle-history"><small>It's super effective!</small><br></div><div class="battle-history"><small>(The opposing Froslass lost 1% of its health!)</small><br></div><div class="spacer battle-history"><br></div><div class="battle-history">The opposing Froslass fainted!<br></div><div class="spacer battle-history"><br></div><div class="battle-history">Spooky Fingaa sent out <strong>Wishiwashi</strong>!<br></div><div class="battle-history">[The opposing Wishiwashi's Schooling]<br>The opposing Wishiwashi formed a school!<br></div><div class="spacer battle-history"><br></div><h2 class="battle-history">Turn 13</h2><div class="chat"><small></small></div><div class="spacer battle-history"><br></div><div class="battle-history">Rapidash, come back!<br></div><div class="battle-history">Go! <strong>Audino</strong>!<br></div><div class="spacer battle-history"><br></div><div class="battle-history">The opposing Wishiwashi used <strong>Hydro Pump</strong>!<br></div><div class="battle-history"><small>Audino avoided the attack!</small><br></div><div class="spacer battle-history"><br></div><h2 class="battle-history">Turn 14</h2><div class="spacer battle-history"><br></div><div class="battle-history">Spooky Fingaa withdrew Wishiwashi!<br></div><div class="battle-history">Spooky Fingaa sent out <strong>Skuntank</strong>!<br></div><div class="spacer battle-history"><br></div><div class="battle-history">Audino used <strong>Wish</strong>!<br></div><div class="spacer battle-history"><br></div><h2 class="battle-history">Turn 15</h2><div class="spacer battle-history"><br></div><div class="battle-history">The opposing Skuntank used <strong>Nasty Plot</strong>!<br></div><div class="battle-history"><small>The opposing Skuntank's Sp. Atk rose sharply!</small><br></div><div class="spacer battle-history"><br></div><div class="battle-history">Audino used <strong>Knock Off</strong>!<br></div><div class="battle-history"><small>It's not very effective...</small><br></div><div class="battle-history"><small>(The opposing Skuntank lost 7% of its health!)</small><br></div><div class="spacer battle-history"><br></div><h2 class="battle-history">Turn 16</h2><div class="spacer battle-history"><br></div><div class="battle-history">The opposing Skuntank used <strong>Sludge Bomb</strong>!<br></div><div class="battle-history"><small>(Audino lost 38% of its health!)</small><br></div><div class="spacer battle-history"><br></div><div class="battle-history">Audino used <strong>Wish</strong>!<br></div><div class="spacer battle-history"><br></div><h2 class="battle-history">Turn 17</h2><div class="spacer battle-history"><br></div><div class="battle-history">Audino, come back!<br></div><div class="battle-history">Go! <strong>Crustle</strong>!<br></div><div class="spacer battle-history"><br></div><div class="battle-history">The opposing Skuntank used <strong>Nasty Plot</strong>!<br></div><div class="battle-history"><small>The opposing Skuntank's Sp. Atk rose sharply!</small><br></div><div class="spacer battle-history"><br></div><h2 class="battle-history">Turn 18</h2><div class="spacer battle-history"><br></div><div class="battle-history">The opposing Skuntank used <strong>Dark Pulse</strong>!<br></div><div class="battle-history">[Crustle's Sturdy]<br><small>Crustle endured the hit!</small><br></div><div class="battle-history"><small>(Crustle lost 99% of its health!)</small><br></div><div class="spacer battle-history"><br></div><div class="battle-history">Crustle used <strong>Shell Smash</strong>!<br></div><div class="battle-history"><small>Crustle's Defense fell!</small><br></div><div class="battle-history"><small>Crustle's Sp. Def fell!</small><br></div><div class="battle-history"><small>Crustle's Attack rose sharply!</small><br></div><div class="battle-history"><small>Crustle's Sp. Atk rose sharply!</small><br></div><div class="battle-history"><small>Crustle's Speed rose sharply!</small><br></div><div class="spacer battle-history"><br></div><h2 class="battle-history">Turn 19</h2><div class="spacer battle-history"><br></div><div class="battle-history">Crustle used <strong>Earthquake</strong>!<br></div><div class="battle-history"><small>It's super effective!</small><br></div><div class="battle-history"><small>(The opposing Skuntank lost 93% of its health!)</small><br></div><div class="spacer battle-history"><br></div><div class="battle-history">The opposing Skuntank fainted!<br></div><div class="spacer battle-history"><br></div><div class="battle-history">Spooky Fingaa sent out Weezing (<strong>Weezing-Galar</strong>)!<br></div><div class="spacer battle-history"><br></div><h2 class="battle-history">Turn 20</h2><div class="spacer battle-history"><br></div><div class="battle-history">Crustle used <strong>Stone Edge</strong>!<br></div><div class="battle-history"><small>(The opposing Weezing lost 55% of its health!)</small><br></div><div class="spacer battle-history"><br></div><div class="battle-history">The opposing Weezing used <strong>Strange Steam</strong>!<br></div><div class="battle-history"><small>(Crustle lost 1% of its health!)</small><br></div><div class="spacer battle-history"><br></div><div class="battle-history">Crustle fainted!<br></div><div class="spacer battle-history"><br></div><div class="battle-history"><small>The opposing Weezing restored a little HP using its Black Sludge!</small><br></div><div class="spacer battle-history"><br></div><div class="battle-history">Go! <strong>Audino</strong>!<br></div><div class="spacer battle-history"><br></div><h2 class="battle-history">Turn 21</h2><div class="spacer battle-history"><br></div><div class="battle-history">Spooky Fingaa withdrew Weezing!<br></div><div class="battle-history">Spooky Fingaa sent out <strong>Magmortar</strong>!<br></div><div class="spacer battle-history"><br></div><div class="battle-history">Audino used <strong>Wish</strong>!<br></div><div class="spacer battle-history"><br></div><h2 class="battle-history">Turn 22</h2><div class="spacer battle-history"><br></div><div class="battle-history">Audino, come back!<br></div><div class="battle-history">Go! <strong>Thundurus</strong>!<br></div><div class="spacer battle-history"><br></div><div class="battle-history"><small>The opposing Magmortar's Magmortarite is reacting to the Key Stone!</small><br>The opposing Magmortar has Mega Evolved into Mega Magmortar!<br></div><div class="chat"><ul class="utilichart"><li class="result"><span class="col pokemonnamecol" style="white-space: nowrap">Magmortar-Mega</span> <span class="col typecol"><img src="https://play.pokemonshowdown.com/sprites/types/Fire.png" alt="Fire" height="14" width="32"></span> <span style="float: left ; min-height: 26px"><span class="col abilitycol">Neutralizing Gas</span><span class="col abilitycol"></span></span><span style="float: left ; min-height: 26px"><span class="col statcol"><em>HP</em><br>75</span> <span class="col statcol"><em>Atk</em><br>95</span> <span class="col statcol"><em>Def</em><br>87</span> <span class="col statcol"><em>SpA</em><br>170</span> <span class="col statcol"><em>SpD</em><br>110</span> <span class="col statcol"><em>Spe</em><br>103</span> </span></li><li style="clear: both"></li></ul></div><div class="spacer battle-history"><br></div><div class="battle-history">The opposing Magmortar used <strong>Lava Plume</strong>!<br></div><div class="battle-history"><small>(Thundurus lost 27% of its health!)</small><br></div><div class="spacer battle-history"><br></div><div class="battle-history">Thundurus fainted!<br></div><div class="spacer battle-history"><br></div><div class="battle-history">Go! Rapidash (<strong>Rapidash-Mega</strong>)!<br></div><div class="spacer battle-history"><br></div><h2 class="battle-history">Turn 23</h2><div class="spacer battle-history"><br></div><div class="battle-history">Rapidash used <strong>Swords Dance</strong>!<br></div><div class="battle-history"><small>Rapidash's Attack rose sharply!</small><br></div><div class="spacer battle-history"><br></div><div class="battle-history">The opposing Magmortar used <strong>Thunderbolt</strong>!<br></div><div class="battle-history"><small>It's super effective!</small><br></div><div class="battle-history"><small>(Rapidash lost 63% of its health!)</small><br></div><div class="spacer battle-history"><br></div><h2 class="battle-history">Turn 24</h2><div class="spacer battle-history"><br></div><div class="battle-history">Rapidash used <strong>High Horsepower</strong>!<br></div><div class="battle-history"><small>It's super effective!</small><br></div><div class="battle-history"><small>(The opposing Magmortar lost 93% of its health!)</small><br></div><div class="spacer battle-history"><br></div><div class="battle-history">The opposing Magmortar used <strong>Thunderbolt</strong>!<br></div><div class="battle-history"><small>It's super effective!</small><br></div><div class="battle-history"><small>(Rapidash lost 37% of its health!)</small><br></div><div class="spacer battle-history"><br></div><div class="battle-history">Rapidash fainted!<br></div><div class="spacer battle-history"><br></div><div class="battle-history">Go! <strong>Raikou</strong>!<br></div><div class="spacer battle-history"><br></div><h2 class="battle-history">Turn 25</h2><div class="spacer battle-history"><br></div><div class="battle-history">[Raikou's Pressure]<br><small>Raikou is exerting its pressure!</small><br></div><div class="spacer battle-history"><br></div><div class="battle-history">Spooky Fingaa withdrew Magmortar!<br></div><div class="battle-history">Spooky Fingaa sent out Weezing (<strong>Weezing-Galar</strong>)!<br></div><div class="spacer battle-history"><br></div><div class="battle-history">Raikou used <strong>Aura Sphere</strong>!<br></div><div class="battle-history"><small>It's not very effective...</small><br></div><div class="battle-history"><small>(The opposing Weezing lost 9% of its health!)</small><br></div><div class="spacer battle-history"><br></div><div class="battle-history"><small>The opposing Weezing restored a little HP using its Black Sludge!</small><br></div><div class="spacer battle-history"><br></div><h2 class="battle-history">Turn 26</h2><div class="spacer battle-history"><br></div><div class="battle-history">Raikou used <strong>Thunderbolt</strong>!<br></div><div class="battle-history"><small>(The opposing Weezing lost 49% of its health!)</small><br></div><div class="spacer battle-history"><br></div><div class="battle-history">The opposing Weezing fainted!<br></div><div class="spacer battle-history"><br></div><div class="battle-history">Spooky Fingaa sent out <strong>Snorlax</strong>!<br></div><div class="spacer battle-history"><br></div><h2 class="battle-history">Turn 27</h2><div class="spacer battle-history"><br></div><div class="battle-history">Raikou used <strong>Aura Sphere</strong>!<br></div><div class="battle-history"><small>It's super effective!</small><br></div><div class="battle-history"><small>(The opposing Snorlax lost 23% of its health!)</small><br></div><div class="spacer battle-history"><br></div><div class="battle-history">The opposing Snorlax used <strong>Body Slam</strong>!<br></div><div class="battle-history"><small>(Raikou lost 39% of its health!)</small><br></div><div class="spacer battle-history"><br></div><div class="battle-history"><small>The opposing Snorlax restored a little HP using its Leftovers!</small><br></div><div class="spacer battle-history"><br></div><h2 class="battle-history">Turn 28</h2><div class="spacer battle-history"><br></div><div class="battle-history">Raikou used <strong>Scald</strong>!<br></div><div class="battle-history"><small>(The opposing Snorlax lost 11% of its health!)</small><br></div><div class="spacer battle-history"><br></div><div class="battle-history">The opposing Snorlax used <strong>Rest</strong>!<br></div><div class="battle-history"><small>The opposing Snorlax slept and became healthy!</small><br></div><div class="spacer battle-history"><br></div><h2 class="battle-history">Turn 29</h2><div class="spacer battle-history"><br></div><div class="battle-history">Raikou used <strong>Aura Sphere</strong>!<br></div><div class="battle-history"><small>It's super effective!</small><br></div><div class="battle-history"><small>(The opposing Snorlax lost 21% of its health!)</small><br></div><div class="spacer battle-history"><br></div><div class="battle-history">The opposing Snorlax is fast asleep.<br></div><div class="spacer battle-history"><br></div><div class="battle-history"><small>The opposing Snorlax restored a little HP using its Leftovers!</small><br></div><div class="spacer battle-history"><br></div><h2 class="battle-history">Turn 30</h2><div class="spacer battle-history"><br></div><div class="battle-history">Raikou used <strong>Aura Sphere</strong>!<br></div><div class="battle-history"><small>It's super effective!</small><br></div><div class="battle-history"><small>A critical hit!</small><br></div><div class="battle-history"><small>(The opposing Snorlax lost 35% of its health!)</small><br></div><div class="spacer battle-history"><br></div><div class="battle-history">The opposing Snorlax is fast asleep.<br></div><div class="spacer battle-history"><br></div><div class="battle-history"><small>The opposing Snorlax restored a little HP using its Leftovers!</small><br></div><div class="spacer battle-history"><br></div><h2 class="battle-history">Turn 31</h2><div class="spacer battle-history"><br></div><div class="battle-history">Raikou used <strong>Aura Sphere</strong>!<br></div><div class="battle-history"><small>It's super effective!</small><br></div><div class="battle-history"><small>(The opposing Snorlax lost 23% of its health!)</small><br></div><div class="battle-history"><small>The opposing Snorlax woke up!</small><br></div><div class="spacer battle-history"><br></div><div class="battle-history">The opposing Snorlax used <strong>Body Slam</strong>!<br></div><div class="battle-history"><small>(Raikou lost 40% of its health!)</small><br></div><div class="spacer battle-history"><br></div><div class="battle-history"><small>The opposing Snorlax restored a little HP using its Leftovers!</small><br></div><div class="spacer battle-history"><br></div><h2 class="battle-history">Turn 32</h2><div class="spacer battle-history"><br></div><div class="battle-history">Raikou used <strong>Aura Sphere</strong>!<br></div><div class="battle-history"><small>It's super effective!</small><br></div><div class="battle-history"><small>(The opposing Snorlax lost 22% of its health!)</small><br></div><div class="spacer battle-history"><br></div><div class="battle-history">The opposing Snorlax used <strong>Rest</strong>!<br></div><div class="battle-history"><small>The opposing Snorlax slept and became healthy!</small><br></div><div class="spacer battle-history"><br></div><h2 class="battle-history">Turn 33</h2><div class="spacer battle-history"><br></div><div class="battle-history">Raikou, come back!<br></div><div class="battle-history">Go! <strong>Audino</strong>!<br></div><div class="spacer battle-history"><br></div><div class="battle-history">The opposing Snorlax is fast asleep.<br></div><div class="spacer battle-history"><br></div><h2 class="battle-history">Turn 34</h2><div class="spacer battle-history"><br></div><div class="battle-history">Audino used <strong>Wish</strong>!<br></div><div class="spacer battle-history"><br></div><div class="battle-history">The opposing Snorlax is fast asleep.<br></div><div class="spacer battle-history"><br></div><h2 class="battle-history">Turn 35</h2><div class="spacer battle-history"><br></div><div class="battle-history">Audino, come back!<br></div><div class="battle-history">Go! <strong>Raikou</strong>!<br></div><div class="battle-history">[Raikou's Pressure]<br><small>Raikou is exerting its pressure!</small><br></div><div class="battle-history"><small>The opposing Snorlax woke up!</small><br></div><div class="spacer battle-history"><br></div><div class="battle-history">The opposing Snorlax used <strong>Curse</strong>!<br></div><div class="battle-history"><small>The opposing Snorlax's Speed fell!</small><br></div><div class="battle-history"><small>The opposing Snorlax's Attack rose!</small><br></div><div class="battle-history"><small>The opposing Snorlax's Defense rose!</small><br></div><div class="spacer battle-history"><br></div><div class="battle-history"><small>Audino's wish came true!</small><br></div><div class="spacer battle-history"><br></div><h2 class="battle-history">Turn 36</h2><div class="spacer battle-history"><br></div><div class="battle-history">Raikou used <strong>Scald</strong>!<br></div><div class="battle-history"><small>(The opposing Snorlax lost 11% of its health!)</small><br></div><div class="spacer battle-history"><br></div><div class="battle-history">The opposing Snorlax used <strong>Body Slam</strong>!<br></div><div class="battle-history"><small>(Raikou lost 62% of its health!)</small><br></div><div class="spacer battle-history"><br></div><div class="battle-history"><small>The opposing Snorlax restored a little HP using its Leftovers!</small><br></div><div class="spacer battle-history"><br></div><h2 class="battle-history">Turn 37</h2><div class="spacer battle-history"><br></div><div class="battle-history">Raikou used <strong>Aura Sphere</strong>!<br></div><div class="battle-history"><small>It's super effective!</small><br></div><div class="battle-history"><small>(The opposing Snorlax lost 25% of its health!)</small><br></div><div class="spacer battle-history"><br></div><div class="battle-history">The opposing Snorlax used <strong>Body Slam</strong>!<br></div><div class="battle-history"><small>(Raikou lost 23% of its health!)</small><br></div><div class="spacer battle-history"><br></div><div class="battle-history">Raikou fainted!<br></div><div class="spacer battle-history"><br></div><div class="battle-history"><small>The opposing Snorlax restored a little HP using its Leftovers!</small><br></div><div class="spacer battle-history"><br></div><div class="battle-history">Go! <strong>Audino</strong>!<br></div><div class="spacer battle-history"><br></div><h2 class="battle-history">Turn 38</h2><div class="spacer battle-history"><br></div><div class="battle-history"><small>JosJet forfeited.</small><br></div><div class="spacer battle-history"><br></div><div class="battle-history"><strong>Spooky Fingaa</strong> won the battle!<br></div><div class="chat chatmessage-spookyfingaa"><strong style="color:#6647e2"><small>☆</small><span class="username" data-name="Spooky Fingaa">Spooky Fingaa</span>:</strong> <em>gg</em></div><div class="chat chatmessage-josjet"><strong style="color:#41b2b6"><small>☆</small><span class="username" data-name="JosJet">JosJet</span>:</strong> <em>gg</em></div></div><div class="inner-preempt message-log"></div></div></div>
</div>
<script>
let daily = Math.floor(Date.now()/1000/60/60/24);document.write('<script src="https://dragonheaven.herokuapp.com/js/replay-embed.js?version'+daily+'"></'+'script>');
</script>
