<!DOCTYPE html>
<meta charset="utf-8" />
<!-- version 1 -->
<title>[Gen 8] Megas for All replay: exploziff vs. Hematemesis</title>
<style>
html,body {font-family:Verdana, sans-serif;font-size:10pt;margin:0;padding:0;}body{padding:12px 0;} .battle-log {font-family:Verdana, sans-serif;font-size:10pt;} .battle-log-inline {border:1px solid #AAAAAA;background:#EEF2F5;color:black;max-width:640px;margin:0 auto 80px;padding-bottom:5px;} .battle-log .inner {padding:4px 8px 0px 8px;} .battle-log .inner-preempt {padding:0 8px 4px 8px;} .battle-log .inner-after {margin-top:0.5em;} .battle-log h2 {margin:0.5em -8px;padding:4px 8px;border:1px solid #AAAAAA;background:#E0E7EA;border-left:0;border-right:0;font-family:Verdana, sans-serif;font-size:13pt;} .battle-log .chat {vertical-align:middle;padding:3px 0 3px 0;font-size:8pt;} .battle-log .chat strong {color:#40576A;} .battle-log .chat em {padding:1px 4px 1px 3px;color:#000000;font-style:normal;} .chat.mine {background:rgba(0,0,0,0.05);margin-left:-8px;margin-right:-8px;padding-left:8px;padding-right:8px;} .spoiler {color:#BBBBBB;background:#BBBBBB;padding:0px 3px;} .spoiler:hover, .spoiler:active, .spoiler-shown {color:#000000;background:#E2E2E2;padding:0px 3px;} .spoiler a {color:#BBBBBB;} .spoiler:hover a, .spoiler:active a, .spoiler-shown a {color:#2288CC;} .chat code, .chat .spoiler:hover code, .chat .spoiler:active code, .chat .spoiler-shown code {border:1px solid #C0C0C0;background:#EEEEEE;color:black;padding:0 2px;} .chat .spoiler code {border:1px solid #CCCCCC;background:#CCCCCC;color:#CCCCCC;} .battle-log .rated {padding:3px 4px;} .battle-log .rated strong {color:white;background:#89A;padding:1px 4px;border-radius:4px;} .spacer {margin-top:0.5em;} .message-announce {background:#6688AA;color:white;padding:1px 4px 2px;} .message-announce a, .broadcast-green a, .broadcast-blue a, .broadcast-red a {color:#DDEEFF;} .broadcast-green {background-color:#559955;color:white;padding:2px 4px;} .broadcast-blue {background-color:#6688AA;color:white;padding:2px 4px;} .infobox {border:1px solid #6688AA;padding:2px 4px;} .infobox-limited {max-height:200px;overflow:auto;overflow-x:hidden;} .broadcast-red {background-color:#AA5544;color:white;padding:2px 4px;} .message-learn-canlearn {font-weight:bold;color:#228822;text-decoration:underline;} .message-learn-cannotlearn {font-weight:bold;color:#CC2222;text-decoration:underline;} .message-effect-weak {font-weight:bold;color:#CC2222;} .message-effect-resist {font-weight:bold;color:#6688AA;} .message-effect-immune {font-weight:bold;color:#666666;} .message-learn-list {margin-top:0;margin-bottom:0;} .message-throttle-notice, .message-error {color:#992222;} .message-overflow, .chat small.message-overflow {font-size:0pt;} .message-overflow::before {font-size:9pt;content:'...';} .subtle {color:#3A4A66;}
</style>
<div class="wrapper replay-wrapper" style="max-width:1180px;margin:0 auto">
<input type="hidden" name="replayid" value="dragonheaven-gen8megasforall-332" />
<div class="battle"></div><div class="battle-log"></div><div class="replay-controls"></div><div class="replay-controls-2"></div>
<h1 style="font-weight:normal;text-align:center"><strong>[Gen 8] Megas for All</strong><br /><a href="http://pokemonshowdown.com/users/exploziff" class="subtle" target="_blank">exploziff</a> vs. <a href="http://pokemonshowdown.com/users/hematemesis" class="subtle" target="_blank">Hematemesis</a></h1>
<script type="text/plain" class="battle-log-data">|j|☆exploziff
|j|☆Hematemesis
|t:|1630791012
|player|p1|exploziff|170|
|player|p2|Hematemesis|wallace|
|teamsize|p1|6
|teamsize|p2|6
|gametype|singles
|gen|8
|tier|[Gen 8] Megas for All
|clearpoke
|poke|p1|Bouffalant, M|
|poke|p1|Tangela, M|
|poke|p1|Bronzong|
|poke|p1|Florges, F|
|poke|p1|Throh, M|
|poke|p1|Entei|
|poke|p2|Mantine, F|
|poke|p2|Toxtricity-Low-Key, F|
|poke|p2|Tangrowth, F|
|poke|p2|Garchomp, F|
|poke|p2|Dusclops, F|
|poke|p2|Exploud, M|
|rule|HP Percentage Mod: HP is shown in percentages
|rule|Endless Battle Clause: Forcing endless battles is banned
|rule|OHKO Clause: OHKO moves are banned
|rule|Evasion Moves Clause: Evasion moves are banned
|rule|Species Clause: Limit one of each Pokémon
|rule|Dynamax Clause: You cannot dynamax
|rule|Sleep Clause Mod: Limit one foe put to sleep
|rule|Freeze Clause Mod: Limit one foe frozen
|raw|<img src="https:\/\/www.smogon.com\/forums\/attachments\/banner_2-png.302358\/" height="65" width="381">
|-message|Welcome to Megas for All!
|-message|This is a National Dex-based format where we aim to give a new Mega Evolution to every Pokémon.
|-message|Just like any official format, you can still only Mega Evolve one Pokémon per team!
|-message|You can find our thread and metagame resources here:
|-message|https:\/\/www.smogon.com\/forums\/threads\/3671140\/
|teampreview
|c|☆Hematemesis|GL mate!
|inactive|Battle timer is ON: inactive players will automatically lose when time's up. (requested by Hematemesis)
|c|☆exploziff|hf
|
|t:|1630791089
|start
|switch|p1a: Entei|Entei|100\/100
|switch|p2a: Painwheel|Tangrowth, F|100\/100
|-ability|p1a: Entei|Pressure
|turn|1
|j|+inkbug1

|inactive|Hematemesis has 270 seconds left.
|
|t:|1630791134
|move|p1a: Entei|Substitute|p1a: Entei
|-start|p1a: Entei|Substitute
|-damage|p1a: Entei|76\/100
|move|p2a: Painwheel|Knock Off|p1a: Entei
|-activate|p1a: Entei|move: Substitute|[damage]
|
|upkeep
|turn|2
|
|t:|1630791139
|switch|p2a: Squigly|Mantine, F|100\/100
|move|p1a: Entei|Toxic|p2a: Squigly
|-status|p2a: Squigly|tox
|
|-damage|p2a: Squigly|94\/100 tox|[from] psn
|upkeep
|turn|3
|
|t:|1630791147
|move|p1a: Entei|Protect|p1a: Entei
|-singleturn|p1a: Entei|Protect
|move|p2a: Squigly|Scald|p1a: Entei
|-activate|p1a: Entei|move: Protect
|
|-damage|p2a: Squigly|82\/100 tox|[from] psn
|upkeep
|turn|4
|
|t:|1630791152
|move|p1a: Entei|Sacred Fire|p2a: Squigly
|-resisted|p2a: Squigly
|-damage|p2a: Squigly|64\/100 tox
|move|p2a: Squigly|Scald|p1a: Entei
|-supereffective|p1a: Entei
|-end|p1a: Entei|Substitute
|
|-damage|p2a: Squigly|45\/100 tox|[from] psn
|upkeep
|turn|5
|
|t:|1630791161
|move|p1a: Entei|Substitute|p1a: Entei
|-start|p1a: Entei|Substitute
|-damage|p1a: Entei|51\/100
|move|p2a: Squigly|Roost|p2a: Squigly
|-heal|p2a: Squigly|95\/100 tox
|-singleturn|p2a: Squigly|move: Roost
|
|-damage|p2a: Squigly|71\/100 tox|[from] psn
|upkeep
|turn|6
|
|t:|1630791165
|switch|p2a: Peacock|Toxtricity-Low-Key, F|100\/100
|move|p1a: Entei|Protect||[still]
|-fail|p1a: Entei
|
|upkeep
|turn|7
|
|t:|1630791176
|detailschange|p2a: Peacock|Toxtricity-Low-Key-Mega, F
|-mega|p2a: Peacock|Toxtricity|Toxtricitite
|-status|p1a: Entei|psn|[from] ability: Acid Rock|[of] p2a: Peacock
|-hint|Poison inflicted through Acid Rock is only half as damaging as normal poison.
|-start|p2a: Peacock|typechange|Electric\/Poison|[silent]
|raw|<ul class="utilichart"><li class="result"><span class="col pokemonnamecol" style="white-space: nowrap">Toxtricity-Low-Key-Mega<\/span> <span class="col typecol"><img src="https:\/\/play.pokemonshowdown.com\/sprites\/types\/Electric.png" alt="Electric" height="14" width="32"><img src="https:\/\/play.pokemonshowdown.com\/sprites\/types\/Poison.png" alt="Poison" height="14" width="32"><\/span> <span style="float: left ; min-height: 26px"><span class="col abilitycol">Acid Rock<\/span><span class="col abilitycol"><\/span><\/span><span style="float: left ; min-height: 26px"><span class="col statcol"><em>HP<\/em><br>75<\/span> <span class="col statcol"><em>Atk<\/em><br>98<\/span> <span class="col statcol"><em>Def<\/em><br>100<\/span> <span class="col statcol"><em>SpA<\/em><br>114<\/span> <span class="col statcol"><em>SpD<\/em><br>140<\/span> <span class="col statcol"><em>Spe<\/em><br>75<\/span> <\/span><\/li><li style="clear: both"><\/li><\/ul>
|move|p1a: Entei|Sacred Fire|p2a: Peacock
|-damage|p2a: Peacock|55\/100
|move|p2a: Peacock|Volt Switch|p1a: Entei
|-end|p1a: Entei|Substitute
|
|t:|1630791180
|switch|p2a: Filia|Garchomp, F|100\/100|[from]move: Volt Switch
|
|-damage|p1a: Entei|44\/100 psn|[from] psn
|upkeep
|turn|8
|c|☆exploziff|ho taht posion throug sub
|c|☆exploziff|didn't know
|
|t:|1630791200
|move|p2a: Filia|Scale Shot|p1a: Entei
|-damage|p1a: Entei|33\/100 psn
|-damage|p1a: Entei|22\/100 psn
|-damage|p1a: Entei|10\/100 psn
|-hitcount|p1a: Entei|3
|-unboost|p2a: Filia|def|1
|-boost|p2a: Filia|spe|1
|move|p1a: Entei|Sacred Fire|p2a: Filia
|-resisted|p2a: Filia
|-damage|p2a: Filia|61\/100
|-status|p2a: Filia|brn
|
|-damage|p2a: Filia|55\/100 brn|[from] brn
|-damage|p1a: Entei|4\/100 psn|[from] psn
|upkeep
|turn|9
|inactive|Hematemesis has 270 seconds left.
|
|t:|1630791233
|switch|p1a: Tangela|Tangela, M|100\/100
|move|p2a: Filia|Swords Dance|p2a: Filia
|-boost|p2a: Filia|atk|2
|
|-damage|p2a: Filia|49\/100 brn|[from] brn
|upkeep
|turn|10
|j| woopersons
|l| woopersons
|inactive|Hematemesis has 270 seconds left.
|j| woopersons
|c| woopersons|wait can i watch?
|c|☆exploziff|y
|c| woopersons|ok
|
|t:|1630791263
|-zpower|p2a: Filia
|move|p2a: Filia|Inferno Overdrive|p1a: Tangela|[zeffect]
|-supereffective|p1a: Tangela
|-damage|p1a: Tangela|0 fnt
|faint|p1a: Tangela
|
|-damage|p2a: Filia|43\/100 brn|[from] brn
|upkeep
|c|☆exploziff|damn
|
|t:|1630791281
|switch|p1a: Bronzong|Bronzong|100\/100
|turn|11
|j| Gekokeso
|
|t:|1630791283
|move|p2a: Filia|Fire Blast|p1a: Bronzong
|-supereffective|p1a: Bronzong
|-damage|p1a: Bronzong|56\/100
|-status|p1a: Bronzong|brn
|move|p1a: Bronzong|Hidden Power|p2a: Filia
|-supereffective|p2a: Filia
|-damage|p2a: Filia|0 fnt
|faint|p2a: Filia
|
|-damage|p1a: Bronzong|50\/100 brn|[from] brn
|upkeep
|c| Gekokeso|can i watch as well?
|j| Paul(Paulluxx)
|
|t:|1630791300
|switch|p2a: Painwheel|Tangrowth, F|100\/100
|turn|12
|c|☆exploziff|if one do why not teh other xà
|
|t:|1630791306
|move|p2a: Painwheel|Knock Off|p1a: Bronzong
|-supereffective|p1a: Bronzong
|-enditem|p1a: Bronzong|Colbur Berry|[eat]
|-enditem|p1a: Bronzong|Colbur Berry|[weaken]
|-damage|p1a: Bronzong|36\/100 brn
|move|p1a: Bronzong|Toxic|p2a: Painwheel
|-status|p2a: Painwheel|tox
|
|-damage|p2a: Painwheel|94\/100 tox|[from] psn
|-damage|p1a: Bronzong|30\/100 brn|[from] brn
|upkeep
|turn|13
|
|t:|1630791313
|move|p2a: Painwheel|Leech Seed|p1a: Bronzong
|-start|p1a: Bronzong|move: Leech Seed
|move|p1a: Bronzong|Stealth Rock|p2a: Painwheel
|-sidestart|p2: Hematemesis|move: Stealth Rock
|
|-damage|p1a: Bronzong|17\/100 brn|[from] Leech Seed|[of] p2a: Painwheel
|-heal|p2a: Painwheel|100\/100 tox|[silent]
|-damage|p2a: Painwheel|88\/100 tox|[from] psn
|-damage|p1a: Bronzong|11\/100 brn|[from] brn
|upkeep
|turn|14
|inactive|Hematemesis has 270 seconds left.
|
|t:|1630791338
|move|p2a: Painwheel|Knock Off|p1a: Bronzong
|-supereffective|p1a: Bronzong
|-damage|p1a: Bronzong|0 fnt
|faint|p1a: Bronzong
|
|-damage|p2a: Painwheel|70\/100 tox|[from] psn
|upkeep
|
|t:|1630791348
|switch|p1a: Entei|Entei|4\/100 psn
|-ability|p1a: Entei|Pressure
|turn|15
|
|t:|1630791353
|switch|p2a: Squigly|Mantine, F|71\/100 tox
|move|p1a: Entei|Sacred Fire|p2a: Squigly
|-resisted|p2a: Squigly
|-damage|p2a: Squigly|52\/100 tox
|
|-damage|p1a: Entei|0 fnt|[from] psn
|faint|p1a: Entei
|-damage|p2a: Squigly|46\/100 tox|[from] psn
|upkeep
|
|t:|1630791360
|switch|p1a: Bouffalant|Bouffalant, M|100\/100
|turn|16
|
|t:|1630791365
|switch|p2a: Fukua|Dusclops, F|100\/100
|-damage|p2a: Fukua|88\/100|[from] Stealth Rock
|-ability|p2a: Fukua|Pressure
|move|p1a: Bouffalant|Head Charge|p2a: Fukua
|-immune|p2a: Fukua
|
|upkeep
|turn|17
|
|t:|1630791370
|switch|p1a: Throh|Throh, M|100\/100
|move|p2a: Fukua|Will-O-Wisp|p1a: Throh
|-status|p1a: Throh|brn
|
|-damage|p1a: Throh|94\/100 brn|[from] brn
|upkeep
|turn|18
|
|t:|1630791384
|switch|p2a: Painwheel|Tangrowth, F|100\/100 tox
|-damage|p2a: Painwheel|88\/100 tox|[from] Stealth Rock
|move|p1a: Throh|Knock Off|p2a: Painwheel
|-damage|p2a: Painwheel|65\/100 tox
|-damage|p1a: Throh|78\/100 brn|[from] item: Rocky Helmet|[of] p2a: Painwheel
|-enditem|p2a: Painwheel|Rocky Helmet|[from] move: Knock Off|[of] p1a: Throh
|
|-heal|p1a: Throh|84\/100 brn|[from] item: Leftovers
|-damage|p1a: Throh|78\/100 brn|[from] brn
|-damage|p2a: Painwheel|58\/100 tox|[from] psn
|upkeep
|turn|19
|
|t:|1630791411
|move|p1a: Throh|Storm Throw|p2a: Painwheel
|-crit|p2a: Painwheel
|-damage|p2a: Painwheel|27\/100 tox
|move|p2a: Painwheel|Leech Seed|p1a: Throh
|-start|p1a: Throh|move: Leech Seed
|
|-heal|p1a: Throh|84\/100 brn|[from] item: Leftovers
|-damage|p1a: Throh|71\/100 brn|[from] Leech Seed|[of] p2a: Painwheel
|-heal|p2a: Painwheel|41\/100 tox|[silent]
|-damage|p1a: Throh|65\/100 brn|[from] brn
|-damage|p2a: Painwheel|28\/100 tox|[from] psn
|upkeep
|turn|20
|
|t:|1630791420
|switch|p2a: Fukua|Dusclops, F|88\/100
|-damage|p2a: Fukua|76\/100|[from] Stealth Rock
|-ability|p2a: Fukua|Pressure
|move|p1a: Throh|Knock Off|p2a: Fukua
|-supereffective|p2a: Fukua
|-damage|p2a: Fukua|16\/100
|-enditem|p2a: Fukua|Eviolite|[from] move: Knock Off|[of] p1a: Throh
|
|-heal|p1a: Throh|71\/100 brn|[from] item: Leftovers
|-damage|p1a: Throh|59\/100 brn|[from] Leech Seed|[of] p2a: Fukua
|-heal|p2a: Fukua|35\/100|[silent]
|-damage|p1a: Throh|53\/100 brn|[from] brn
|upkeep
|turn|21
|
|t:|1630791438
|switch|p2a: Peacock|Toxtricity-Low-Key-Mega, F|55\/100
|-damage|p2a: Peacock|43\/100|[from] Stealth Rock
|-start|p2a: Peacock|typechange|Electric\/Poison|[silent]
|move|p1a: Throh|Knock Off|p2a: Peacock
|-damage|p2a: Peacock|11\/100
|
|-heal|p1a: Throh|59\/100 brn|[from] item: Leftovers
|-damage|p1a: Throh|47\/100 brn|[from] Leech Seed|[of] p2a: Peacock
|-heal|p2a: Peacock|26\/100|[silent]
|-damage|p1a: Throh|41\/100 brn|[from] brn
|upkeep
|turn|22
|
|t:|1630791447
|switch|p1a: Florges|Florges, F|100\/100
|move|p2a: Peacock|Protect||[still]
|-fail|p2a: Peacock
|
|upkeep
|turn|23
|
|t:|1630791450
|move|p2a: Peacock|Slack Off|p2a: Peacock
|-heal|p2a: Peacock|76\/100
|move|p1a: Florges|Wish|p1a: Florges
|
|upkeep
|turn|24
|
|t:|1630791456
|switch|p1a: Throh|Throh, M|41\/100 brn
|move|p2a: Peacock|Sludge Wave|p1a: Throh
|-damage|p1a: Throh|11\/100 brn
|
|-heal|p1a: Throh|51\/100 brn|[from] move: Wish|[wisher] Florges
|-heal|p1a: Throh|57\/100 brn|[from] item: Leftovers
|-damage|p1a: Throh|51\/100 brn|[from] brn
|upkeep
|turn|25
|
|t:|1630791460
|move|p2a: Peacock|Sludge Wave|p1a: Throh
|-damage|p1a: Throh|21\/100 brn
|move|p1a: Throh|Earthquake|p2a: Peacock
|-supereffective|p2a: Peacock
|-damage|p2a: Peacock|0 fnt
|faint|p2a: Peacock
|
|-heal|p1a: Throh|27\/100 brn|[from] item: Leftovers
|-damage|p1a: Throh|21\/100 brn|[from] brn
|upkeep
|
|t:|1630791475
|switch|p2a: Painwheel|Tangrowth, F|62\/100 tox
|-damage|p2a: Painwheel|49\/100 tox|[from] Stealth Rock
|turn|26
|
|t:|1630791479
|switch|p1a: Florges|Florges, F|100\/100
|move|p2a: Painwheel|Sludge Bomb|p1a: Florges
|-supereffective|p1a: Florges
|-damage|p1a: Florges|77\/100
|
|-heal|p1a: Florges|83\/100|[from] item: Leftovers
|-damage|p2a: Painwheel|43\/100 tox|[from] psn
|upkeep
|turn|27
|
|t:|1630791489
|move|p1a: Florges|Moonblast|p2a: Painwheel
|-damage|p2a: Painwheel|0 fnt
|faint|p2a: Painwheel
|
|-heal|p1a: Florges|89\/100|[from] item: Leftovers
|upkeep
|inactive|Hematemesis has 270 seconds left.
|
|t:|1630791534
|switch|p2a: Fukua|Dusclops, F|35\/100
|-damage|p2a: Fukua|23\/100|[from] Stealth Rock
|-ability|p2a: Fukua|Pressure
|turn|28
|
|t:|1630791537
|move|p1a: Florges|Moonblast|p2a: Fukua
|-damage|p2a: Fukua|0 fnt
|faint|p2a: Fukua
|
|-heal|p1a: Florges|95\/100|[from] item: Leftovers
|upkeep
|
|t:|1630791541
|switch|p2a: Big Band|Exploud, M|100\/100
|-damage|p2a: Big Band|88\/100|[from] Stealth Rock
|turn|29
|
|t:|1630791544
|switch|p1a: Bouffalant|Bouffalant, M|100\/100
|move|p2a: Big Band|Boomburst|p1a: Bouffalant
|-immune|p1a: Bouffalant|[from] ability: Soundproof
|
|upkeep
|turn|30
|
|t:|1630791549
|move|p2a: Big Band|Boomburst|p1a: Bouffalant
|-immune|p1a: Bouffalant|[from] ability: Soundproof
|move|p1a: Bouffalant|Head Charge|p2a: Big Band
|-damage|p2a: Big Band|9\/100
|-damage|p1a: Bouffalant|80\/100|[from] Recoil
|
|upkeep
|turn|31
|c|☆Hematemesis|ggs
|
|t:|1630791555
|move|p2a: Big Band|Boomburst|p1a: Bouffalant
|-immune|p1a: Bouffalant|[from] ability: Soundproof
|move|p1a: Bouffalant|Head Charge|p2a: Big Band
|-damage|p2a: Big Band|0 fnt
|-damage|p1a: Bouffalant|78\/100|[from] Recoil
|faint|p2a: Big Band
|
|upkeep
|
|t:|1630791557
|switch|p2a: Squigly|Mantine, F|46\/100 tox
|turn|32
|c|☆exploziff|gg
|
|t:|1630791561
|move|p2a: Squigly|Scald|p1a: Bouffalant
|-damage|p1a: Bouffalant|63\/100
|move|p1a: Bouffalant|Head Charge|p2a: Squigly
|-damage|p2a: Squigly|0 fnt
|-damage|p1a: Bouffalant|52\/100|[from] Recoil
|faint|p2a: Squigly
|
|win|exploziff
|l| woopersons</script>
</div>
<div class="battle-log battle-log-inline"><div class="inner"><div class="battle-options"><div style="padding-top: 3px; padding-right: 3px; text-align: right"><button class="icon button" name="openBattleOptions" title="Options">Battle Options</button></div></div><div class="inner message-log"><div class="chat"><small>☆exploziff and ☆Hematemesis joined</small></div><div class=""><small>Format:</small> <br><strong>[Gen 8] Megas for All</strong></div><div class=""><small><em>HP Percentage Mod:</em> HP is shown in percentages</small></div><div class=""><small><em>Endless Battle Clause:</em> Forcing endless battles is banned</small></div><div class=""><small><em>OHKO Clause:</em> OHKO moves are banned</small></div><div class=""><small><em>Evasion Moves Clause:</em> Evasion moves are banned</small></div><div class=""><small><em>Species Clause:</em> Limit one of each Pokémon</small></div><div class=""><small><em>Dynamax Clause:</em> You cannot dynamax</small></div><div class=""><small><em>Sleep Clause Mod:</em> Limit one foe put to sleep</small></div><div class=""><small><em>Freeze Clause Mod:</em> Limit one foe frozen</small></div><div class="chat"><img src="https://www.smogon.com/forums/attachments/banner_2-png.302358/" height="65" width="381"></div><div class="spacer battle-history"><br></div><div class="battle-history"><small>Welcome to Megas for All!</small><br></div><div class="battle-history"><small>This is a National Dex-based format where we aim to give a new Mega Evolution to every Pokémon.</small><br></div><div class="battle-history"><small>Just like any official format, you can still only Mega Evolve one Pokémon per team!</small><br></div><div class="battle-history"><small>You can find our thread and metagame resources here:</small><br></div><div class="battle-history"><small>https://www.smogon.com/forums/threads/3671140/</small><br></div><div class="chat battle-history"><strong>exploziff's team:</strong> <em style="color:#445566;display:block;">Bouffalant / Tangela / Bronzong / Florges / Throh / Entei</em></div><div class="chat battle-history"><strong>Hematemesis's team:</strong> <em style="color:#445566;display:block;">Mantine / Toxtricity-Low-Key / Tangrowth / Garchomp / Dusclops / Exploud</em></div><div class="chat chatmessage-hematemesis"><strong style="color:#9412d5"><small>☆</small><span class="username" data-name="Hematemesis">Hematemesis</span>:</strong> <em>GL mate!</em></div><div class="chat message-error">Battle timer is ON: inactive players will automatically lose when time's up. (requested by Hematemesis)</div><div class="chat chatmessage-exploziff"><strong style="color:#70a52f"><small>☆</small><span class="username" data-name="exploziff">exploziff</span>:</strong> <em>hf</em></div><div class="spacer battle-history"><br></div><div class="battle-history">Battle started between exploziff and Hematemesis!<br></div><div class="spacer battle-history"><br></div><div class="battle-history">Go! <strong>Entei</strong>!<br></div><div class="spacer battle-history"><br></div><div class="battle-history">Hematemesis sent out Painwheel (<strong>Tangrowth</strong>)!<br></div><div class="battle-history">[Entei's Pressure]<br><small>Entei is exerting its pressure!</small><br></div><div class="spacer battle-history"><br></div><h2 class="battle-history">Turn 1</h2><div class="chat"><small>+inkbug1 joined</small></div><div class="chat message-error">Hematemesis has 270 seconds left.</div><div class="spacer battle-history"><br></div><div class="battle-history">Entei used <strong>Substitute</strong>!<br></div><div class="battle-history"><small>Entei put in a substitute!</small><br></div><div class="battle-history"><small>(Entei lost 24% of its health!)</small><br></div><div class="spacer battle-history"><br></div><div class="battle-history">The opposing Painwheel used <strong>Knock Off</strong>!<br></div><div class="battle-history"><small>The substitute took damage for Entei!</small><br></div><div class="spacer battle-history"><br></div><h2 class="battle-history">Turn 2</h2><div class="spacer battle-history"><br></div><div class="battle-history">Hematemesis withdrew Painwheel!<br></div><div class="battle-history">Hematemesis sent out Squigly (<strong>Mantine</strong>)!<br></div><div class="spacer battle-history"><br></div><div class="battle-history">Entei used <strong>Toxic</strong>!<br></div><div class="battle-history"><small>The opposing Squigly was badly poisoned!</small><br></div><div class="spacer battle-history"><br></div><div class="battle-history"><small>The opposing Squigly was hurt by poison!</small><br></div><div class="spacer battle-history"><br></div><h2 class="battle-history">Turn 3</h2><div class="spacer battle-history"><br></div><div class="battle-history">Entei used <strong>Protect</strong>!<br></div><div class="battle-history"><small>Entei protected itself!</small><br></div><div class="spacer battle-history"><br></div><div class="battle-history">The opposing Squigly used <strong>Scald</strong>!<br></div><div class="battle-history"><small>Entei protected itself!</small><br></div><div class="spacer battle-history"><br></div><div class="battle-history"><small>The opposing Squigly was hurt by poison!</small><br></div><div class="spacer battle-history"><br></div><h2 class="battle-history">Turn 4</h2><div class="spacer battle-history"><br></div><div class="battle-history">Entei used <strong>Sacred Fire</strong>!<br></div><div class="battle-history"><small>It's not very effective...</small><br></div><div class="battle-history"><small>(The opposing Squigly lost 18% of its health!)</small><br></div><div class="spacer battle-history"><br></div><div class="battle-history">The opposing Squigly used <strong>Scald</strong>!<br></div><div class="battle-history"><small>It's super effective!</small><br></div><div class="battle-history"><small>Entei's substitute faded!</small><br></div><div class="spacer battle-history"><br></div><div class="battle-history"><small>The opposing Squigly was hurt by poison!</small><br></div><div class="spacer battle-history"><br></div><h2 class="battle-history">Turn 5</h2><div class="spacer battle-history"><br></div><div class="battle-history">Entei used <strong>Substitute</strong>!<br></div><div class="battle-history"><small>Entei put in a substitute!</small><br></div><div class="battle-history"><small>(Entei lost 25% of its health!)</small><br></div><div class="spacer battle-history"><br></div><div class="battle-history">The opposing Squigly used <strong>Roost</strong>!<br></div><div class="battle-history"><small>The opposing Squigly had its HP restored.</small><br></div><div class="battle-history"><small>(The opposing Squigly loses Flying type this turn.)</small><br></div><div class="spacer battle-history"><br></div><div class="battle-history"><small>The opposing Squigly was hurt by poison!</small><br></div><div class="spacer battle-history"><br></div><h2 class="battle-history">Turn 6</h2><div class="spacer battle-history"><br></div><div class="battle-history">Hematemesis withdrew Squigly!<br></div><div class="battle-history">Hematemesis sent out Peacock (<strong>Toxtricity-Low-Key</strong>)!<br></div><div class="spacer battle-history"><br></div><div class="battle-history">Entei used <strong>Protect</strong>!<br></div><div class="battle-history"><small>But it failed!</small><br></div><div class="spacer battle-history"><br></div><h2 class="battle-history">Turn 7</h2><div class="spacer battle-history"><br></div><div class="battle-history"><small>The opposing Peacock's Toxtricitite is reacting to the Key Stone!</small><br>The opposing Peacock has Mega Evolved into Mega Toxtricity!<br></div><div class="battle-history">[The opposing Peacock's Acid Rock]<br><small>Entei was poisoned!</small><br></div><div class="battle-history"><small>(Poison inflicted through Acid Rock is only half as damaging as normal poison.)</small><br></div><div class="chat"><ul class="utilichart"><li class="result"><span class="col pokemonnamecol" style="white-space: nowrap">Toxtricity-Low-Key-Mega</span> <span class="col typecol"><img src="https://play.pokemonshowdown.com/sprites/types/Electric.png" alt="Electric" height="14" width="32"><img src="https://play.pokemonshowdown.com/sprites/types/Poison.png" alt="Poison" height="14" width="32"></span> <span style="float: left ; min-height: 26px"><span class="col abilitycol">Acid Rock</span><span class="col abilitycol"></span></span><span style="float: left ; min-height: 26px"><span class="col statcol"><em>HP</em><br>75</span> <span class="col statcol"><em>Atk</em><br>98</span> <span class="col statcol"><em>Def</em><br>100</span> <span class="col statcol"><em>SpA</em><br>114</span> <span class="col statcol"><em>SpD</em><br>140</span> <span class="col statcol"><em>Spe</em><br>75</span> </span></li><li style="clear: both"></li></ul></div><div class="spacer battle-history"><br></div><div class="battle-history">Entei used <strong>Sacred Fire</strong>!<br></div><div class="battle-history"><small>(The opposing Peacock lost 45% of its health!)</small><br></div><div class="spacer battle-history"><br></div><div class="battle-history">The opposing Peacock used <strong>Volt Switch</strong>!<br></div><div class="battle-history"><small>Entei's substitute faded!</small><br></div><div class="spacer battle-history"><br></div><div class="battle-history">The opposing Peacock went back to Hematemesis!<br></div><div class="battle-history">Hematemesis sent out Filia (<strong>Garchomp</strong>)!<br></div><div class="spacer battle-history"><br></div><div class="battle-history"><small>Entei was hurt by poison!</small><br></div><div class="spacer battle-history"><br></div><h2 class="battle-history">Turn 8</h2><div class="chat chatmessage-exploziff"><strong style="color:#70a52f"><small>☆</small><span class="username" data-name="exploziff">exploziff</span>:</strong> <em>ho taht posion throug sub</em></div><div class="chat chatmessage-exploziff"><strong style="color:#70a52f"><small>☆</small><span class="username" data-name="exploziff">exploziff</span>:</strong> <em>didn't know</em></div><div class="spacer battle-history"><br></div><div class="battle-history">The opposing Filia used <strong>Scale Shot</strong>!<br></div><div class="battle-history"><small>(Entei lost 11% of its health!)</small><br></div><div class="battle-history"><small>(Entei lost 11% of its health!)</small><br></div><div class="battle-history"><small>(Entei lost 12% of its health!)</small><br></div><div class="battle-history"><small>The Pokémon was hit 3 times!</small><br></div><div class="battle-history"><small>The opposing Filia's Defense fell!</small><br></div><div class="battle-history"><small>The opposing Filia's Speed rose!</small><br></div><div class="spacer battle-history"><br></div><div class="battle-history">Entei used <strong>Sacred Fire</strong>!<br></div><div class="battle-history"><small>It's not very effective...</small><br></div><div class="battle-history"><small>(The opposing Filia lost 39% of its health!)</small><br></div><div class="battle-history"><small>The opposing Filia was burned!</small><br></div><div class="spacer battle-history"><br></div><div class="battle-history"><small>The opposing Filia was hurt by its burn!</small><br></div><div class="battle-history"><small>Entei was hurt by poison!</small><br></div><div class="spacer battle-history"><br></div><h2 class="battle-history">Turn 9</h2><div class="chat message-error">Hematemesis has 270 seconds left.</div><div class="spacer battle-history"><br></div><div class="battle-history">Entei, come back!<br></div><div class="battle-history">Go! <strong>Tangela</strong>!<br></div><div class="spacer battle-history"><br></div><div class="battle-history">The opposing Filia used <strong>Swords Dance</strong>!<br></div><div class="battle-history"><small>The opposing Filia's Attack rose sharply!</small><br></div><div class="spacer battle-history"><br></div><div class="battle-history"><small>The opposing Filia was hurt by its burn!</small><br></div><div class="spacer battle-history"><br></div><h2 class="battle-history">Turn 10</h2><div class="chat message-error">Hematemesis has 270 seconds left.</div><div class="chat"><small> woopersons joined</small></div><div class="chat chatmessage-woopersons"><strong style="color:#578235"><small> </small><span class="username" data-name="woopersons">woopersons</span>:</strong> <em>wait can i watch?</em></div><div class="chat chatmessage-exploziff"><strong style="color:#70a52f"><small>☆</small><span class="username" data-name="exploziff">exploziff</span>:</strong> <em>y</em></div><div class="chat chatmessage-woopersons"><strong style="color:#578235"><small> </small><span class="username" data-name="woopersons">woopersons</span>:</strong> <em>ok</em></div><div class="spacer battle-history"><br></div><div class="battle-history"><small>The opposing Filia surrounded itself with its Z-Power!</small><br></div><div class="spacer battle-history"><br></div><div class="battle-history"><small>The opposing Filia unleashes its full-force Z-Move!</small><br>The opposing Filia used <strong>Inferno Overdrive</strong>!<br></div><div class="battle-history"><small>It's super effective!</small><br></div><div class="battle-history"><small>(Tangela lost 100% of its health!)</small><br></div><div class="spacer battle-history"><br></div><div class="battle-history">Tangela fainted!<br></div><div class="spacer battle-history"><br></div><div class="battle-history"><small>The opposing Filia was hurt by its burn!</small><br></div><div class="chat chatmessage-exploziff"><strong style="color:#70a52f"><small>☆</small><span class="username" data-name="exploziff">exploziff</span>:</strong> <em>damn</em></div><div class="spacer battle-history"><br></div><div class="battle-history">Go! <strong>Bronzong</strong>!<br></div><div class="spacer battle-history"><br></div><h2 class="battle-history">Turn 11</h2><div class="chat"><small> Gekokeso joined</small></div><div class="spacer battle-history"><br></div><div class="battle-history">The opposing Filia used <strong>Fire Blast</strong>!<br></div><div class="battle-history"><small>It's super effective!</small><br></div><div class="battle-history"><small>(Bronzong lost 44% of its health!)</small><br></div><div class="battle-history"><small>Bronzong was burned!</small><br></div><div class="spacer battle-history"><br></div><div class="battle-history">Bronzong used <strong>Hidden Power</strong>!<br></div><div class="battle-history"><small>It's super effective!</small><br></div><div class="battle-history"><small>(The opposing Filia lost 43% of its health!)</small><br></div><div class="spacer battle-history"><br></div><div class="battle-history">The opposing Filia fainted!<br></div><div class="spacer battle-history"><br></div><div class="battle-history"><small>Bronzong was hurt by its burn!</small><br></div><div class="chat chatmessage-gekokeso"><strong style="color:#9b940e"><small> </small><span class="username" data-name="Gekokeso">Gekokeso</span>:</strong> <em>can i watch as well?</em></div><div class="chat"><small> Paul(Paulluxx) joined</small></div><div class="spacer battle-history"><br></div><div class="battle-history">Hematemesis sent out Painwheel (<strong>Tangrowth</strong>)!<br></div><div class="spacer battle-history"><br></div><h2 class="battle-history">Turn 12</h2><div class="chat chatmessage-exploziff"><strong style="color:#70a52f"><small>☆</small><span class="username" data-name="exploziff">exploziff</span>:</strong> <em>if one do why not teh other xà</em></div><div class="spacer battle-history"><br></div><div class="battle-history">The opposing Painwheel used <strong>Knock Off</strong>!<br></div><div class="battle-history"><small>It's super effective!</small><br></div><div class="battle-history"><small>(Bronzong ate its Colbur Berry!)</small><br></div><div class="battle-history"><small>The Colbur Berry weakened the damage to Bronzong!</small><br></div><div class="battle-history"><small>(Bronzong lost 14% of its health!)</small><br></div><div class="spacer battle-history"><br></div><div class="battle-history">Bronzong used <strong>Toxic</strong>!<br></div><div class="battle-history"><small>The opposing Painwheel was badly poisoned!</small><br></div><div class="spacer battle-history"><br></div><div class="battle-history"><small>The opposing Painwheel was hurt by poison!</small><br></div><div class="battle-history"><small>Bronzong was hurt by its burn!</small><br></div><div class="spacer battle-history"><br></div><h2 class="battle-history">Turn 13</h2><div class="spacer battle-history"><br></div><div class="battle-history">The opposing Painwheel used <strong>Leech Seed</strong>!<br></div><div class="battle-history"><small>Bronzong was seeded!</small><br></div><div class="spacer battle-history"><br></div><div class="battle-history">Bronzong used <strong>Stealth Rock</strong>!<br></div><div class="battle-history"><small>Pointed stones float in the air around the opposing team!</small><br></div><div class="spacer battle-history"><br></div><div class="battle-history"><small>Bronzong's health is sapped by Leech Seed!</small><br></div><div class="battle-history"><small>The opposing Painwheel was hurt by poison!</small><br></div><div class="battle-history"><small>Bronzong was hurt by its burn!</small><br></div><div class="spacer battle-history"><br></div><h2 class="battle-history">Turn 14</h2><div class="chat message-error">Hematemesis has 270 seconds left.</div><div class="spacer battle-history"><br></div><div class="battle-history">The opposing Painwheel used <strong>Knock Off</strong>!<br></div><div class="battle-history"><small>It's super effective!</small><br></div><div class="battle-history"><small>(Bronzong lost 11% of its health!)</small><br></div><div class="spacer battle-history"><br></div><div class="battle-history">Bronzong fainted!<br></div><div class="spacer battle-history"><br></div><div class="battle-history"><small>The opposing Painwheel was hurt by poison!</small><br></div><div class="spacer battle-history"><br></div><div class="battle-history">Go! <strong>Entei</strong>!<br></div><div class="battle-history">[Entei's Pressure]<br><small>Entei is exerting its pressure!</small><br></div><div class="spacer battle-history"><br></div><h2 class="battle-history">Turn 15</h2><div class="spacer battle-history"><br></div><div class="battle-history">Hematemesis withdrew Painwheel!<br></div><div class="battle-history">Hematemesis sent out Squigly (<strong>Mantine</strong>)!<br></div><div class="spacer battle-history"><br></div><div class="battle-history">Entei used <strong>Sacred Fire</strong>!<br></div><div class="battle-history"><small>It's not very effective...</small><br></div><div class="battle-history"><small>(The opposing Squigly lost 19% of its health!)</small><br></div><div class="spacer battle-history"><br></div><div class="battle-history"><small>Entei was hurt by poison!</small><br></div><div class="spacer battle-history"><br></div><div class="battle-history">Entei fainted!<br></div><div class="battle-history"><small>The opposing Squigly was hurt by poison!</small><br></div><div class="spacer battle-history"><br></div><div class="battle-history">Go! <strong>Bouffalant</strong>!<br></div><div class="spacer battle-history"><br></div><h2 class="battle-history">Turn 16</h2><div class="spacer battle-history"><br></div><div class="battle-history">Hematemesis withdrew Squigly!<br></div><div class="battle-history">Hematemesis sent out Fukua (<strong>Dusclops</strong>)!<br></div><div class="battle-history"><small>Pointed stones dug into the opposing Fukua!</small><br></div><div class="battle-history">[The opposing Fukua's Pressure]<br><small>The opposing Fukua is exerting its pressure!</small><br></div><div class="spacer battle-history"><br></div><div class="battle-history">Bouffalant used <strong>Head Charge</strong>!<br></div><div class="battle-history"><small>It doesn't affect the opposing Fukua...</small><br></div><div class="spacer battle-history"><br></div><h2 class="battle-history">Turn 17</h2><div class="spacer battle-history"><br></div><div class="battle-history">Bouffalant, come back!<br></div><div class="battle-history">Go! <strong>Throh</strong>!<br></div><div class="spacer battle-history"><br></div><div class="battle-history">The opposing Fukua used <strong>Will-O-Wisp</strong>!<br></div><div class="battle-history"><small>Throh was burned!</small><br></div><div class="spacer battle-history"><br></div><div class="battle-history"><small>Throh was hurt by its burn!</small><br></div><div class="spacer battle-history"><br></div><h2 class="battle-history">Turn 18</h2><div class="spacer battle-history"><br></div><div class="battle-history">Hematemesis withdrew Fukua!<br></div><div class="battle-history">Hematemesis sent out Painwheel (<strong>Tangrowth</strong>)!<br></div><div class="battle-history"><small>Pointed stones dug into the opposing Painwheel!</small><br></div><div class="spacer battle-history"><br></div><div class="battle-history">Throh used <strong>Knock Off</strong>!<br></div><div class="battle-history"><small>(The opposing Painwheel lost 23% of its health!)</small><br></div><div class="battle-history"><small>Throh was hurt by the Rocky Helmet!</small><br></div><div class="battle-history"><small>Throh knocked off the opposing Painwheel's Rocky Helmet!</small><br></div><div class="spacer battle-history"><br></div><div class="battle-history"><small>Throh restored a little HP using its Leftovers!</small><br></div><div class="battle-history"><small>Throh was hurt by its burn!</small><br></div><div class="battle-history"><small>The opposing Painwheel was hurt by poison!</small><br></div><div class="spacer battle-history"><br></div><h2 class="battle-history">Turn 19</h2><div class="spacer battle-history"><br></div><div class="battle-history">Throh used <strong>Storm Throw</strong>!<br></div><div class="battle-history"><small>A critical hit!</small><br></div><div class="battle-history"><small>(The opposing Painwheel lost 31% of its health!)</small><br></div><div class="spacer battle-history"><br></div><div class="battle-history">The opposing Painwheel used <strong>Leech Seed</strong>!<br></div><div class="battle-history"><small>Throh was seeded!</small><br></div><div class="spacer battle-history"><br></div><div class="battle-history"><small>Throh restored a little HP using its Leftovers!</small><br></div><div class="battle-history"><small>Throh's health is sapped by Leech Seed!</small><br></div><div class="battle-history"><small>Throh was hurt by its burn!</small><br></div><div class="battle-history"><small>The opposing Painwheel was hurt by poison!</small><br></div><div class="spacer battle-history"><br></div><h2 class="battle-history">Turn 20</h2><div class="spacer battle-history"><br></div><div class="battle-history">Hematemesis withdrew Painwheel!<br></div><div class="battle-history">Hematemesis sent out Fukua (<strong>Dusclops</strong>)!<br></div><div class="battle-history"><small>Pointed stones dug into the opposing Fukua!</small><br></div><div class="battle-history">[The opposing Fukua's Pressure]<br><small>The opposing Fukua is exerting its pressure!</small><br></div><div class="spacer battle-history"><br></div><div class="battle-history">Throh used <strong>Knock Off</strong>!<br></div><div class="battle-history"><small>It's super effective!</small><br></div><div class="battle-history"><small>(The opposing Fukua lost 60% of its health!)</small><br></div><div class="battle-history"><small>Throh knocked off the opposing Fukua's Eviolite!</small><br></div><div class="spacer battle-history"><br></div><div class="battle-history"><small>Throh restored a little HP using its Leftovers!</small><br></div><div class="battle-history"><small>Throh's health is sapped by Leech Seed!</small><br></div><div class="battle-history"><small>Throh was hurt by its burn!</small><br></div><div class="spacer battle-history"><br></div><h2 class="battle-history">Turn 21</h2><div class="spacer battle-history"><br></div><div class="battle-history">Hematemesis withdrew Fukua!<br></div><div class="battle-history">Hematemesis sent out Peacock (<strong>Toxtricity-Low-Key-Mega</strong>)!<br></div><div class="battle-history"><small>Pointed stones dug into the opposing Peacock!</small><br></div><div class="spacer battle-history"><br></div><div class="battle-history">Throh used <strong>Knock Off</strong>!<br></div><div class="battle-history"><small>(The opposing Peacock lost 32% of its health!)</small><br></div><div class="spacer battle-history"><br></div><div class="battle-history"><small>Throh restored a little HP using its Leftovers!</small><br></div><div class="battle-history"><small>Throh's health is sapped by Leech Seed!</small><br></div><div class="battle-history"><small>Throh was hurt by its burn!</small><br></div><div class="spacer battle-history"><br></div><h2 class="battle-history">Turn 22</h2><div class="spacer battle-history"><br></div><div class="battle-history">Throh, come back!<br></div><div class="battle-history">Go! <strong>Florges</strong>!<br></div><div class="spacer battle-history"><br></div><div class="battle-history">The opposing Peacock used <strong>Protect</strong>!<br></div><div class="battle-history"><small>But it failed!</small><br></div><div class="spacer battle-history"><br></div><h2 class="battle-history">Turn 23</h2><div class="spacer battle-history"><br></div><div class="battle-history">The opposing Peacock used <strong>Slack Off</strong>!<br></div><div class="battle-history"><small>The opposing Peacock had its HP restored.</small><br></div><div class="spacer battle-history"><br></div><div class="battle-history">Florges used <strong>Wish</strong>!<br></div><div class="spacer battle-history"><br></div><h2 class="battle-history">Turn 24</h2><div class="spacer battle-history"><br></div><div class="battle-history">Florges, come back!<br></div><div class="battle-history">Go! <strong>Throh</strong>!<br></div><div class="spacer battle-history"><br></div><div class="battle-history">The opposing Peacock used <strong>Sludge Wave</strong>!<br></div><div class="battle-history"><small>(Throh lost 30% of its health!)</small><br></div><div class="spacer battle-history"><br></div><div class="battle-history"><small>Florges's wish came true!</small><br></div><div class="battle-history"><small>Throh restored a little HP using its Leftovers!</small><br></div><div class="battle-history"><small>Throh was hurt by its burn!</small><br></div><div class="spacer battle-history"><br></div><h2 class="battle-history">Turn 25</h2><div class="spacer battle-history"><br></div><div class="battle-history">The opposing Peacock used <strong>Sludge Wave</strong>!<br></div><div class="battle-history"><small>(Throh lost 30% of its health!)</small><br></div><div class="spacer battle-history"><br></div><div class="battle-history">Throh used <strong>Earthquake</strong>!<br></div><div class="battle-history"><small>It's super effective!</small><br></div><div class="battle-history"><small>(The opposing Peacock lost 76% of its health!)</small><br></div><div class="spacer battle-history"><br></div><div class="battle-history">The opposing Peacock fainted!<br></div><div class="spacer battle-history"><br></div><div class="battle-history"><small>Throh restored a little HP using its Leftovers!</small><br></div><div class="battle-history"><small>Throh was hurt by its burn!</small><br></div><div class="spacer battle-history"><br></div><div class="battle-history">Hematemesis sent out Painwheel (<strong>Tangrowth</strong>)!<br></div><div class="battle-history"><small>Pointed stones dug into the opposing Painwheel!</small><br></div><div class="spacer battle-history"><br></div><h2 class="battle-history">Turn 26</h2><div class="spacer battle-history"><br></div><div class="battle-history">Throh, come back!<br></div><div class="battle-history">Go! <strong>Florges</strong>!<br></div><div class="spacer battle-history"><br></div><div class="battle-history">The opposing Painwheel used <strong>Sludge Bomb</strong>!<br></div><div class="battle-history"><small>It's super effective!</small><br></div><div class="battle-history"><small>(Florges lost 23% of its health!)</small><br></div><div class="spacer battle-history"><br></div><div class="battle-history"><small>Florges restored a little HP using its Leftovers!</small><br></div><div class="battle-history"><small>The opposing Painwheel was hurt by poison!</small><br></div><div class="spacer battle-history"><br></div><h2 class="battle-history">Turn 27</h2><div class="spacer battle-history"><br></div><div class="battle-history">Florges used <strong>Moonblast</strong>!<br></div><div class="battle-history"><small>(The opposing Painwheel lost 43% of its health!)</small><br></div><div class="spacer battle-history"><br></div><div class="battle-history">The opposing Painwheel fainted!<br></div><div class="spacer battle-history"><br></div><div class="battle-history"><small>Florges restored a little HP using its Leftovers!</small><br></div><div class="chat message-error">Hematemesis has 270 seconds left.</div><div class="spacer battle-history"><br></div><div class="battle-history">Hematemesis sent out Fukua (<strong>Dusclops</strong>)!<br></div><div class="battle-history"><small>Pointed stones dug into the opposing Fukua!</small><br></div><div class="battle-history">[The opposing Fukua's Pressure]<br><small>The opposing Fukua is exerting its pressure!</small><br></div><div class="spacer battle-history"><br></div><h2 class="battle-history">Turn 28</h2><div class="spacer battle-history"><br></div><div class="battle-history">Florges used <strong>Moonblast</strong>!<br></div><div class="battle-history"><small>(The opposing Fukua lost 23% of its health!)</small><br></div><div class="spacer battle-history"><br></div><div class="battle-history">The opposing Fukua fainted!<br></div><div class="spacer battle-history"><br></div><div class="battle-history"><small>Florges restored a little HP using its Leftovers!</small><br></div><div class="spacer battle-history"><br></div><div class="battle-history">Hematemesis sent out Big Band (<strong>Exploud</strong>)!<br></div><div class="battle-history"><small>Pointed stones dug into the opposing Big Band!</small><br></div><div class="spacer battle-history"><br></div><h2 class="battle-history">Turn 29</h2><div class="spacer battle-history"><br></div><div class="battle-history">Florges, come back!<br></div><div class="battle-history">Go! <strong>Bouffalant</strong>!<br></div><div class="spacer battle-history"><br></div><div class="battle-history">The opposing Big Band used <strong>Boomburst</strong>!<br></div><div class="battle-history">[Bouffalant's Soundproof]<br><small>It doesn't affect Bouffalant...</small><br></div><div class="spacer battle-history"><br></div><h2 class="battle-history">Turn 30</h2><div class="spacer battle-history"><br></div><div class="battle-history">The opposing Big Band used <strong>Boomburst</strong>!<br></div><div class="battle-history">[Bouffalant's Soundproof]<br><small>It doesn't affect Bouffalant...</small><br></div><div class="spacer battle-history"><br></div><div class="battle-history">Bouffalant used <strong>Head Charge</strong>!<br></div><div class="battle-history"><small>(The opposing Big Band lost 79% of its health!)</small><br></div><div class="battle-history"><small>Bouffalant was damaged by the recoil!</small><br></div><div class="spacer battle-history"><br></div><h2 class="battle-history">Turn 31</h2><div class="chat chatmessage-hematemesis"><strong style="color:#9412d5"><small>☆</small><span class="username" data-name="Hematemesis">Hematemesis</span>:</strong> <em>ggs</em></div><div class="spacer battle-history"><br></div><div class="battle-history">The opposing Big Band used <strong>Boomburst</strong>!<br></div><div class="battle-history">[Bouffalant's Soundproof]<br><small>It doesn't affect Bouffalant...</small><br></div><div class="spacer battle-history"><br></div><div class="battle-history">Bouffalant used <strong>Head Charge</strong>!<br></div><div class="battle-history"><small>(The opposing Big Band lost 9% of its health!)</small><br></div><div class="battle-history"><small>Bouffalant was damaged by the recoil!</small><br></div><div class="spacer battle-history"><br></div><div class="battle-history">The opposing Big Band fainted!<br></div><div class="spacer battle-history"><br></div><div class="battle-history">Hematemesis sent out Squigly (<strong>Mantine</strong>)!<br></div><div class="spacer battle-history"><br></div><h2 class="battle-history">Turn 32</h2><div class="chat chatmessage-exploziff"><strong style="color:#70a52f"><small>☆</small><span class="username" data-name="exploziff">exploziff</span>:</strong> <em>gg</em></div><div class="spacer battle-history"><br></div><div class="battle-history">The opposing Squigly used <strong>Scald</strong>!<br></div><div class="battle-history"><small>(Bouffalant lost 15% of its health!)</small><br></div><div class="spacer battle-history"><br></div><div class="battle-history">Bouffalant used <strong>Head Charge</strong>!<br></div><div class="battle-history"><small>(The opposing Squigly lost 46% of its health!)</small><br></div><div class="battle-history"><small>Bouffalant was damaged by the recoil!</small><br></div><div class="spacer battle-history"><br></div><div class="battle-history">The opposing Squigly fainted!<br></div><div class="spacer battle-history"><br></div><div class="battle-history"><strong>exploziff</strong> won the battle!<br></div><div class="chat"><small> woopersons left</small></div></div><div class="inner-preempt message-log"></div></div></div>
</div>
<script>
let daily = Math.floor(Date.now()/1000/60/60/24);document.write('<script src="https://dragonheaven.herokuapp.com/js/replay-embed.js?version'+daily+'"></'+'script>');
</script>
