<!DOCTYPE html>
<meta charset="utf-8" />
<!-- version 1 -->
<title>[Gen 8] M4A VGC replay: VGlaCeon vs. inkbug1</title>
<style>
html,body {font-family:Verdana, sans-serif;font-size:10pt;margin:0;padding:0;}body{padding:12px 0;} .battle-log {font-family:Verdana, sans-serif;font-size:10pt;} .battle-log-inline {border:1px solid #AAAAAA;background:#EEF2F5;color:black;max-width:640px;margin:0 auto 80px;padding-bottom:5px;} .battle-log .inner {padding:4px 8px 0px 8px;} .battle-log .inner-preempt {padding:0 8px 4px 8px;} .battle-log .inner-after {margin-top:0.5em;} .battle-log h2 {margin:0.5em -8px;padding:4px 8px;border:1px solid #AAAAAA;background:#E0E7EA;border-left:0;border-right:0;font-family:Verdana, sans-serif;font-size:13pt;} .battle-log .chat {vertical-align:middle;padding:3px 0 3px 0;font-size:8pt;} .battle-log .chat strong {color:#40576A;} .battle-log .chat em {padding:1px 4px 1px 3px;color:#000000;font-style:normal;} .chat.mine {background:rgba(0,0,0,0.05);margin-left:-8px;margin-right:-8px;padding-left:8px;padding-right:8px;} .spoiler {color:#BBBBBB;background:#BBBBBB;padding:0px 3px;} .spoiler:hover, .spoiler:active, .spoiler-shown {color:#000000;background:#E2E2E2;padding:0px 3px;} .spoiler a {color:#BBBBBB;} .spoiler:hover a, .spoiler:active a, .spoiler-shown a {color:#2288CC;} .chat code, .chat .spoiler:hover code, .chat .spoiler:active code, .chat .spoiler-shown code {border:1px solid #C0C0C0;background:#EEEEEE;color:black;padding:0 2px;} .chat .spoiler code {border:1px solid #CCCCCC;background:#CCCCCC;color:#CCCCCC;} .battle-log .rated {padding:3px 4px;} .battle-log .rated strong {color:white;background:#89A;padding:1px 4px;border-radius:4px;} .spacer {margin-top:0.5em;} .message-announce {background:#6688AA;color:white;padding:1px 4px 2px;} .message-announce a, .broadcast-green a, .broadcast-blue a, .broadcast-red a {color:#DDEEFF;} .broadcast-green {background-color:#559955;color:white;padding:2px 4px;} .broadcast-blue {background-color:#6688AA;color:white;padding:2px 4px;} .infobox {border:1px solid #6688AA;padding:2px 4px;} .infobox-limited {max-height:200px;overflow:auto;overflow-x:hidden;} .broadcast-red {background-color:#AA5544;color:white;padding:2px 4px;} .message-learn-canlearn {font-weight:bold;color:#228822;text-decoration:underline;} .message-learn-cannotlearn {font-weight:bold;color:#CC2222;text-decoration:underline;} .message-effect-weak {font-weight:bold;color:#CC2222;} .message-effect-resist {font-weight:bold;color:#6688AA;} .message-effect-immune {font-weight:bold;color:#666666;} .message-learn-list {margin-top:0;margin-bottom:0;} .message-throttle-notice, .message-error {color:#992222;} .message-overflow, .chat small.message-overflow {font-size:0pt;} .message-overflow::before {font-size:9pt;content:'...';} .subtle {color:#3A4A66;}
</style>
<div class="wrapper replay-wrapper" style="max-width:1180px;margin:0 auto">
<input type="hidden" name="replayid" value="dragonheaven-gen8m4avgc-354" />
<div class="battle"></div><div class="battle-log"></div><div class="replay-controls"></div><div class="replay-controls-2"></div>
<h1 style="font-weight:normal;text-align:center"><strong>[Gen 8] M4A VGC</strong><br /><a href="http://pokemonshowdown.com/users/vglaceon" class="subtle" target="_blank">VGlaCeon</a> vs. <a href="http://pokemonshowdown.com/users/inkbug1" class="subtle" target="_blank">inkbug1</a></h1>
<script type="text/plain" class="battle-log-data">|j|☆VGlaCeon
|j|☆inkbug1

|t:|1630175923
|player|p1|VGlaCeon|liza|
|player|p2|inkbug1|burgh|
|teamsize|p1|6
|teamsize|p2|6
|gametype|doubles
|gen|8
|tier|[Gen 8] M4A VGC
|clearpoke
|poke|p1|Torracat, L50, F|
|poke|p1|Luxray, L50, M|
|poke|p1|Dracovish, L50|
|poke|p1|Kartana, L50|
|poke|p1|Aegislash, L50, M|
|poke|p1|Tapu Lele, L50|
|poke|p2|Falinks, L50|
|poke|p2|Malamar, L50, F|
|poke|p2|Obstagoon, L50, F|
|poke|p2|Toxtricity, L50, M|
|poke|p2|Celesteela, L50|
|poke|p2|Marowak-Alola, L50, F|
|rule|Species Clause: Limit one of each Pokémon
|rule|Item Clause: Limit one of each item
|rule|Dynamax Clause: You cannot dynamax
|raw|<img src="https:\/\/www.smogon.com\/forums\/attachments\/banner_2-png.302358\/" height="65" width="381">
|-message|Welcome to Megas for All!
|-message|This is a National Dex-based format where we aim to give a new Mega Evolution to every Pokémon.
|-message|Just like any official format, you can still only Mega Evolve one Pokémon per team!
|-message|You can find our thread and metagame resources here:
|-message|https:\/\/www.smogon.com\/forums\/threads\/3671140\/
|teampreview|4
|inactive|Battle timer is ON: inactive players will automatically lose when time's up. (requested by VGlaCeon)
|inactive|Time left: 90 sec this turn | 420 sec total | 90 sec grace
|
|t:|1630175940
|start
|switch|p1a: Dialgasfttfpmd2|Torracat, L50, F|48\/48
|switch|p1b: Stickerstarfinalba|Kartana, L50|48\/48
|switch|p2a: Carbon|Obstagoon, L50, F|169\/169
|switch|p2b: Ampersand|Toxtricity, L50, M|182\/182
|-ability|p1a: Dialgasfttfpmd2|Intimidate|boost
|-unboost|p2a: Carbon|atk|1
|-unboost|p2b: Ampersand|atk|1
|turn|1
|inactive|Time left: 55 sec this turn | 420 sec total
|inactive|VGlaCeon has 30 seconds left.
|inactive|inkbug1 has 30 seconds left.
|inactive|inkbug1 has 20 seconds left.
|
|t:|1630175979
|move|p1a: Dialgasfttfpmd2|Fake Out|p2b: Ampersand
|-damage|p2b: Ampersand|161\/182
|move|p1b: Stickerstarfinalba|Tailwind|p1b: Stickerstarfinalba
|-sidestart|p1: VGlaCeon|move: Tailwind
|move|p2a: Carbon|Facade|p1a: Dialgasfttfpmd2
|-damage|p1a: Dialgasfttfpmd2|26\/48
|cant|p2b: Ampersand|flinch
|
|upkeep
|turn|2
|inactive|Time left: 55 sec this turn | 385 sec total
|c|☆inkbug1|i forgot to
|c|☆inkbug1|oops
|j| ASnomPlaysShowdown
|c| ASnomPlaysShowdown|gl hf
|c|☆VGlaCeon|Gljf
|c|☆VGlaCeon|Glhf
|inactive|VGlaCeon has 30 seconds left.
|inactive|inkbug1 has 30 seconds left.
|inactive|VGlaCeon has 20 seconds left.
|inactive|inkbug1 has 20 seconds left.
|inactive|VGlaCeon has 15 seconds left.
|inactive|VGlaCeon has 10 seconds left.
|inactive|VGlaCeon has 5 seconds left.
|
|t:|1630176034
|detailschange|p2b: Ampersand|Toxtricity-Mega, L50, M
|-mega|p2b: Ampersand|Toxtricity|Toxtricitite
|-status|p1a: Dialgasfttfpmd2|psn|[from] ability: Acid Rock|[of] p2b: Ampersand
|-hint|Poison inflicted through Acid Rock is only half as damaging as normal poison.
|-ability|p2b: Ampersand|Acid Rock
|-immune|p1b: Stickerstarfinalba
|-status|p2a: Carbon|psn|[from] ability: Acid Rock|[of] p2b: Ampersand
|-hint|Poison inflicted through Acid Rock is only half as damaging as normal poison.
|-start|p2b: Ampersand|typechange|Electric\/Poison|[silent]
|raw|<ul class="utilichart"><li class="result"><span class="col pokemonnamecol" style="white-space: nowrap">Toxtricity-Mega<\/span> <span class="col typecol"><img src="https:\/\/play.pokemonshowdown.com\/sprites\/types\/Electric.png" alt="Electric" height="14" width="32"><img src="https:\/\/play.pokemonshowdown.com\/sprites\/types\/Poison.png" alt="Poison" height="14" width="32"><\/span> <span style="float: left ; min-height: 26px"><span class="col abilitycol">Acid Rock<\/span><span class="col abilitycol"><\/span><\/span><span style="float: left ; min-height: 26px"><span class="col statcol"><em>HP<\/em><br>75<\/span> <span class="col statcol"><em>Atk<\/em><br>128<\/span> <span class="col statcol"><em>Def<\/em><br>80<\/span> <span class="col statcol"><em>SpA<\/em><br>144<\/span> <span class="col statcol"><em>SpD<\/em><br>80<\/span> <span class="col statcol"><em>Spe<\/em><br>95<\/span> <\/span><\/li><li style="clear: both"><\/li><\/ul>
|move|p1a: Dialgasfttfpmd2|Fake Out||[still]
|-fail|p1a: Dialgasfttfpmd2
|-hint|Fake Out only works on your first turn out.
|move|p1b: Stickerstarfinalba|Smart Strike|p2a: Carbon
|-damage|p2a: Carbon|82\/169 psn
|move|p2a: Carbon|Throat Chop|p1b: Stickerstarfinalba
|-damage|p1b: Stickerstarfinalba|30\/48
|-start|p1b: Stickerstarfinalba|Throat Chop|[silent]
|move|p2b: Ampersand|Hex|p1a: Dialgasfttfpmd2
|-damage|p1a: Dialgasfttfpmd2|0 fnt
|faint|p1a: Dialgasfttfpmd2
|
|-damage|p2a: Carbon|72\/169 psn|[from] psn
|upkeep
|inactive|Time left: 55 sec this turn | 350 sec total
|inactive|VGlaCeon has 30 seconds left.
|
|t:|1630176059
|switch|p1a: Darkmatterph2spmd|Luxray, L50, M|48\/48
|-ability|p1a: Darkmatterph2spmd|Intimidate|boost
|-unboost|p2a: Carbon|atk|1
|-unboost|p2b: Ampersand|atk|1
|turn|3
|inactive|Time left: 55 sec this turn | 350 sec total
|c|☆VGlaCeon|Sorry
|j| analysis geek
|c|☆VGlaCeon|I misclicked
|inactive|VGlaCeon has 30 seconds left.
|
|t:|1630176086
|detailschange|p1a: Darkmatterph2spmd|Luxray-Mega, L50, M
|-mega|p1a: Darkmatterph2spmd|Luxray|Luxrite
|-start|p1a: Darkmatterph2spmd|typechange|Electric|[silent]
|raw|<ul class="utilichart"><li class="result"><span class="col pokemonnamecol" style="white-space: nowrap">Luxray-Mega<\/span> <span class="col typecol"><img src="https:\/\/play.pokemonshowdown.com\/sprites\/types\/Electric.png" alt="Electric" height="14" width="32"><\/span> <span style="float: left ; min-height: 26px"><span class="col abilitycol">Ambush<\/span><span class="col abilitycol"><\/span><\/span><span style="float: left ; min-height: 26px"><span class="col statcol"><em>HP<\/em><br>80<\/span> <span class="col statcol"><em>Atk<\/em><br>160<\/span> <span class="col statcol"><em>Def<\/em><br>89<\/span> <span class="col statcol"><em>SpA<\/em><br>125<\/span> <span class="col statcol"><em>SpD<\/em><br>89<\/span> <span class="col statcol"><em>Spe<\/em><br>80<\/span> <\/span><\/li><li style="clear: both"><\/li><\/ul>
|move|p2a: Carbon|Obstruct|p2a: Carbon
|-singleturn|p2a: Carbon|Protect
|move|p1b: Stickerstarfinalba|Smart Strike|p2a: Carbon
|-activate|p2a: Carbon|move: Protect
|-unboost|p1b: Stickerstarfinalba|def|2
|move|p1a: Darkmatterph2spmd|Wild Charge|p2b: Ampersand
|-resisted|p2b: Ampersand
|-crit|p2b: Ampersand
|-damage|p2b: Ampersand|80\/182
|-damage|p1a: Darkmatterph2spmd|41\/48|[from] Recoil
|move|p2b: Ampersand|Overdrive|p1b: Stickerstarfinalba|[spread] p1a,p1b
|-resisted|p1a: Darkmatterph2spmd
|-resisted|p1b: Stickerstarfinalba
|-damage|p1a: Darkmatterph2spmd|29\/48
|-damage|p1b: Stickerstarfinalba|3\/48
|
|-damage|p2a: Carbon|62\/169 psn|[from] psn
|-end|p1b: Stickerstarfinalba|Throat Chop|[silent]
|upkeep
|turn|4
|inactive|Time left: 55 sec this turn | 345 sec total
|inactive|inkbug1 has 30 seconds left.
|
|t:|1630176118
|move|p2b: Ampersand|Protect|p2b: Ampersand
|-singleturn|p2b: Ampersand|Protect
|move|p1b: Stickerstarfinalba|Smart Strike|p2a: Carbon
|-damage|p2a: Carbon|0 fnt
|faint|p2a: Carbon
|-ability|p1b: Stickerstarfinalba|Beast Boost|boost
|-boost|p1b: Stickerstarfinalba|atk|1
|move|p1a: Darkmatterph2spmd|Wild Charge|p2b: Ampersand
|-activate|p2b: Ampersand|move: Protect
|
|-sideend|p1: VGlaCeon|move: Tailwind
|upkeep
|inactive|Time left: 55 sec this turn | 315 sec total
|
|t:|1630176136
|switch|p2a: Dragora|Malamar, L50, F|190\/190
|turn|5
|inactive|Time left: 55 sec this turn | 300 sec total
|
|t:|1630176165
|move|p1b: Stickerstarfinalba|Tailwind|p1b: Stickerstarfinalba
|-sidestart|p1: VGlaCeon|move: Tailwind
|move|p1a: Darkmatterph2spmd|Play Rough|p2a: Dragora
|-supereffective|p2a: Dragora
|-crit|p2a: Dragora
|-damage|p2a: Dragora|0 fnt
|faint|p2a: Dragora
|move|p2b: Ampersand|Hex|p1b: Stickerstarfinalba
|-damage|p1b: Stickerstarfinalba|0 fnt
|faint|p1b: Stickerstarfinalba
|
|upkeep
|inactive|Time left: 55 sec this turn | 280 sec total
|j| BlueRayVGC
|inactive|VGlaCeon has 30 seconds left.
|
|t:|1630176190
|switch|p1b: Neverletup(m&l:drt|Dracovish, L50|48\/48
|switch|p2a: Bespin|Celesteela, L50|204\/204
|turn|6
|inactive|Time left: 55 sec this turn | 275 sec total
|c| ASnomPlaysShowdown|also glace what are the nicks?
|c|☆VGlaCeon|Music
|
|t:|1630176205
|move|p2b: Ampersand|Protect|p2b: Ampersand
|-singleturn|p2b: Ampersand|Protect
|move|p1a: Darkmatterph2spmd|Wild Charge|p2a: Bespin
|-supereffective|p2a: Bespin
|-crit|p2a: Bespin
|-damage|p2a: Bespin|0 fnt
|-damage|p1a: Darkmatterph2spmd|13\/48|[from] Recoil
|faint|p2a: Bespin
|move|p1b: Neverletup(m&l:drt|Fishious Rend|p2b: Ampersand
|-activate|p2b: Ampersand|move: Protect
|
|upkeep
|turn|7
|inactive|Time left: 55 sec this turn | 265 sec total
|c|☆VGlaCeon|That i am kistening to rn
|c|☆VGlaCeon|Listening
|
|t:|1630176214
|move|p1a: Darkmatterph2spmd|Wild Charge|p2b: Ampersand
|-resisted|p2b: Ampersand
|-crit|p2b: Ampersand
|-damage|p2b: Ampersand|0 fnt
|-damage|p1a: Darkmatterph2spmd|7\/48|[from] Recoil
|faint|p2b: Ampersand
|
|win|VGlaCeon
|inactive|Time left: 55 sec this turn | 260 sec total
|l|☆VGlaCeon
|c|☆inkbug1|man i did not play that one well at all
|c|☆inkbug1|gg
|l| analysis geek
|c|☆inkbug1|oh bye
|c| ASnomPlaysShowdown|GG</script>
</div>
<div class="battle-log battle-log-inline"><div class="inner"><div class="battle-options"><div style="padding-top: 3px; padding-right: 3px; text-align: right"><button class="icon button" name="openBattleOptions" title="Options">Battle Options</button></div></div><div class="inner message-log"><div class="chat"><small>☆VGlaCeon and ☆inkbug1 joined</small></div><div class=""><small>Format:</small> <br><strong>[Gen 8] M4A VGC</strong></div><div class=""><small><em>Species Clause:</em> Limit one of each Pokémon</small></div><div class=""><small><em>Item Clause:</em> Limit one of each item</small></div><div class=""><small><em>Dynamax Clause:</em> You cannot dynamax</small></div><div class="chat"><img src="https://www.smogon.com/forums/attachments/banner_2-png.302358/" height="65" width="381"></div><div class="spacer battle-history"><br></div><div class="battle-history"><small>Welcome to Megas for All!</small><br></div><div class="battle-history"><small>This is a National Dex-based format where we aim to give a new Mega Evolution to every Pokémon.</small><br></div><div class="battle-history"><small>Just like any official format, you can still only Mega Evolve one Pokémon per team!</small><br></div><div class="battle-history"><small>You can find our thread and metagame resources here:</small><br></div><div class="battle-history"><small>https://www.smogon.com/forums/threads/3671140/</small><br></div><div class="chat battle-history"><strong>VGlaCeon's team:</strong> <em style="color:#445566;display:block;">Torracat / Luxray / Dracovish / Kartana / Aegislash / Tapu Lele</em></div><div class="chat battle-history"><strong>inkbug1's team:</strong> <em style="color:#445566;display:block;">Falinks / Malamar / Obstagoon / Toxtricity / Celesteela / Marowak-Alola</em></div><div class="chat message-error">Battle timer is ON: inactive players will automatically lose when time's up. (requested by VGlaCeon)</div><div class="spacer battle-history"><br></div><div class="battle-history">Battle started between VGlaCeon and inkbug1!<br></div><div class="spacer battle-history"><br></div><div class="battle-history">VGlaCeon sent out Dialgasfttfpmd2 (<strong>Torracat</strong>)!<br></div><div class="spacer battle-history"><br></div><div class="battle-history">VGlaCeon sent out Stickerstarfinalba (<strong>Kartana</strong>)!<br></div><div class="spacer battle-history"><br></div><div class="battle-history">Go! Carbon (<strong>Obstagoon</strong>)!<br></div><div class="spacer battle-history"><br></div><div class="battle-history">Go! Ampersand (<strong>Toxtricity</strong>)!<br></div><div class="battle-history">[The opposing Dialgasfttfpmd2's Intimidate]<br></div><div class="battle-history"><small>Carbon's Attack fell!</small><br></div><div class="battle-history"><small>Ampersand's Attack fell!</small><br></div><div class="spacer battle-history"><br></div><h2 class="battle-history">Turn 1</h2><div class="chat message-error">VGlaCeon has 30 seconds left.</div><div class="chat message-error">inkbug1 has 30 seconds left.</div><div class="chat message-error">inkbug1 has 20 seconds left.</div><div class="spacer battle-history"><br></div><div class="battle-history">The opposing Dialgasfttfpmd2 used <strong>Fake Out</strong>!<br></div><div class="battle-history"><small>(Ampersand lost <abbr title="−21/182">11.5%</abbr> of its health!)</small><br></div><div class="spacer battle-history"><br></div><div class="battle-history">The opposing Stickerstarfinalba used <strong>Tailwind</strong>!<br></div><div class="battle-history"><small>The Tailwind blew from behind the opposing team!</small><br></div><div class="spacer battle-history"><br></div><div class="battle-history">Carbon used <strong>Facade</strong>!<br></div><div class="battle-history"><small>(The opposing Dialgasfttfpmd2 lost <abbr title="−22/48 pixels">43.8–45.8%</abbr> of its health!)</small><br></div><div class="spacer battle-history"><br></div><div class="battle-history">Ampersand flinched and couldn't move!<br></div><div class="spacer battle-history"><br></div><h2 class="battle-history">Turn 2</h2><div class="chat chatmessage-inkbug1 mine"><strong style="color:#e46e0f"><small>☆</small><span class="username" data-name="inkbug1">inkbug1</span>:</strong> <em>i forgot to</em></div><div class="chat chatmessage-inkbug1 mine"><strong style="color:#e46e0f"><small>☆</small><span class="username" data-name="inkbug1">inkbug1</span>:</strong> <em>oops</em></div><div class="chat"><small> ASnomPlaysShowdown joined</small></div><div class="chat chatmessage-asnomplaysshowdown"><strong style="color:#1bb1b6"><small> </small><span class="username" data-name="ASnomPlaysShowdown">ASnomPlaysShowdown</span>:</strong> <em>gl hf</em></div><div class="chat chatmessage-vglaceon"><strong style="color:#1da737"><small>☆</small><span class="username" data-name="VGlaCeon">VGlaCeon</span>:</strong> <em>Gljf</em></div><div class="chat chatmessage-vglaceon"><strong style="color:#1da737"><small>☆</small><span class="username" data-name="VGlaCeon">VGlaCeon</span>:</strong> <em>Glhf</em></div><div class="chat message-error">VGlaCeon has 30 seconds left.</div><div class="chat message-error">inkbug1 has 30 seconds left.</div><div class="chat message-error">VGlaCeon has 20 seconds left.</div><div class="chat message-error">inkbug1 has 20 seconds left.</div><div class="chat message-error">VGlaCeon has 15 seconds left.</div><div class="chat message-error">VGlaCeon has 10 seconds left.</div><div class="chat message-error">VGlaCeon has 5 seconds left.</div><div class="spacer battle-history"><br></div><div class="battle-history"><small>Ampersand's Toxtricitite is reacting to the Key Stone!</small><br>Ampersand has Mega Evolved into Mega Toxtricity!<br></div><div class="battle-history">[Ampersand's Acid Rock]<br><small>The opposing Dialgasfttfpmd2 was poisoned!</small><br></div><div class="battle-history"><small>(Poison inflicted through Acid Rock is only half as damaging as normal poison.)</small><br></div><div class="battle-history">[Ampersand's Acid Rock]<br></div><div class="battle-history"><small>It doesn't affect the opposing Stickerstarfinalba...</small><br></div><div class="battle-history">[Ampersand's Acid Rock]<br><small>Carbon was poisoned!</small><br></div><div class="battle-history"><small>(Poison inflicted through Acid Rock is only half as damaging as normal poison.)</small><br></div><div class="chat"><ul class="utilichart"><li class="result"><span class="col pokemonnamecol" style="white-space: nowrap">Toxtricity-Mega</span> <span class="col typecol"><img src="https://play.pokemonshowdown.com/sprites/types/Electric.png" alt="Electric" height="14" width="32"><img src="https://play.pokemonshowdown.com/sprites/types/Poison.png" alt="Poison" height="14" width="32"></span> <span style="float: left ; min-height: 26px"><span class="col abilitycol">Acid Rock</span><span class="col abilitycol"></span></span><span style="float: left ; min-height: 26px"><span class="col statcol"><em>HP</em><br>75</span> <span class="col statcol"><em>Atk</em><br>128</span> <span class="col statcol"><em>Def</em><br>80</span> <span class="col statcol"><em>SpA</em><br>144</span> <span class="col statcol"><em>SpD</em><br>80</span> <span class="col statcol"><em>Spe</em><br>95</span> </span></li><li style="clear: both"></li></ul></div><div class="spacer battle-history"><br></div><div class="battle-history">The opposing Dialgasfttfpmd2 used <strong>Fake Out</strong>!<br></div><div class="battle-history"><small>But it failed!</small><br></div><div class="battle-history"><small>(Fake Out only works on your first turn out.)</small><br></div><div class="spacer battle-history"><br></div><div class="battle-history">The opposing Stickerstarfinalba used <strong>Smart Strike</strong>!<br></div><div class="battle-history"><small>(Carbon lost <abbr title="−87/169">51.5%</abbr> of its health!)</small><br></div><div class="spacer battle-history"><br></div><div class="battle-history">Carbon used <strong>Throat Chop</strong>!<br></div><div class="battle-history"><small>(The opposing Stickerstarfinalba lost <abbr title="−18/48 pixels">35.5–37.5%</abbr> of its health!)</small><br></div><div class="spacer battle-history"><br></div><div class="battle-history">Ampersand used <strong>Hex</strong>!<br></div><div class="battle-history"><small>(The opposing Dialgasfttfpmd2 lost <abbr title="−26/48 pixels">54.2–56.2%</abbr> of its health!)</small><br></div><div class="spacer battle-history"><br></div><div class="battle-history">The opposing Dialgasfttfpmd2 fainted!<br></div><div class="spacer battle-history"><br></div><div class="battle-history"><small>Carbon was hurt by poison!</small><br></div><div class="chat message-error">VGlaCeon has 30 seconds left.</div><div class="spacer battle-history"><br></div><div class="battle-history">VGlaCeon sent out Darkmatterph2spmd (<strong>Luxray</strong>)!<br></div><div class="battle-history">[The opposing Darkmatterph2spmd's Intimidate]<br></div><div class="battle-history"><small>Carbon's Attack fell!</small><br></div><div class="battle-history"><small>Ampersand's Attack fell!</small><br></div><div class="spacer battle-history"><br></div><h2 class="battle-history">Turn 3</h2><div class="chat chatmessage-vglaceon"><strong style="color:#1da737"><small>☆</small><span class="username" data-name="VGlaCeon">VGlaCeon</span>:</strong> <em>Sorry</em></div><div class="chat"><small> analysis geek joined</small></div><div class="chat chatmessage-vglaceon"><strong style="color:#1da737"><small>☆</small><span class="username" data-name="VGlaCeon">VGlaCeon</span>:</strong> <em>I misclicked</em></div><div class="chat message-error">VGlaCeon has 30 seconds left.</div><div class="spacer battle-history"><br></div><div class="battle-history"><small>The opposing Darkmatterph2spmd's Luxrite is reacting to the Key Stone!</small><br>The opposing Darkmatterph2spmd has Mega Evolved into Mega Luxray!<br></div><div class="chat"><ul class="utilichart"><li class="result"><span class="col pokemonnamecol" style="white-space: nowrap">Luxray-Mega</span> <span class="col typecol"><img src="https://play.pokemonshowdown.com/sprites/types/Electric.png" alt="Electric" height="14" width="32"></span> <span style="float: left ; min-height: 26px"><span class="col abilitycol">Ambush</span><span class="col abilitycol"></span></span><span style="float: left ; min-height: 26px"><span class="col statcol"><em>HP</em><br>80</span> <span class="col statcol"><em>Atk</em><br>160</span> <span class="col statcol"><em>Def</em><br>89</span> <span class="col statcol"><em>SpA</em><br>125</span> <span class="col statcol"><em>SpD</em><br>89</span> <span class="col statcol"><em>Spe</em><br>80</span> </span></li><li style="clear: both"></li></ul></div><div class="spacer battle-history"><br></div><div class="battle-history">Carbon used <strong>Obstruct</strong>!<br></div><div class="battle-history"><small>Carbon protected itself!</small><br></div><div class="spacer battle-history"><br></div><div class="battle-history">The opposing Stickerstarfinalba used <strong>Smart Strike</strong>!<br></div><div class="battle-history"><small>Carbon protected itself!</small><br></div><div class="battle-history"><small>The opposing Stickerstarfinalba's Defense fell harshly!</small><br></div><div class="spacer battle-history"><br></div><div class="battle-history">The opposing Darkmatterph2spmd used <strong>Wild Charge</strong>!<br></div><div class="battle-history"><small>It's not very effective...</small><br></div><div class="battle-history"><small>A critical hit!</small><br></div><div class="battle-history"><small>(Ampersand lost <abbr title="−81/182">44.5%</abbr> of its health!)</small><br></div><div class="battle-history"><small>The opposing Darkmatterph2spmd was damaged by the recoil!</small><br></div><div class="spacer battle-history"><br></div><div class="battle-history">Ampersand used <strong>Overdrive</strong>!<br></div><div class="battle-history"><small>It's not very effective on the opposing Darkmatterph2spmd.</small><br></div><div class="battle-history"><small>It's not very effective on the opposing Stickerstarfinalba.</small><br></div><div class="battle-history"><small>(The opposing Darkmatterph2spmd lost <abbr title="−12/48 pixels">23.0–27.0%</abbr> of its health!)</small><br></div><div class="battle-history"><small>(The opposing Stickerstarfinalba lost <abbr title="−27/48 pixels">54.2–58.3%</abbr> of its health!)</small><br></div><div class="spacer battle-history"><br></div><div class="battle-history"><small>Carbon was hurt by poison!</small><br></div><div class="spacer battle-history"><br></div><h2 class="battle-history">Turn 4</h2><div class="chat message-error">inkbug1 has 30 seconds left.</div><div class="spacer battle-history"><br></div><div class="battle-history">Ampersand used <strong>Protect</strong>!<br></div><div class="battle-history"><small>Ampersand protected itself!</small><br></div><div class="spacer battle-history"><br></div><div class="battle-history">The opposing Stickerstarfinalba used <strong>Smart Strike</strong>!<br></div><div class="battle-history"><small>(Carbon lost <abbr title="−62/169">36.7%</abbr> of its health!)</small><br></div><div class="spacer battle-history"><br></div><div class="battle-history">Carbon fainted!<br></div><div class="battle-history">[The opposing Stickerstarfinalba's Beast Boost]<br></div><div class="battle-history"><small>The opposing Stickerstarfinalba's Attack rose!</small><br></div><div class="spacer battle-history"><br></div><div class="battle-history">The opposing Darkmatterph2spmd used <strong>Wild Charge</strong>!<br></div><div class="battle-history"><small>Ampersand protected itself!</small><br></div><div class="spacer battle-history"><br></div><div class="battle-history"><small>The opposing team's Tailwind petered out!</small><br></div><div class="spacer battle-history"><br></div><div class="battle-history">Go! Dragora (<strong>Malamar</strong>)!<br></div><div class="spacer battle-history"><br></div><h2 class="battle-history">Turn 5</h2><div class="spacer battle-history"><br></div><div class="battle-history">The opposing Stickerstarfinalba used <strong>Tailwind</strong>!<br></div><div class="battle-history"><small>The Tailwind blew from behind the opposing team!</small><br></div><div class="spacer battle-history"><br></div><div class="battle-history">The opposing Darkmatterph2spmd used <strong>Play Rough</strong>!<br></div><div class="battle-history"><small>It's super effective!</small><br></div><div class="battle-history"><small>A critical hit!</small><br></div><div class="battle-history"><small>(Dragora lost <abbr title="−190/190">100%</abbr> of its health!)</small><br></div><div class="spacer battle-history"><br></div><div class="battle-history">Dragora fainted!<br></div><div class="battle-history">Ampersand used <strong>Hex</strong>!<br></div><div class="battle-history"><small>(The opposing Stickerstarfinalba lost <abbr title="−3/48 pixels">6.3–8.3%</abbr> of its health!)</small><br></div><div class="spacer battle-history"><br></div><div class="battle-history">The opposing Stickerstarfinalba fainted!<br></div><div class="chat"><small> BlueRayVGC joined</small></div><div class="chat message-error">VGlaCeon has 30 seconds left.</div><div class="spacer battle-history"><br></div><div class="battle-history">VGlaCeon sent out Neverletup(m&amp;l:drt (<strong>Dracovish</strong>)!<br></div><div class="spacer battle-history"><br></div><div class="battle-history">Go! Bespin (<strong>Celesteela</strong>)!<br></div><div class="spacer battle-history"><br></div><h2 class="battle-history">Turn 6</h2><div class="chat chatmessage-asnomplaysshowdown"><strong style="color:#1bb1b6"><small> </small><span class="username" data-name="ASnomPlaysShowdown">ASnomPlaysShowdown</span>:</strong> <em>also glace what are the nicks?</em></div><div class="chat chatmessage-vglaceon"><strong style="color:#1da737"><small>☆</small><span class="username" data-name="VGlaCeon">VGlaCeon</span>:</strong> <em>Music</em></div><div class="spacer battle-history"><br></div><div class="battle-history">Ampersand used <strong>Protect</strong>!<br></div><div class="battle-history"><small>Ampersand protected itself!</small><br></div><div class="spacer battle-history"><br></div><div class="battle-history">The opposing Darkmatterph2spmd used <strong>Wild Charge</strong>!<br></div><div class="battle-history"><small>It's super effective!</small><br></div><div class="battle-history"><small>A critical hit!</small><br></div><div class="battle-history"><small>(Bespin lost <abbr title="−204/204">100%</abbr> of its health!)</small><br></div><div class="battle-history"><small>The opposing Darkmatterph2spmd was damaged by the recoil!</small><br></div><div class="spacer battle-history"><br></div><div class="battle-history">Bespin fainted!<br></div><div class="battle-history">The opposing Neverletup(m&amp;l:drt used <strong>Fishious Rend</strong>!<br></div><div class="battle-history"><small>Ampersand protected itself!</small><br></div><div class="spacer battle-history"><br></div><h2 class="battle-history">Turn 7</h2><div class="chat chatmessage-vglaceon"><strong style="color:#1da737"><small>☆</small><span class="username" data-name="VGlaCeon">VGlaCeon</span>:</strong> <em>That i am kistening to rn</em></div><div class="chat chatmessage-vglaceon"><strong style="color:#1da737"><small>☆</small><span class="username" data-name="VGlaCeon">VGlaCeon</span>:</strong> <em>Listening</em></div><div class="spacer battle-history"><br></div><div class="battle-history">The opposing Darkmatterph2spmd used <strong>Wild Charge</strong>!<br></div><div class="battle-history"><small>It's not very effective...</small><br></div><div class="battle-history"><small>A critical hit!</small><br></div><div class="battle-history"><small>(Ampersand lost <abbr title="−80/182">44.0%</abbr> of its health!)</small><br></div><div class="battle-history"><small>The opposing Darkmatterph2spmd was damaged by the recoil!</small><br></div><div class="spacer battle-history"><br></div><div class="battle-history">Ampersand fainted!<br></div><div class="spacer battle-history"><br></div><div class="battle-history"><strong>VGlaCeon</strong> won the battle!<br></div><div class="chat"><small>☆VGlaCeon left</small></div><div class="chat chatmessage-inkbug1 mine"><strong style="color:#e46e0f"><small>☆</small><span class="username" data-name="inkbug1">inkbug1</span>:</strong> <em>man i did not play that one well at all</em></div><div class="chat chatmessage-inkbug1 mine"><strong style="color:#e46e0f"><small>☆</small><span class="username" data-name="inkbug1">inkbug1</span>:</strong> <em>gg</em></div><div class="chat"><small> analysis geek left</small></div><div class="chat chatmessage-inkbug1 mine"><strong style="color:#e46e0f"><small>☆</small><span class="username" data-name="inkbug1">inkbug1</span>:</strong> <em>oh bye</em></div><div class="chat chatmessage-asnomplaysshowdown"><strong style="color:#1bb1b6"><small> </small><span class="username" data-name="ASnomPlaysShowdown">ASnomPlaysShowdown</span>:</strong> <em>GG</em></div></div><div class="inner-preempt message-log"></div></div></div>
</div>
<script>
let daily = Math.floor(Date.now()/1000/60/60/24);document.write('<script src="https://dragonheaven.herokuapp.com/js/replay-embed.js?version'+daily+'"></'+'script>');
</script>
