<!DOCTYPE html>
<meta charset="utf-8" />
<!-- version 1 -->
<title>[Gen 8] M4A Monotype replay: Bekama vs. Sticky Fingaa</title>
<style>
html,body {font-family:Verdana, sans-serif;font-size:10pt;margin:0;padding:0;}body{padding:12px 0;} .battle-log {font-family:Verdana, sans-serif;font-size:10pt;} .battle-log-inline {border:1px solid #AAAAAA;background:#EEF2F5;color:black;max-width:640px;margin:0 auto 80px;padding-bottom:5px;} .battle-log .inner {padding:4px 8px 0px 8px;} .battle-log .inner-preempt {padding:0 8px 4px 8px;} .battle-log .inner-after {margin-top:0.5em;} .battle-log h2 {margin:0.5em -8px;padding:4px 8px;border:1px solid #AAAAAA;background:#E0E7EA;border-left:0;border-right:0;font-family:Verdana, sans-serif;font-size:13pt;} .battle-log .chat {vertical-align:middle;padding:3px 0 3px 0;font-size:8pt;} .battle-log .chat strong {color:#40576A;} .battle-log .chat em {padding:1px 4px 1px 3px;color:#000000;font-style:normal;} .chat.mine {background:rgba(0,0,0,0.05);margin-left:-8px;margin-right:-8px;padding-left:8px;padding-right:8px;} .spoiler {color:#BBBBBB;background:#BBBBBB;padding:0px 3px;} .spoiler:hover, .spoiler:active, .spoiler-shown {color:#000000;background:#E2E2E2;padding:0px 3px;} .spoiler a {color:#BBBBBB;} .spoiler:hover a, .spoiler:active a, .spoiler-shown a {color:#2288CC;} .chat code, .chat .spoiler:hover code, .chat .spoiler:active code, .chat .spoiler-shown code {border:1px solid #C0C0C0;background:#EEEEEE;color:black;padding:0 2px;} .chat .spoiler code {border:1px solid #CCCCCC;background:#CCCCCC;color:#CCCCCC;} .battle-log .rated {padding:3px 4px;} .battle-log .rated strong {color:white;background:#89A;padding:1px 4px;border-radius:4px;} .spacer {margin-top:0.5em;} .message-announce {background:#6688AA;color:white;padding:1px 4px 2px;} .message-announce a, .broadcast-green a, .broadcast-blue a, .broadcast-red a {color:#DDEEFF;} .broadcast-green {background-color:#559955;color:white;padding:2px 4px;} .broadcast-blue {background-color:#6688AA;color:white;padding:2px 4px;} .infobox {border:1px solid #6688AA;padding:2px 4px;} .infobox-limited {max-height:200px;overflow:auto;overflow-x:hidden;} .broadcast-red {background-color:#AA5544;color:white;padding:2px 4px;} .message-learn-canlearn {font-weight:bold;color:#228822;text-decoration:underline;} .message-learn-cannotlearn {font-weight:bold;color:#CC2222;text-decoration:underline;} .message-effect-weak {font-weight:bold;color:#CC2222;} .message-effect-resist {font-weight:bold;color:#6688AA;} .message-effect-immune {font-weight:bold;color:#666666;} .message-learn-list {margin-top:0;margin-bottom:0;} .message-throttle-notice, .message-error {color:#992222;} .message-overflow, .chat small.message-overflow {font-size:0pt;} .message-overflow::before {font-size:9pt;content:'...';} .subtle {color:#3A4A66;}
</style>
<div class="wrapper replay-wrapper" style="max-width:1180px;margin:0 auto">
<input type="hidden" name="replayid" value="dragonheaven-gen8m4amonotype-259" />
<div class="battle"></div><div class="battle-log"></div><div class="replay-controls"></div><div class="replay-controls-2"></div>
<h1 style="font-weight:normal;text-align:center"><strong>[Gen 8] M4A Monotype</strong><br /><a href="http://pokemonshowdown.com/users/bekama" class="subtle" target="_blank">Bekama</a> vs. <a href="http://pokemonshowdown.com/users/stickyfingaa" class="subtle" target="_blank">Sticky Fingaa</a></h1>
<script type="text/plain" class="battle-log-data">|j|☆Bekama
|j|☆Sticky Fingaa
|t:|1624221509
|player|p1|Bekama|buck|
|player|p2|Sticky Fingaa|fisherman-gen4|
|teamsize|p1|6
|teamsize|p2|6
|gametype|singles
|gen|8
|tier|[Gen 8] M4A Monotype
|rated|Tournament battle
|rule|Same Type Clause: Pokémon in a team must share a type
|clearpoke
|poke|p1|Rillaboom, M|
|poke|p1|Gourgeist-*, F|
|poke|p1|Ferrothorn, F|
|poke|p1|Venusaur, M|
|poke|p1|Exeggutor-Alola, F|
|poke|p1|Abomasnow, M|
|poke|p2|Gourgeist-*, F|
|poke|p2|Ferrothorn, F|
|poke|p2|Tsareena, F|
|poke|p2|Serperior, F|
|poke|p2|Chesnaught, F|
|poke|p2|Roserade, M|
|rule|HP Percentage Mod: HP is shown in percentages
|rule|Endless Battle Clause: Forcing endless battles is banned
|rule|OHKO Clause: OHKO moves are banned
|rule|Evasion Moves Clause: Evasion moves are banned
|rule|Species Clause: Limit one of each Pokémon
|rule|Dynamax Clause: You cannot dynamax
|rule|Sleep Clause Mod: Limit one foe put to sleep
|rule|Freeze Clause Mod: Limit one foe frozen
|raw|<img src="https:\/\/www.smogon.com\/forums\/attachments\/banner_2-png.302358\/" height="65" width="381">
|-message|Welcome to Megas for All!
|-message|This is a National Dex-based format where we aim to give a new Mega Evolution to every Pokémon.
|-message|Just like any official format, you can still only Mega Evolve one Pokémon per team!
|-message|You can find our thread and metagame resources here:
|-message|https:\/\/www.smogon.com\/forums\/threads\/3671140\/
|teampreview
|j|#inkbug1

|c|☆Sticky Fingaa|hf
|c|☆Bekama|u2
|
|t:|1624221533
|start
|switch|p1a: Abomasnow|Abomasnow, M|100\/100
|switch|p2a: Roserade|Roserade, M|100\/100
|-weather|Hail|[from] ability: Snow Warning|[of] p1a: Abomasnow
|turn|1
|
|t:|1624221540
|move|p2a: Roserade|Hidden Power|p1a: Abomasnow
|-supereffective|p1a: Abomasnow
|-damage|p1a: Abomasnow|0 fnt
|faint|p1a: Abomasnow
|
|-weather|Hail|[upkeep]
|-damage|p2a: Roserade|94\/100|[from] Hail
|upkeep
|
|t:|1624221546
|switch|p1a: Exeggutor|Exeggutor-Alola, F|100\/100
|turn|2
|
|t:|1624221555
|switch|p2a: Tsareena|Tsareena, F|100\/100
|move|p1a: Exeggutor|Flamethrower|p2a: Tsareena
|-supereffective|p2a: Tsareena
|-damage|p2a: Tsareena|49\/100
|
|-weather|Hail|[upkeep]
|-damage|p2a: Tsareena|43\/100|[from] Hail
|-damage|p1a: Exeggutor|94\/100|[from] Hail
|upkeep
|turn|3
|
|t:|1624221565
|move|p2a: Tsareena|Triple Axel|p1a: Exeggutor
|-supereffective|p1a: Exeggutor
|-damage|p1a: Exeggutor|65\/100
|-supereffective|p1a: Exeggutor
|-damage|p1a: Exeggutor|9\/100
|-enditem|p1a: Exeggutor|Sitrus Berry|[eat]
|-heal|p1a: Exeggutor|34\/100|[from] item: Sitrus Berry
|-hitcount|p1a: Exeggutor|2
|move|p1a: Exeggutor|Flamethrower|p2a: Tsareena
|-supereffective|p2a: Tsareena
|-damage|p2a: Tsareena|0 fnt
|faint|p2a: Tsareena
|
|-weather|Hail|[upkeep]
|-damage|p1a: Exeggutor|28\/100|[from] Hail
|upkeep
|c|☆Sticky Fingaa|._.
|
|t:|1624221574
|switch|p2a: Gourgeist|Gourgeist-Large, F|100\/100
|turn|4
|c|☆Bekama|rip
|
|t:|1624221589
|detailschange|p2a: Gourgeist|Gourgeist-Large-Mega, F
|-mega|p2a: Gourgeist|Gourgeist|Gourgeite
|-start|p2a: Gourgeist|typechange|Ghost\/Grass|[silent]
|raw|<ul class="utilichart"><li class="result"><span class="col pokemonnamecol" style="white-space: nowrap">Gourgeist-Large-Mega<\/span> <span class="col typecol"><img src="https:\/\/play.pokemonshowdown.com\/sprites\/types\/Ghost.png" alt="Ghost" height="14" width="32"><img src="https:\/\/play.pokemonshowdown.com\/sprites\/types\/Grass.png" alt="Grass" height="14" width="32"><\/span> <span style="float: left ; min-height: 26px"><span class="col abilitycol">Flash Fire<\/span><span class="col abilitycol"><\/span><\/span><span style="float: left ; min-height: 26px"><span class="col statcol"><em>HP<\/em><br>75<\/span> <span class="col statcol"><em>Atk<\/em><br>100<\/span> <span class="col statcol"><em>Def<\/em><br>125<\/span> <span class="col statcol"><em>SpA<\/em><br>100<\/span> <span class="col statcol"><em>SpD<\/em><br>125<\/span> <span class="col statcol"><em>Spe<\/em><br>69<\/span> <\/span><\/li><li style="clear: both"><\/li><\/ul>
|move|p2a: Gourgeist|Toxic|p1a: Exeggutor
|-status|p1a: Exeggutor|tox
|move|p1a: Exeggutor|Teleport|p1a: Exeggutor
|
|t:|1624221595
|switch|p1a: Ferrothorn|Ferrothorn, F|100\/100|[from]move: Teleport
|
|-weather|Hail|[upkeep]
|-damage|p2a: Gourgeist|94\/100|[from] Hail
|-damage|p1a: Ferrothorn|94\/100|[from] Hail
|-heal|p1a: Ferrothorn|100\/100|[from] item: Leftovers
|upkeep
|turn|5
|
|t:|1624221599
|move|p2a: Gourgeist|Flamethrower|p1a: Ferrothorn
|-supereffective|p1a: Ferrothorn
|-damage|p1a: Ferrothorn|23\/100
|move|p1a: Ferrothorn|Knock Off|p2a: Gourgeist
|-supereffective|p2a: Gourgeist
|-damage|p2a: Gourgeist|69\/100
|
|-weather|none
|-heal|p1a: Ferrothorn|29\/100|[from] item: Leftovers
|upkeep
|turn|6
|
|t:|1624221609
|move|p2a: Gourgeist|Flamethrower|p1a: Ferrothorn
|-supereffective|p1a: Ferrothorn
|-damage|p1a: Ferrothorn|0 fnt
|faint|p1a: Ferrothorn
|
|upkeep
|
|t:|1624221612
|switch|p1a: Rillaboom|Rillaboom, M|100\/100
|-fieldstart|move: Grassy Terrain|[from] ability: Grassy Surge|[of] p1a: Rillaboom
|-enditem|p1a: Rillaboom|Grassy Seed
|-boost|p1a: Rillaboom|def|1|[from] item: Grassy Seed
|turn|7
|
|t:|1624221622
|move|p1a: Rillaboom|Acrobatics|p2a: Gourgeist
|-supereffective|p2a: Gourgeist
|-damage|p2a: Gourgeist|20\/100
|move|p2a: Gourgeist|Strength Sap|p1a: Rillaboom
|-unboost|p1a: Rillaboom|atk|1
|-heal|p2a: Gourgeist|100\/100
|
|upkeep
|turn|8
|
|t:|1624221630
|move|p1a: Rillaboom|Acrobatics|p2a: Gourgeist
|-supereffective|p2a: Gourgeist
|-damage|p2a: Gourgeist|72\/100
|move|p2a: Gourgeist|Toxic|p1a: Rillaboom
|-status|p1a: Rillaboom|tox
|
|-heal|p2a: Gourgeist|78\/100|[from] Grassy Terrain
|-damage|p1a: Rillaboom|94\/100 tox|[from] psn
|upkeep
|turn|9
|
|t:|1624221635
|move|p1a: Rillaboom|U-turn|p2a: Gourgeist
|-damage|p2a: Gourgeist|69\/100
|
|t:|1624221640
|switch|p1a: Venusaur|Venusaur, M|100\/100|[from]move: U-turn
|move|p2a: Gourgeist|Strength Sap|p1a: Venusaur
|-unboost|p1a: Venusaur|atk|1
|-heal|p2a: Gourgeist|100\/100
|
|upkeep
|turn|10
|
|t:|1624221649
|switch|p2a: Ferrothorn|Ferrothorn, F|100\/100
|move|p1a: Venusaur|Hidden Power|p2a: Ferrothorn
|-damage|p2a: Ferrothorn|90\/100
|
|-heal|p2a: Ferrothorn|96\/100|[from] item: Leftovers
|-heal|p2a: Ferrothorn|100\/100|[from] Grassy Terrain
|upkeep
|turn|11
|
|t:|1624221654
|move|p1a: Venusaur|Sunny Day|p1a: Venusaur
|-weather|SunnyDay
|move|p2a: Ferrothorn|Stealth Rock|p1a: Venusaur
|-sidestart|p1: Bekama|move: Stealth Rock
|
|-weather|SunnyDay|[upkeep]
|-fieldend|move: Grassy Terrain
|upkeep
|turn|12
|
|t:|1624221662
|switch|p2a: Gourgeist|Gourgeist-Large-Mega, F|100\/100
|-start|p2a: Gourgeist|typechange|Ghost\/Grass|[silent]
|move|p1a: Venusaur|Weather Ball|p2a: Gourgeist
|-start|p2a: Gourgeist|ability: Flash Fire
|
|-weather|SunnyDay|[upkeep]
|upkeep
|turn|13
|
|t:|1624221667
|move|p1a: Venusaur|Sludge Bomb|p2a: Gourgeist
|-damage|p2a: Gourgeist|71\/100
|move|p2a: Gourgeist|Flamethrower|p1a: Venusaur
|-supereffective|p1a: Venusaur
|-damage|p1a: Venusaur|0 fnt
|faint|p1a: Venusaur
|
|-weather|SunnyDay|[upkeep]
|upkeep
|
|t:|1624221674
|switch|p1a: Gourgeist|Gourgeist, F|100\/100
|-damage|p1a: Gourgeist|88\/100|[from] Stealth Rock
|-item|p2a: Gourgeist|Gourgeite|[from] ability: Frisk|[of] p1a: Gourgeist|[identify]
|turn|14
|
|t:|1624221684
|detailschange|p1a: Gourgeist|Gourgeist-Mega, F
|-mega|p1a: Gourgeist|Gourgeist|Gourgeite
|-start|p1a: Gourgeist|typechange|Ghost\/Grass|[silent]
|raw|<ul class="utilichart"><li class="result"><span class="col pokemonnamecol" style="white-space: nowrap">Gourgeist-Mega<\/span> <span class="col typecol"><img src="https:\/\/play.pokemonshowdown.com\/sprites\/types\/Ghost.png" alt="Ghost" height="14" width="32"><img src="https:\/\/play.pokemonshowdown.com\/sprites\/types\/Grass.png" alt="Grass" height="14" width="32"><\/span> <span style="float: left ; min-height: 26px"><span class="col abilitycol">Weak Armor<\/span><span class="col abilitycol"><\/span><\/span><span style="float: left ; min-height: 26px"><span class="col statcol"><em>HP<\/em><br>65<\/span> <span class="col statcol"><em>Atk<\/em><br>58<\/span> <span class="col statcol"><em>Def<\/em><br>147<\/span> <span class="col statcol"><em>SpA<\/em><br>145<\/span> <span class="col statcol"><em>SpD<\/em><br>95<\/span> <span class="col statcol"><em>Spe<\/em><br>84<\/span> <\/span><\/li><li style="clear: both"><\/li><\/ul>
|move|p1a: Gourgeist|Nasty Plot|p1a: Gourgeist
|-boost|p1a: Gourgeist|spa|2
|move|p2a: Gourgeist|Toxic|p1a: Gourgeist
|-status|p1a: Gourgeist|tox
|
|-weather|SunnyDay|[upkeep]
|-damage|p1a: Gourgeist|82\/100 tox|[from] psn
|upkeep
|turn|15
|
|t:|1624221700
|-end|p2a: Gourgeist|ability: Flash Fire|[silent]
|switch|p2a: Ferrothorn|Ferrothorn, F|100\/100
|move|p1a: Gourgeist|Shadow Ball|p2a: Ferrothorn
|-damage|p2a: Ferrothorn|45\/100
|
|-weather|SunnyDay|[upkeep]
|-heal|p2a: Ferrothorn|51\/100|[from] item: Leftovers
|-damage|p1a: Gourgeist|71\/100 tox|[from] psn
|upkeep
|turn|16
|
|t:|1624221711
|move|p1a: Gourgeist|Shadow Ball|p2a: Ferrothorn
|-damage|p2a: Ferrothorn|0 fnt
|faint|p2a: Ferrothorn
|
|-weather|SunnyDay|[upkeep]
|-damage|p1a: Gourgeist|53\/100 tox|[from] psn
|upkeep
|j| Regic Boat
|
|t:|1624221718
|switch|p2a: Roserade|Roserade, M|94\/100
|turn|17
|
|t:|1624221720
|move|p2a: Roserade|Hidden Power|p1a: Gourgeist
|-supereffective|p1a: Gourgeist
|-damage|p1a: Gourgeist|0 fnt
|faint|p1a: Gourgeist
|
|-weather|SunnyDay|[upkeep]
|upkeep
|
|t:|1624221724
|switch|p1a: Rillaboom|Rillaboom, M|94\/100 tox
|-damage|p1a: Rillaboom|82\/100 tox|[from] Stealth Rock
|-fieldstart|move: Grassy Terrain|[from] ability: Grassy Surge|[of] p1a: Rillaboom
|turn|18
|
|t:|1624221727
|move|p1a: Rillaboom|Fake Out|p2a: Roserade
|-damage|p2a: Roserade|71\/100
|cant|p2a: Roserade|flinch
|
|-weather|none
|-heal|p2a: Roserade|77\/100|[from] Grassy Terrain
|-heal|p1a: Rillaboom|88\/100 tox|[from] Grassy Terrain
|-damage|p1a: Rillaboom|82\/100 tox|[from] psn
|upkeep
|turn|19
|
|t:|1624221732
|move|p2a: Roserade|Hidden Power|p1a: Rillaboom
|-supereffective|p1a: Rillaboom
|-damage|p1a: Rillaboom|0 fnt
|faint|p1a: Rillaboom
|
|-heal|p2a: Roserade|83\/100|[from] Grassy Terrain
|upkeep
|
|t:|1624221735
|switch|p1a: Exeggutor|Exeggutor-Alola, F|28\/100 tox
|-damage|p1a: Exeggutor|15\/100 tox|[from] Stealth Rock
|turn|20
|
|t:|1624221739
|move|p2a: Roserade|Hidden Power|p1a: Exeggutor
|-damage|p1a: Exeggutor|0 fnt
|faint|p1a: Exeggutor
|
|win|Sticky Fingaa
|c|☆Sticky Fingaa|gg
|c|☆Bekama|gg
|l| Regic Boat
|l|☆Bekama
|l|☆Sticky Fingaa</script>
</div>
<div class="battle-log battle-log-inline"><div class="inner"><div class="battle-options"><div style="padding-top: 3px; padding-right: 3px; text-align: right"><button class="icon button" name="openBattleOptions" title="Options">Battle Options</button></div></div><div class="inner message-log"><div class="chat"><small>☆Bekama and ☆Sticky Fingaa joined</small></div><div class=""><small>Format:</small> <br><strong>[Gen 8] M4A Monotype</strong></div><div class="rated"><strong>Tournament battle</strong></div><div class=""><small><em>Same Type Clause:</em> Pokémon in a team must share a type</small></div><div class=""><small><em>HP Percentage Mod:</em> HP is shown in percentages</small></div><div class=""><small><em>Endless Battle Clause:</em> Forcing endless battles is banned</small></div><div class=""><small><em>OHKO Clause:</em> OHKO moves are banned</small></div><div class=""><small><em>Evasion Moves Clause:</em> Evasion moves are banned</small></div><div class=""><small><em>Species Clause:</em> Limit one of each Pokémon</small></div><div class=""><small><em>Dynamax Clause:</em> You cannot dynamax</small></div><div class=""><small><em>Sleep Clause Mod:</em> Limit one foe put to sleep</small></div><div class=""><small><em>Freeze Clause Mod:</em> Limit one foe frozen</small></div><div class="chat"><img src="https://www.smogon.com/forums/attachments/banner_2-png.302358/" height="65" width="381"></div><div class="spacer battle-history"><br></div><div class="battle-history"><small>Welcome to Megas for All!</small><br></div><div class="battle-history"><small>This is a National Dex-based format where we aim to give a new Mega Evolution to every Pokémon.</small><br></div><div class="battle-history"><small>Just like any official format, you can still only Mega Evolve one Pokémon per team!</small><br></div><div class="battle-history"><small>You can find our thread and metagame resources here:</small><br></div><div class="battle-history"><small>https://www.smogon.com/forums/threads/3671140/</small><br></div><div class="chat battle-history"><strong>Bekama's team:</strong> <em style="color:#445566;display:block;">Rillaboom / Gourgeist-* / Ferrothorn / Venusaur / Exeggutor-Alola / Abomasnow</em></div><div class="chat battle-history"><strong>Sticky Fingaa's team:</strong> <em style="color:#445566;display:block;">Gourgeist-* / Ferrothorn / Tsareena / Serperior / Chesnaught / Roserade</em></div><div class="chat"><small>#inkbug1 joined</small></div><div class="chat chatmessage-stickyfingaa"><strong style="color:#e76311"><small>☆</small><span class="username" data-name="Sticky Fingaa">Sticky Fingaa</span>:</strong> <em>hf</em></div><div class="chat chatmessage-bekama"><strong style="color:#ac8416"><small>☆</small><span class="username" data-name="Bekama">Bekama</span>:</strong> <em>u2</em></div><div class="spacer battle-history"><br></div><div class="battle-history">Battle started between Bekama and Sticky Fingaa!<br></div><div class="spacer battle-history"><br></div><div class="battle-history">Go! <strong>Abomasnow</strong>!<br></div><div class="spacer battle-history"><br></div><div class="battle-history">Sticky Fingaa sent out <strong>Roserade</strong>!<br></div><div class="battle-history">[Abomasnow's Snow Warning]<br><small>It started to hail!</small><br></div><div class="spacer battle-history"><br></div><h2 class="battle-history">Turn 1</h2><div class="spacer battle-history"><br></div><div class="battle-history">The opposing Roserade used <strong>Hidden Power</strong>!<br></div><div class="battle-history"><small>It's super effective!</small><br></div><div class="battle-history"><small>(Abomasnow lost 100% of its health!)</small><br></div><div class="spacer battle-history"><br></div><div class="battle-history">Abomasnow fainted!<br></div><div class="spacer battle-history"><br></div><div class="battle-history"><small>(The hail is crashing down.)</small><br></div><div class="battle-history"><small>The opposing Roserade is buffeted by the hail!</small><br></div><div class="spacer battle-history"><br></div><div class="battle-history">Go! Exeggutor (<strong>Exeggutor-Alola</strong>)!<br></div><div class="spacer battle-history"><br></div><h2 class="battle-history">Turn 2</h2><div class="spacer battle-history"><br></div><div class="battle-history">Sticky Fingaa withdrew Roserade!<br></div><div class="battle-history">Sticky Fingaa sent out <strong>Tsareena</strong>!<br></div><div class="spacer battle-history"><br></div><div class="battle-history">Exeggutor used <strong>Flamethrower</strong>!<br></div><div class="battle-history"><small>It's super effective!</small><br></div><div class="battle-history"><small>(The opposing Tsareena lost 51% of its health!)</small><br></div><div class="spacer battle-history"><br></div><div class="battle-history"><small>(The hail is crashing down.)</small><br></div><div class="battle-history"><small>The opposing Tsareena is buffeted by the hail!</small><br></div><div class="battle-history"><small>Exeggutor is buffeted by the hail!</small><br></div><div class="spacer battle-history"><br></div><h2 class="battle-history">Turn 3</h2><div class="spacer battle-history"><br></div><div class="battle-history">The opposing Tsareena used <strong>Triple Axel</strong>!<br></div><div class="battle-history"><small>It's super effective!</small><br></div><div class="battle-history"><small>(Exeggutor lost 29% of its health!)</small><br></div><div class="battle-history"><small>It's super effective!</small><br></div><div class="battle-history"><small>(Exeggutor lost 56% of its health!)</small><br></div><div class="battle-history"><small>(Exeggutor ate its Sitrus Berry!)</small><br></div><div class="battle-history"><small>Exeggutor restored HP using its Sitrus Berry!</small><br></div><div class="battle-history"><small>The Pokémon was hit 2 times!</small><br></div><div class="spacer battle-history"><br></div><div class="battle-history">Exeggutor used <strong>Flamethrower</strong>!<br></div><div class="battle-history"><small>It's super effective!</small><br></div><div class="battle-history"><small>(The opposing Tsareena lost 43% of its health!)</small><br></div><div class="spacer battle-history"><br></div><div class="battle-history">The opposing Tsareena fainted!<br></div><div class="spacer battle-history"><br></div><div class="battle-history"><small>(The hail is crashing down.)</small><br></div><div class="battle-history"><small>Exeggutor is buffeted by the hail!</small><br></div><div class="chat chatmessage-stickyfingaa"><strong style="color:#e76311"><small>☆</small><span class="username" data-name="Sticky Fingaa">Sticky Fingaa</span>:</strong> <em>._.</em></div><div class="spacer battle-history"><br></div><div class="battle-history">Sticky Fingaa sent out Gourgeist (<strong>Gourgeist-Large</strong>)!<br></div><div class="spacer battle-history"><br></div><h2 class="battle-history">Turn 4</h2><div class="chat chatmessage-bekama"><strong style="color:#ac8416"><small>☆</small><span class="username" data-name="Bekama">Bekama</span>:</strong> <em>rip</em></div><div class="spacer battle-history"><br></div><div class="battle-history"><small>The opposing Gourgeist's Gourgeite is reacting to the Key Stone!</small><br>The opposing Gourgeist has Mega Evolved into Mega Gourgeist!<br></div><div class="chat"><ul class="utilichart"><li class="result"><span class="col pokemonnamecol" style="white-space: nowrap">Gourgeist-Large-Mega</span> <span class="col typecol"><img src="https://play.pokemonshowdown.com/sprites/types/Ghost.png" alt="Ghost" height="14" width="32"><img src="https://play.pokemonshowdown.com/sprites/types/Grass.png" alt="Grass" height="14" width="32"></span> <span style="float: left ; min-height: 26px"><span class="col abilitycol">Flash Fire</span><span class="col abilitycol"></span></span><span style="float: left ; min-height: 26px"><span class="col statcol"><em>HP</em><br>75</span> <span class="col statcol"><em>Atk</em><br>100</span> <span class="col statcol"><em>Def</em><br>125</span> <span class="col statcol"><em>SpA</em><br>100</span> <span class="col statcol"><em>SpD</em><br>125</span> <span class="col statcol"><em>Spe</em><br>69</span> </span></li><li style="clear: both"></li></ul></div><div class="spacer battle-history"><br></div><div class="battle-history">The opposing Gourgeist used <strong>Toxic</strong>!<br></div><div class="battle-history"><small>Exeggutor was badly poisoned!</small><br></div><div class="spacer battle-history"><br></div><div class="battle-history">Exeggutor used <strong>Teleport</strong>!<br></div><div class="spacer battle-history"><br></div><div class="battle-history">Exeggutor, come back!<br></div><div class="battle-history">Go! <strong>Ferrothorn</strong>!<br></div><div class="spacer battle-history"><br></div><div class="battle-history"><small>(The hail is crashing down.)</small><br></div><div class="battle-history"><small>The opposing Gourgeist is buffeted by the hail!</small><br></div><div class="battle-history"><small>Ferrothorn is buffeted by the hail!</small><br></div><div class="battle-history"><small>Ferrothorn restored a little HP using its Leftovers!</small><br></div><div class="spacer battle-history"><br></div><h2 class="battle-history">Turn 5</h2><div class="spacer battle-history"><br></div><div class="battle-history">The opposing Gourgeist used <strong>Flamethrower</strong>!<br></div><div class="battle-history"><small>It's super effective!</small><br></div><div class="battle-history"><small>(Ferrothorn lost 77% of its health!)</small><br></div><div class="spacer battle-history"><br></div><div class="battle-history">Ferrothorn used <strong>Knock Off</strong>!<br></div><div class="battle-history"><small>It's super effective!</small><br></div><div class="battle-history"><small>(The opposing Gourgeist lost 25% of its health!)</small><br></div><div class="spacer battle-history"><br></div><div class="battle-history"><small>The hail stopped.</small><br></div><div class="battle-history"><small>Ferrothorn restored a little HP using its Leftovers!</small><br></div><div class="spacer battle-history"><br></div><h2 class="battle-history">Turn 6</h2><div class="spacer battle-history"><br></div><div class="battle-history">The opposing Gourgeist used <strong>Flamethrower</strong>!<br></div><div class="battle-history"><small>It's super effective!</small><br></div><div class="battle-history"><small>(Ferrothorn lost 29% of its health!)</small><br></div><div class="spacer battle-history"><br></div><div class="battle-history">Ferrothorn fainted!<br></div><div class="spacer battle-history"><br></div><div class="battle-history">Go! <strong>Rillaboom</strong>!<br></div><div class="battle-history">[Rillaboom's Grassy Surge]<br><small>Grass grew to cover the battlefield!</small><br></div><div class="battle-history"><small>(Rillaboom used its Grassy Seed!)</small><br></div><div class="battle-history"><small>The Grassy Seed raised Rillaboom's Defense!</small><br></div><div class="spacer battle-history"><br></div><h2 class="battle-history">Turn 7</h2><div class="spacer battle-history"><br></div><div class="battle-history">Rillaboom used <strong>Acrobatics</strong>!<br></div><div class="battle-history"><small>It's super effective!</small><br></div><div class="battle-history"><small>(The opposing Gourgeist lost 49% of its health!)</small><br></div><div class="spacer battle-history"><br></div><div class="battle-history">The opposing Gourgeist used <strong>Strength Sap</strong>!<br></div><div class="battle-history"><small>Rillaboom's Attack fell!</small><br></div><div class="battle-history"><small>The opposing Gourgeist had its HP restored.</small><br></div><div class="spacer battle-history"><br></div><h2 class="battle-history">Turn 8</h2><div class="spacer battle-history"><br></div><div class="battle-history">Rillaboom used <strong>Acrobatics</strong>!<br></div><div class="battle-history"><small>It's super effective!</small><br></div><div class="battle-history"><small>(The opposing Gourgeist lost 28% of its health!)</small><br></div><div class="spacer battle-history"><br></div><div class="battle-history">The opposing Gourgeist used <strong>Toxic</strong>!<br></div><div class="battle-history"><small>Rillaboom was badly poisoned!</small><br></div><div class="spacer battle-history"><br></div><div class="battle-history"><small>The opposing Gourgeist's HP was restored.</small><br></div><div class="battle-history"><small>Rillaboom was hurt by poison!</small><br></div><div class="spacer battle-history"><br></div><h2 class="battle-history">Turn 9</h2><div class="spacer battle-history"><br></div><div class="battle-history">Rillaboom used <strong>U-turn</strong>!<br></div><div class="battle-history"><small>(The opposing Gourgeist lost 9% of its health!)</small><br></div><div class="spacer battle-history"><br></div><div class="battle-history">Rillaboom went back to Bekama!<br></div><div class="battle-history">Go! <strong>Venusaur</strong>!<br></div><div class="spacer battle-history"><br></div><div class="battle-history">The opposing Gourgeist used <strong>Strength Sap</strong>!<br></div><div class="battle-history"><small>Venusaur's Attack fell!</small><br></div><div class="battle-history"><small>The opposing Gourgeist had its HP restored.</small><br></div><div class="spacer battle-history"><br></div><h2 class="battle-history">Turn 10</h2><div class="spacer battle-history"><br></div><div class="battle-history">Sticky Fingaa withdrew Gourgeist!<br></div><div class="battle-history">Sticky Fingaa sent out <strong>Ferrothorn</strong>!<br></div><div class="spacer battle-history"><br></div><div class="battle-history">Venusaur used <strong>Hidden Power</strong>!<br></div><div class="battle-history"><small>(The opposing Ferrothorn lost 10% of its health!)</small><br></div><div class="spacer battle-history"><br></div><div class="battle-history"><small>The opposing Ferrothorn restored a little HP using its Leftovers!</small><br></div><div class="battle-history"><small>The opposing Ferrothorn's HP was restored.</small><br></div><div class="spacer battle-history"><br></div><h2 class="battle-history">Turn 11</h2><div class="spacer battle-history"><br></div><div class="battle-history">Venusaur used <strong>Sunny Day</strong>!<br></div><div class="battle-history"><small>The sunlight turned harsh!</small><br></div><div class="spacer battle-history"><br></div><div class="battle-history">The opposing Ferrothorn used <strong>Stealth Rock</strong>!<br></div><div class="battle-history"><small>Pointed stones float in the air around your team!</small><br></div><div class="spacer battle-history"><br></div><div class="battle-history"><small>(The sunlight is strong.)</small><br></div><div class="battle-history"><small>The grass disappeared from the battlefield.</small><br></div><div class="spacer battle-history"><br></div><h2 class="battle-history">Turn 12</h2><div class="spacer battle-history"><br></div><div class="battle-history">Sticky Fingaa withdrew Ferrothorn!<br></div><div class="battle-history">Sticky Fingaa sent out Gourgeist (<strong>Gourgeist-Large-Mega</strong>)!<br></div><div class="spacer battle-history"><br></div><div class="battle-history">Venusaur used <strong>Weather Ball</strong>!<br></div><div class="battle-history">[The opposing Gourgeist's Flash Fire]<br><small>The power of the opposing Gourgeist's Fire-type moves rose!</small><br></div><div class="spacer battle-history"><br></div><div class="battle-history"><small>(The sunlight is strong.)</small><br></div><div class="spacer battle-history"><br></div><h2 class="battle-history">Turn 13</h2><div class="spacer battle-history"><br></div><div class="battle-history">Venusaur used <strong>Sludge Bomb</strong>!<br></div><div class="battle-history"><small>(The opposing Gourgeist lost 29% of its health!)</small><br></div><div class="spacer battle-history"><br></div><div class="battle-history">The opposing Gourgeist used <strong>Flamethrower</strong>!<br></div><div class="battle-history"><small>It's super effective!</small><br></div><div class="battle-history"><small>(Venusaur lost 100% of its health!)</small><br></div><div class="spacer battle-history"><br></div><div class="battle-history">Venusaur fainted!<br></div><div class="spacer battle-history"><br></div><div class="battle-history"><small>(The sunlight is strong.)</small><br></div><div class="spacer battle-history"><br></div><div class="battle-history">Go! <strong>Gourgeist</strong>!<br></div><div class="battle-history"><small>Pointed stones dug into Gourgeist!</small><br></div><div class="battle-history">[Gourgeist's Frisk]<br><small>Gourgeist frisked the opposing Gourgeist and found its Gourgeite!</small><br></div><div class="spacer battle-history"><br></div><h2 class="battle-history">Turn 14</h2><div class="spacer battle-history"><br></div><div class="battle-history"><small>Gourgeist's Gourgeite is reacting to the Key Stone!</small><br>Gourgeist has Mega Evolved into Mega Gourgeist!<br></div><div class="chat"><ul class="utilichart"><li class="result"><span class="col pokemonnamecol" style="white-space: nowrap">Gourgeist-Mega</span> <span class="col typecol"><img src="https://play.pokemonshowdown.com/sprites/types/Ghost.png" alt="Ghost" height="14" width="32"><img src="https://play.pokemonshowdown.com/sprites/types/Grass.png" alt="Grass" height="14" width="32"></span> <span style="float: left ; min-height: 26px"><span class="col abilitycol">Weak Armor</span><span class="col abilitycol"></span></span><span style="float: left ; min-height: 26px"><span class="col statcol"><em>HP</em><br>65</span> <span class="col statcol"><em>Atk</em><br>58</span> <span class="col statcol"><em>Def</em><br>147</span> <span class="col statcol"><em>SpA</em><br>145</span> <span class="col statcol"><em>SpD</em><br>95</span> <span class="col statcol"><em>Spe</em><br>84</span> </span></li><li style="clear: both"></li></ul></div><div class="spacer battle-history"><br></div><div class="battle-history">Gourgeist used <strong>Nasty Plot</strong>!<br></div><div class="battle-history"><small>Gourgeist's Sp. Atk rose sharply!</small><br></div><div class="spacer battle-history"><br></div><div class="battle-history">The opposing Gourgeist used <strong>Toxic</strong>!<br></div><div class="battle-history"><small>Gourgeist was badly poisoned!</small><br></div><div class="spacer battle-history"><br></div><div class="battle-history"><small>(The sunlight is strong.)</small><br></div><div class="battle-history"><small>Gourgeist was hurt by poison!</small><br></div><div class="spacer battle-history"><br></div><h2 class="battle-history">Turn 15</h2><div class="spacer battle-history"><br></div><div class="battle-history">Sticky Fingaa withdrew Gourgeist!<br></div><div class="battle-history">Sticky Fingaa sent out <strong>Ferrothorn</strong>!<br></div><div class="spacer battle-history"><br></div><div class="battle-history">Gourgeist used <strong>Shadow Ball</strong>!<br></div><div class="battle-history"><small>(The opposing Ferrothorn lost 55% of its health!)</small><br></div><div class="spacer battle-history"><br></div><div class="battle-history"><small>(The sunlight is strong.)</small><br></div><div class="battle-history"><small>The opposing Ferrothorn restored a little HP using its Leftovers!</small><br></div><div class="battle-history"><small>Gourgeist was hurt by poison!</small><br></div><div class="spacer battle-history"><br></div><h2 class="battle-history">Turn 16</h2><div class="spacer battle-history"><br></div><div class="battle-history">Gourgeist used <strong>Shadow Ball</strong>!<br></div><div class="battle-history"><small>(The opposing Ferrothorn lost 51% of its health!)</small><br></div><div class="spacer battle-history"><br></div><div class="battle-history">The opposing Ferrothorn fainted!<br></div><div class="spacer battle-history"><br></div><div class="battle-history"><small>(The sunlight is strong.)</small><br></div><div class="battle-history"><small>Gourgeist was hurt by poison!</small><br></div><div class="chat"><small> Regic Boat joined</small></div><div class="spacer battle-history"><br></div><div class="battle-history">Sticky Fingaa sent out <strong>Roserade</strong>!<br></div><div class="spacer battle-history"><br></div><h2 class="battle-history">Turn 17</h2><div class="spacer battle-history"><br></div><div class="battle-history">The opposing Roserade used <strong>Hidden Power</strong>!<br></div><div class="battle-history"><small>It's super effective!</small><br></div><div class="battle-history"><small>(Gourgeist lost 53% of its health!)</small><br></div><div class="spacer battle-history"><br></div><div class="battle-history">Gourgeist fainted!<br></div><div class="spacer battle-history"><br></div><div class="battle-history"><small>(The sunlight is strong.)</small><br></div><div class="spacer battle-history"><br></div><div class="battle-history">Go! <strong>Rillaboom</strong>!<br></div><div class="battle-history"><small>Pointed stones dug into Rillaboom!</small><br></div><div class="battle-history">[Rillaboom's Grassy Surge]<br><small>Grass grew to cover the battlefield!</small><br></div><div class="spacer battle-history"><br></div><h2 class="battle-history">Turn 18</h2><div class="spacer battle-history"><br></div><div class="battle-history">Rillaboom used <strong>Fake Out</strong>!<br></div><div class="battle-history"><small>(The opposing Roserade lost 23% of its health!)</small><br></div><div class="spacer battle-history"><br></div><div class="battle-history">The opposing Roserade flinched and couldn't move!<br></div><div class="spacer battle-history"><br></div><div class="battle-history"><small>The harsh sunlight faded.</small><br></div><div class="battle-history"><small>The opposing Roserade's HP was restored.</small><br></div><div class="battle-history"><small>Rillaboom's HP was restored.</small><br></div><div class="battle-history"><small>Rillaboom was hurt by poison!</small><br></div><div class="spacer battle-history"><br></div><h2 class="battle-history">Turn 19</h2><div class="spacer battle-history"><br></div><div class="battle-history">The opposing Roserade used <strong>Hidden Power</strong>!<br></div><div class="battle-history"><small>It's super effective!</small><br></div><div class="battle-history"><small>(Rillaboom lost 82% of its health!)</small><br></div><div class="spacer battle-history"><br></div><div class="battle-history">Rillaboom fainted!<br></div><div class="spacer battle-history"><br></div><div class="battle-history"><small>The opposing Roserade's HP was restored.</small><br></div><div class="spacer battle-history"><br></div><div class="battle-history">Go! Exeggutor (<strong>Exeggutor-Alola</strong>)!<br></div><div class="battle-history"><small>Pointed stones dug into Exeggutor!</small><br></div><div class="spacer battle-history"><br></div><h2 class="battle-history">Turn 20</h2><div class="spacer battle-history"><br></div><div class="battle-history">The opposing Roserade used <strong>Hidden Power</strong>!<br></div><div class="battle-history"><small>(Exeggutor lost 15% of its health!)</small><br></div><div class="spacer battle-history"><br></div><div class="battle-history">Exeggutor fainted!<br></div><div class="spacer battle-history"><br></div><div class="battle-history"><strong>Sticky Fingaa</strong> won the battle!<br></div><div class="chat chatmessage-stickyfingaa"><strong style="color:#e76311"><small>☆</small><span class="username" data-name="Sticky Fingaa">Sticky Fingaa</span>:</strong> <em>gg</em></div><div class="chat chatmessage-bekama"><strong style="color:#ac8416"><small>☆</small><span class="username" data-name="Bekama">Bekama</span>:</strong> <em>gg</em></div><div class="chat"><small> Regic Boat, ☆Bekama, and ☆Sticky Fingaa left</small></div></div><div class="inner-preempt message-log"></div></div></div>
</div>
<script>
let daily = Math.floor(Date.now()/1000/60/60/24);document.write('<script src="https://dragonheaven.herokuapp.com/js/replay-embed.js?version'+daily+'"></'+'script>');
</script>
