<!DOCTYPE html>
<meta charset="utf-8" />
<!-- version 1 -->
<title>[Gen 8] Megas for All replay: Parcos vs. Bekama</title>
<style>
html,body {font-family:Verdana, sans-serif;font-size:10pt;margin:0;padding:0;}body{padding:12px 0;} .battle-log {font-family:Verdana, sans-serif;font-size:10pt;} .battle-log-inline {border:1px solid #AAAAAA;background:#EEF2F5;color:black;max-width:640px;margin:0 auto 80px;padding-bottom:5px;} .battle-log .inner {padding:4px 8px 0px 8px;} .battle-log .inner-preempt {padding:0 8px 4px 8px;} .battle-log .inner-after {margin-top:0.5em;} .battle-log h2 {margin:0.5em -8px;padding:4px 8px;border:1px solid #AAAAAA;background:#E0E7EA;border-left:0;border-right:0;font-family:Verdana, sans-serif;font-size:13pt;} .battle-log .chat {vertical-align:middle;padding:3px 0 3px 0;font-size:8pt;} .battle-log .chat strong {color:#40576A;} .battle-log .chat em {padding:1px 4px 1px 3px;color:#000000;font-style:normal;} .chat.mine {background:rgba(0,0,0,0.05);margin-left:-8px;margin-right:-8px;padding-left:8px;padding-right:8px;} .spoiler {color:#BBBBBB;background:#BBBBBB;padding:0px 3px;} .spoiler:hover, .spoiler:active, .spoiler-shown {color:#000000;background:#E2E2E2;padding:0px 3px;} .spoiler a {color:#BBBBBB;} .spoiler:hover a, .spoiler:active a, .spoiler-shown a {color:#2288CC;} .chat code, .chat .spoiler:hover code, .chat .spoiler:active code, .chat .spoiler-shown code {border:1px solid #C0C0C0;background:#EEEEEE;color:black;padding:0 2px;} .chat .spoiler code {border:1px solid #CCCCCC;background:#CCCCCC;color:#CCCCCC;} .battle-log .rated {padding:3px 4px;} .battle-log .rated strong {color:white;background:#89A;padding:1px 4px;border-radius:4px;} .spacer {margin-top:0.5em;} .message-announce {background:#6688AA;color:white;padding:1px 4px 2px;} .message-announce a, .broadcast-green a, .broadcast-blue a, .broadcast-red a {color:#DDEEFF;} .broadcast-green {background-color:#559955;color:white;padding:2px 4px;} .broadcast-blue {background-color:#6688AA;color:white;padding:2px 4px;} .infobox {border:1px solid #6688AA;padding:2px 4px;} .infobox-limited {max-height:200px;overflow:auto;overflow-x:hidden;} .broadcast-red {background-color:#AA5544;color:white;padding:2px 4px;} .message-learn-canlearn {font-weight:bold;color:#228822;text-decoration:underline;} .message-learn-cannotlearn {font-weight:bold;color:#CC2222;text-decoration:underline;} .message-effect-weak {font-weight:bold;color:#CC2222;} .message-effect-resist {font-weight:bold;color:#6688AA;} .message-effect-immune {font-weight:bold;color:#666666;} .message-learn-list {margin-top:0;margin-bottom:0;} .message-throttle-notice, .message-error {color:#992222;} .message-overflow, .chat small.message-overflow {font-size:0pt;} .message-overflow::before {font-size:9pt;content:'...';} .subtle {color:#3A4A66;}
</style>
<div class="wrapper replay-wrapper" style="max-width:1180px;margin:0 auto">
<input type="hidden" name="replayid" value="dragonheaven-gen8megasforall-275" />
<div class="battle"></div><div class="battle-log"></div><div class="replay-controls"></div><div class="replay-controls-2"></div>
<h1 style="font-weight:normal;text-align:center"><strong>[Gen 8] Megas for All</strong><br /><a href="http://pokemonshowdown.com/users/parcos" class="subtle" target="_blank">Parcos</a> vs. <a href="http://pokemonshowdown.com/users/bekama" class="subtle" target="_blank">Bekama</a></h1>
<script type="text/plain" class="battle-log-data">|j|☆Parcos
|j|☆Bekama
|t:|1615664097
|player|p1|Parcos|102|
|player|p2|Bekama|buck|
|teamsize|p1|6
|teamsize|p2|6
|gametype|singles
|gen|8
|tier|[Gen 8] Megas for All
|clearpoke
|poke|p1|Samurott, M|
|poke|p1|Dhelmise|
|poke|p1|Rillaboom, M|
|poke|p1|Typhlosion, F|
|poke|p1|Melmetal|
|poke|p1|Araquanid, F|
|poke|p2|Falinks|
|poke|p2|Tapu Koko|
|poke|p2|Kommo-o, F|
|poke|p2|Swampert, M|
|poke|p2|Rillaboom, M|
|poke|p2|Volcarona, M|
|rule|HP Percentage Mod: HP is shown in percentages
|rule|Endless Battle Clause: Forcing endless battles is banned
|rule|OHKO Clause: OHKO moves are banned
|rule|Evasion Moves Clause: Evasion moves are banned
|rule|Species Clause: Limit one of each Pokémon
|rule|Dynamax Clause: You cannot dynamax
|rule|Sleep Clause Mod: Limit one foe put to sleep
|rule|Freeze Clause Mod: Limit one foe frozen
|raw|<img src="https:\/\/www.smogon.com\/forums\/attachments\/banner_2-png.302358\/" height="65" width="381">
|-message|Welcome to Megas for All!
|-message|This is a National Dex-based format where we aim to give a new Mega Evolution to every Pokémon.
|-message|Just like any official format, you can still only Mega Evolve one Pokémon per team!
|-message|You can find our thread and metagame resources here:
|-message|https:\/\/www.smogon.com\/forums\/threads\/3671140\/
|teampreview
|c|☆Parcos|gl hf
|j| Coppersmith
|c|☆Bekama|u2
|c|☆Parcos|ty
|c| Coppersmith|uh oh
|c|☆Parcos|wha
|c| Coppersmith|thats an araquanid
|j|+inkbug1

|c|☆Parcos|uh
|c|☆Parcos|maybe?
|
|t:|1615664137
|start
|switch|p1a: Rillaboom|Rillaboom, M|100\/100
|switch|p2a: Tapu Koko|Tapu Koko, shiny|100\/100
|-fieldstart|move: Electric Terrain|[from] ability: Electric Surge|[of] p2a: Tapu Koko
|-fieldstart|move: Grassy Terrain|[from] ability: Grassy Surge|[of] p1a: Rillaboom
|turn|1
|
|t:|1615664146
|move|p1a: Rillaboom|Grassy Glide|p2a: Tapu Koko
|-damage|p2a: Tapu Koko|31\/100
|move|p2a: Tapu Koko|Volt Switch|p1a: Rillaboom
|-resisted|p1a: Rillaboom
|-damage|p1a: Rillaboom|81\/100
|c|☆Parcos|im joking, i know we cant use mega araquanid here
|c|☆Parcos|oh nvm, we can
|c|☆Parcos|lmao
|
|t:|1615664189
|switch|p2a: Falinks|Falinks, shiny|100\/100|[from]move: Volt Switch
|
|-heal|p1a: Rillaboom|87\/100|[from] Grassy Terrain
|upkeep
|turn|2
|
|t:|1615664195
|detailschange|p2a: Falinks|Falinks-Mega-Legion, shiny
|-mega|p2a: Falinks|Falinks|Falinksite
|-start|p2a: Falinks|typechange|Fighting\/Steel|[silent]
|raw|<ul class="utilichart"><li class="result"><span class="col pokemonnamecol" style="white-space: nowrap">Falinks-Mega-Legion<\/span> <span class="col typecol"><img src="https:\/\/play.pokemonshowdown.com\/sprites\/types\/Fighting.png" alt="Fighting" height="14" width="32"><img src="https:\/\/play.pokemonshowdown.com\/sprites\/types\/Steel.png" alt="Steel" height="14" width="32"><\/span> <span style="float: left ; min-height: 26px"><span class="col abilitycol">Stance Change<\/span><span class="col abilitycol"><\/span><\/span><span style="float: left ; min-height: 26px"><span class="col statcol"><em>HP<\/em><br>65<\/span> <span class="col statcol"><em>Atk<\/em><br>65<\/span> <span class="col statcol"><em>Def<\/em><br>130<\/span> <span class="col statcol"><em>SpA<\/em><br>65<\/span> <span class="col statcol"><em>SpD<\/em><br>130<\/span> <span class="col statcol"><em>Spe<\/em><br>115<\/span> <\/span><\/li><li style="clear: both"><\/li><\/ul>
|move|p2a: Falinks|Swords Dance|p2a: Falinks
|-boost|p2a: Falinks|atk|2
|move|p1a: Rillaboom|Leech Seed|p2a: Falinks
|-start|p2a: Falinks|move: Leech Seed
|
|-heal|p1a: Rillaboom|93\/100|[from] Grassy Terrain
|-damage|p2a: Falinks|88\/100|[from] Leech Seed|[of] p1a: Rillaboom
|-heal|p1a: Rillaboom|100\/100|[silent]
|upkeep
|turn|3
|
|t:|1615664212
|switch|p1a: Melmetal|Melmetal|100\/100
|move|p2a: Falinks|Swords Dance|p2a: Falinks
|-boost|p2a: Falinks|atk|2
|
|-heal|p2a: Falinks|94\/100|[from] Grassy Terrain
|-damage|p2a: Falinks|82\/100|[from] Leech Seed|[of] p1a: Melmetal
|upkeep
|turn|4
|
|t:|1615664218
|-formechange|p2a: Falinks|Falinks-Mega-Combat||[from] ability: Stance Change
|-message|Falinks changed to Combat formation!
|raw|<ul class="utilichart"><li class="result"><span class="col pokemonnamecol" style="white-space: nowrap">Falinks-Mega-Combat<\/span> <span class="col typecol"><img src="https:\/\/play.pokemonshowdown.com\/sprites\/types\/Fighting.png" alt="Fighting" height="14" width="32"><img src="https:\/\/play.pokemonshowdown.com\/sprites\/types\/Steel.png" alt="Steel" height="14" width="32"><\/span> <span style="float: left ; min-height: 26px"><span class="col abilitycol">Stance Change<\/span><span class="col abilitycol"><\/span><\/span><span style="float: left ; min-height: 26px"><span class="col statcol"><em>HP<\/em><br>65<\/span> <span class="col statcol"><em>Atk<\/em><br>160<\/span> <span class="col statcol"><em>Def<\/em><br>70<\/span> <span class="col statcol"><em>SpA<\/em><br>160<\/span> <span class="col statcol"><em>SpD<\/em><br>70<\/span> <span class="col statcol"><em>Spe<\/em><br>45<\/span> <\/span><\/li><li style="clear: both"><\/li><\/ul>
|move|p2a: Falinks|Close Combat|p1a: Melmetal
|-supereffective|p1a: Melmetal
|-damage|p1a: Melmetal|0 fnt
|-unboost|p2a: Falinks|def|1
|-unboost|p2a: Falinks|spd|1
|-damage|p2a: Falinks|65\/100|[from] item: Rocky Helmet|[of] p1a: Melmetal
|faint|p1a: Melmetal
|
|-heal|p2a: Falinks|71\/100|[from] Grassy Terrain
|upkeep
|
|t:|1615664245
|switch|p1a: Araquanid|Araquanid, F|100\/100
|turn|5
|
|t:|1615664256
|move|p2a: Falinks|Close Combat|p1a: Araquanid
|-resisted|p1a: Araquanid
|-damage|p1a: Araquanid|0 fnt
|-unboost|p2a: Falinks|def|1
|-unboost|p2a: Falinks|spd|1
|faint|p1a: Araquanid
|
|-heal|p2a: Falinks|77\/100|[from] Grassy Terrain
|upkeep
|
|t:|1615664266
|switch|p1a: Dhelmise|Dhelmise|100\/100
|turn|6
|
|t:|1615664272
|move|p1a: Dhelmise|Grassy Glide|p2a: Falinks
|-resisted|p2a: Falinks
|-damage|p2a: Falinks|0 fnt
|faint|p2a: Falinks
|
|upkeep
|
|t:|1615664281
|switch|p2a: Rillaboom|Rillaboom, M|100\/100
|-enditem|p2a: Rillaboom|Grassy Seed
|-boost|p2a: Rillaboom|def|1|[from] item: Grassy Seed
|turn|7
|
|t:|1615664288
|move|p1a: Dhelmise|Grassy Glide|p2a: Rillaboom
|-resisted|p2a: Rillaboom
|-damage|p2a: Rillaboom|70\/100
|move|p2a: Rillaboom|Swords Dance|p2a: Rillaboom
|-boost|p2a: Rillaboom|atk|2
|
|-heal|p2a: Rillaboom|76\/100|[from] Grassy Terrain
|upkeep
|turn|8
|c| Coppersmith|leech? 
|j| exploziff
|c| Coppersmith|dajg
|c| Coppersmith|dang
|c|☆Parcos|learn dhelmise, leech life
|c|☆Parcos|-_-
|
|t:|1615664335
|move|p1a: Dhelmise|Grassy Glide|p2a: Rillaboom
|-resisted|p2a: Rillaboom
|-damage|p2a: Rillaboom|49\/100
|move|p2a: Rillaboom|Knock Off|p1a: Dhelmise
|-supereffective|p1a: Dhelmise
|-damage|p1a: Dhelmise|0 fnt
|-enditem|p1a: Dhelmise|Choice Band|[from] move: Knock Off|[of] p2a: Rillaboom
|faint|p1a: Dhelmise
|
|-heal|p2a: Rillaboom|55\/100|[from] Grassy Terrain
|-fieldend|move: Grassy Terrain
|upkeep
|
|t:|1615664338
|switch|p1a: Typhlosion|Typhlosion, F|100\/100
|turn|9
|
|t:|1615664360
|switch|p2a: Swampert|Swampert, M|100\/100
|move|p1a: Typhlosion|Flamethrower|p2a: Swampert
|-resisted|p2a: Swampert
|-damage|p2a: Swampert|74\/100
|-damage|p1a: Typhlosion|91\/100|[from] item: Life Orb
|
|upkeep
|turn|10
|
|t:|1615664386
|switch|p1a: Rillaboom|Rillaboom, M|100\/100
|-fieldstart|move: Grassy Terrain|[from] ability: Grassy Surge|[of] p1a: Rillaboom
|move|p2a: Swampert|Flip Turn|p1a: Rillaboom
|-resisted|p1a: Rillaboom
|-damage|p1a: Rillaboom|76\/100
|
|t:|1615664393
|switch|p2a: Volcarona|Volcarona, M|100\/100|[from]move: Flip Turn
|
|-heal|p1a: Rillaboom|82\/100|[from] Grassy Terrain
|upkeep
|turn|11
|
|t:|1615664416
|move|p1a: Rillaboom|Grassy Glide|p2a: Volcarona
|-resisted|p2a: Volcarona
|-damage|p2a: Volcarona|81\/100
|move|p2a: Volcarona|Fiery Dance|p1a: Rillaboom
|-supereffective|p1a: Rillaboom
|-damage|p1a: Rillaboom|0 fnt
|-boost|p2a: Volcarona|spa|1
|faint|p1a: Rillaboom
|
|-heal|p2a: Volcarona|87\/100|[from] Grassy Terrain
|upkeep
|
|t:|1615664429
|switch|p1a: Typhlosion|Typhlosion, F|91\/100
|turn|12
|
|t:|1615664436
|move|p1a: Typhlosion|Flamethrower|p2a: Volcarona
|-damage|p2a: Volcarona|40\/100
|-damage|p1a: Typhlosion|81\/100|[from] item: Life Orb
|move|p2a: Volcarona|Bug Buzz|p1a: Typhlosion
|-resisted|p1a: Typhlosion
|-damage|p1a: Typhlosion|41\/100
|
|-heal|p1a: Typhlosion|47\/100|[from] Grassy Terrain
|-heal|p2a: Volcarona|46\/100|[from] Grassy Terrain
|upkeep
|turn|13
|
|t:|1615664446
|move|p2a: Volcarona|Quiver Dance|p2a: Volcarona
|-boost|p2a: Volcarona|spa|1
|-boost|p2a: Volcarona|spd|1
|-boost|p2a: Volcarona|spe|1
|move|p1a: Typhlosion|Flamethrower|p2a: Volcarona
|-damage|p2a: Volcarona|15\/100
|-damage|p1a: Typhlosion|37\/100|[from] item: Life Orb
|
|-heal|p2a: Volcarona|21\/100|[from] Grassy Terrain
|-heal|p1a: Typhlosion|43\/100|[from] Grassy Terrain
|upkeep
|turn|14
|
|t:|1615664453
|move|p2a: Volcarona|Roost|p2a: Volcarona
|-heal|p2a: Volcarona|71\/100
|-singleturn|p2a: Volcarona|move: Roost
|move|p1a: Typhlosion|Flamethrower|p2a: Volcarona
|-damage|p2a: Volcarona|40\/100
|-damage|p1a: Typhlosion|33\/100|[from] item: Life Orb
|
|-heal|p2a: Volcarona|46\/100|[from] Grassy Terrain
|-heal|p1a: Typhlosion|39\/100|[from] Grassy Terrain
|upkeep
|turn|15
|
|t:|1615664459
|move|p2a: Volcarona|Roost|p2a: Volcarona
|-heal|p2a: Volcarona|96\/100
|-singleturn|p2a: Volcarona|move: Roost
|move|p1a: Typhlosion|Flamethrower|p2a: Volcarona
|-damage|p2a: Volcarona|66\/100
|-damage|p1a: Typhlosion|29\/100|[from] item: Life Orb
|
|-heal|p2a: Volcarona|72\/100|[from] Grassy Terrain
|-heal|p1a: Typhlosion|36\/100|[from] Grassy Terrain
|upkeep
|turn|16
|c|☆Parcos|rip
|
|t:|1615664465
|move|p2a: Volcarona|Quiver Dance|p2a: Volcarona
|-boost|p2a: Volcarona|spa|1
|-boost|p2a: Volcarona|spd|1
|-boost|p2a: Volcarona|spe|1
|move|p1a: Typhlosion|Flamethrower|p2a: Volcarona
|-damage|p2a: Volcarona|50\/100
|-damage|p1a: Typhlosion|26\/100|[from] item: Life Orb
|
|-heal|p2a: Volcarona|56\/100|[from] Grassy Terrain
|-heal|p1a: Typhlosion|32\/100|[from] Grassy Terrain
|upkeep
|turn|17
|
|t:|1615664473
|move|p2a: Volcarona|Roost|p2a: Volcarona
|-heal|p2a: Volcarona|100\/100
|-singleturn|p2a: Volcarona|move: Roost
|move|p1a: Typhlosion|Flamethrower|p2a: Volcarona
|-damage|p2a: Volcarona|78\/100
|-damage|p1a: Typhlosion|22\/100|[from] item: Life Orb
|
|-heal|p2a: Volcarona|84\/100|[from] Grassy Terrain
|-heal|p1a: Typhlosion|28\/100|[from] Grassy Terrain
|-fieldend|move: Grassy Terrain
|upkeep
|turn|18
|
|t:|1615664489
|move|p2a: Volcarona|Quiver Dance|p2a: Volcarona
|-boost|p2a: Volcarona|spa|1
|-boost|p2a: Volcarona|spd|1
|-boost|p2a: Volcarona|spe|1
|move|p1a: Typhlosion|Flamethrower|p2a: Volcarona
|-damage|p2a: Volcarona|64\/100
|-damage|p1a: Typhlosion|18\/100|[from] item: Life Orb
|
|upkeep
|turn|19
|
|t:|1615664500
|move|p2a: Volcarona|Bug Buzz|p1a: Typhlosion
|-resisted|p1a: Typhlosion
|-damage|p1a: Typhlosion|0 fnt
|faint|p1a: Typhlosion
|
|upkeep
|
|t:|1615664502
|switch|p1a: Samurott|Samurott, M|100\/100
|turn|20
|
|t:|1615664507
|detailschange|p1a: Samurott|Samurott-Mega, M
|-mega|p1a: Samurott|Samurott|Samurite
|-start|p1a: Samurott|typechange|Water|[silent]
|raw|<ul class="utilichart"><li class="result"><span class="col pokemonnamecol" style="white-space: nowrap">Samurott-Mega<\/span> <span class="col typecol"><img src="https:\/\/play.pokemonshowdown.com\/sprites\/types\/Water.png" alt="Water" height="14" width="32"><\/span> <span style="float: left ; min-height: 26px"><span class="col abilitycol">Heavenly Techniques<\/span><span class="col abilitycol"><\/span><\/span><span style="float: left ; min-height: 26px"><span class="col statcol"><em>HP<\/em><br>95<\/span> <span class="col statcol"><em>Atk<\/em><br>153<\/span> <span class="col statcol"><em>Def<\/em><br>100<\/span> <span class="col statcol"><em>SpA<\/em><br>100<\/span> <span class="col statcol"><em>SpD<\/em><br>70<\/span> <span class="col statcol"><em>Spe<\/em><br>110<\/span> <\/span><\/li><li style="clear: both"><\/li><\/ul>
|move|p1a: Samurott|Razor Shell|p2a: Volcarona
|-supereffective|p2a: Volcarona
|-damage|p2a: Volcarona|0 fnt
|-status|p1a: Samurott|brn|[from] ability: Flame Body|[of] p2a: Volcarona
|faint|p2a: Volcarona
|
|-damage|p1a: Samurott|94\/100 brn|[from] brn
|upkeep
|c|☆Parcos|fewiouhijfoiwaejweflaowlfijwefalçwoijef
|c|☆Parcos|sad
|c|☆Parcos|gg
|c|+inkbug1|o o f
|
|t:|1615664520
|switch|p2a: Tapu Koko|Tapu Koko, shiny|31\/100
|-fieldstart|move: Electric Terrain|[from] ability: Electric Surge|[of] p2a: Tapu Koko
|turn|21
|c|☆Parcos|i almost when for psycho cut
|j| Paulluxx9000
|c|☆Parcos|but i wasnt sure if itd do it
|
|t:|1615664544
|-zpower|p2a: Tapu Koko
|move|p2a: Tapu Koko|Gigavolt Havoc|p1a: Samurott|[zeffect]
|-supereffective|p1a: Samurott
|-damage|p1a: Samurott|0 fnt
|faint|p1a: Samurott
|
|win|Bekama
|c|☆Parcos|gg
|l|☆Parcos
|l| Paulluxx9000</script>
</div>
<div class="battle-log battle-log-inline"><div class="inner"><div class="battle-options"><div style="padding-top: 3px; padding-right: 3px; text-align: right"><button class="icon button" name="openBattleOptions" title="Options">Battle Options</button></div></div><div class="inner message-log"><div class="chat"><small>☆Parcos and ☆Bekama joined</small></div><div class=""><small>Format:</small> <br><strong>[Gen 8] Megas for All</strong></div><div class=""><small><em>HP Percentage Mod:</em> HP is shown in percentages</small></div><div class=""><small><em>Endless Battle Clause:</em> Forcing endless battles is banned</small></div><div class=""><small><em>OHKO Clause:</em> OHKO moves are banned</small></div><div class=""><small><em>Evasion Moves Clause:</em> Evasion moves are banned</small></div><div class=""><small><em>Species Clause:</em> Limit one of each Pokémon</small></div><div class=""><small><em>Dynamax Clause:</em> You cannot dynamax</small></div><div class=""><small><em>Sleep Clause Mod:</em> Limit one foe put to sleep</small></div><div class=""><small><em>Freeze Clause Mod:</em> Limit one foe frozen</small></div><div class="chat"><img src="https://www.smogon.com/forums/attachments/banner_2-png.302358/" height="65" width="381"></div><div class="spacer battle-history"><br></div><div class="battle-history"><small>Welcome to Megas for All!</small><br></div><div class="battle-history"><small>This is a National Dex-based format where we aim to give a new Mega Evolution to every Pokémon.</small><br></div><div class="battle-history"><small>Just like any official format, you can still only Mega Evolve one Pokémon per team!</small><br></div><div class="battle-history"><small>You can find our thread and metagame resources here:</small><br></div><div class="battle-history"><small>https://www.smogon.com/forums/threads/3671140/</small><br></div><div class="chat battle-history"><strong>Parcos's team:</strong> <em style="color:#445566;display:block;">Samurott / Dhelmise / Rillaboom / Typhlosion / Melmetal / Araquanid</em></div><div class="chat battle-history"><strong>Bekama's team:</strong> <em style="color:#445566;display:block;">Falinks / Tapu Koko / Kommo-o / Swampert / Rillaboom / Volcarona</em></div><div class="chat chatmessage-parcos"><strong style="color:#9c0fc2"><small>☆</small><span class="username" data-name="Parcos">Parcos</span>:</strong> <em>gl hf</em></div><div class="chat"><small> Coppersmith joined</small></div><div class="chat chatmessage-bekama"><strong style="color:#ac8416"><small>☆</small><span class="username" data-name="Bekama">Bekama</span>:</strong> <em>u2</em></div><div class="chat chatmessage-parcos"><strong style="color:#9c0fc2"><small>☆</small><span class="username" data-name="Parcos">Parcos</span>:</strong> <em>ty</em></div><div class="chat chatmessage-coppersmith"><strong style="color:#0aa445"><small> </small><span class="username" data-name="Coppersmith">Coppersmith</span>:</strong> <em>uh oh</em></div><div class="chat chatmessage-parcos"><strong style="color:#9c0fc2"><small>☆</small><span class="username" data-name="Parcos">Parcos</span>:</strong> <em>wha</em></div><div class="chat chatmessage-coppersmith"><strong style="color:#0aa445"><small> </small><span class="username" data-name="Coppersmith">Coppersmith</span>:</strong> <em>thats an araquanid</em></div><div class="chat"><small>+inkbug1 joined</small></div><div class="chat chatmessage-parcos"><strong style="color:#9c0fc2"><small>☆</small><span class="username" data-name="Parcos">Parcos</span>:</strong> <em>uh</em></div><div class="chat chatmessage-parcos"><strong style="color:#9c0fc2"><small>☆</small><span class="username" data-name="Parcos">Parcos</span>:</strong> <em>maybe?</em></div><div class="spacer battle-history"><br></div><div class="battle-history">Battle started between Parcos and Bekama!<br></div><div class="spacer battle-history"><br></div><div class="battle-history">Go! <strong>Rillaboom</strong>!<br></div><div class="spacer battle-history"><br></div><div class="battle-history">Bekama sent out <strong>Tapu Koko</strong>!<br></div><div class="battle-history">[The opposing Tapu Koko's Electric Surge]<br><small>An electric current ran across the battlefield!</small><br></div><div class="battle-history">[Rillaboom's Grassy Surge]<br><small>Grass grew to cover the battlefield!</small><br></div><div class="spacer battle-history"><br></div><h2 class="battle-history">Turn 1</h2><div class="spacer battle-history"><br></div><div class="battle-history">Rillaboom used <strong>Grassy Glide</strong>!<br></div><div class="battle-history"><small>(The opposing Tapu Koko lost 69% of its health!)</small><br></div><div class="spacer battle-history"><br></div><div class="battle-history">The opposing Tapu Koko used <strong>Volt Switch</strong>!<br></div><div class="battle-history"><small>It's not very effective...</small><br></div><div class="battle-history"><small>(Rillaboom lost 19% of its health!)</small><br></div><div class="chat chatmessage-parcos"><strong style="color:#9c0fc2"><small>☆</small><span class="username" data-name="Parcos">Parcos</span>:</strong> <em>im joking, i know we cant use mega araquanid here</em></div><div class="chat chatmessage-parcos"><strong style="color:#9c0fc2"><small>☆</small><span class="username" data-name="Parcos">Parcos</span>:</strong> <em>oh nvm, we can</em></div><div class="chat chatmessage-parcos"><strong style="color:#9c0fc2"><small>☆</small><span class="username" data-name="Parcos">Parcos</span>:</strong> <em>lmao</em></div><div class="spacer battle-history"><br></div><div class="battle-history">The opposing Tapu Koko went back to Bekama!<br></div><div class="battle-history">Bekama sent out <strong>Falinks</strong>!<br></div><div class="spacer battle-history"><br></div><div class="battle-history"><small>Rillaboom's HP was restored.</small><br></div><div class="spacer battle-history"><br></div><h2 class="battle-history">Turn 2</h2><div class="spacer battle-history"><br></div><div class="battle-history"><small>The opposing Falinks's Falinksite is reacting to the Key Stone!</small><br>The opposing Falinks has Mega Evolved into Mega Falinks!<br></div><div class="chat"><ul class="utilichart"><li class="result"><span class="col pokemonnamecol" style="white-space: nowrap">Falinks-Mega-Legion</span> <span class="col typecol"><img src="https://play.pokemonshowdown.com/sprites/types/Fighting.png" alt="Fighting" height="14" width="32"><img src="https://play.pokemonshowdown.com/sprites/types/Steel.png" alt="Steel" height="14" width="32"></span> <span style="float: left ; min-height: 26px"><span class="col abilitycol">Stance Change</span><span class="col abilitycol"></span></span><span style="float: left ; min-height: 26px"><span class="col statcol"><em>HP</em><br>65</span> <span class="col statcol"><em>Atk</em><br>65</span> <span class="col statcol"><em>Def</em><br>130</span> <span class="col statcol"><em>SpA</em><br>65</span> <span class="col statcol"><em>SpD</em><br>130</span> <span class="col statcol"><em>Spe</em><br>115</span> </span></li><li style="clear: both"></li></ul></div><div class="spacer battle-history"><br></div><div class="battle-history">The opposing Falinks used <strong>Swords Dance</strong>!<br></div><div class="battle-history"><small>The opposing Falinks's Attack rose sharply!</small><br></div><div class="spacer battle-history"><br></div><div class="battle-history">Rillaboom used <strong>Leech Seed</strong>!<br></div><div class="battle-history"><small>The opposing Falinks was seeded!</small><br></div><div class="spacer battle-history"><br></div><div class="battle-history"><small>Rillaboom's HP was restored.</small><br></div><div class="battle-history"><small>The opposing Falinks's health is sapped by Leech Seed!</small><br></div><div class="spacer battle-history"><br></div><h2 class="battle-history">Turn 3</h2><div class="spacer battle-history"><br></div><div class="battle-history">Rillaboom, come back!<br></div><div class="battle-history">Go! <strong>Melmetal</strong>!<br></div><div class="spacer battle-history"><br></div><div class="battle-history">The opposing Falinks used <strong>Swords Dance</strong>!<br></div><div class="battle-history"><small>The opposing Falinks's Attack rose sharply!</small><br></div><div class="spacer battle-history"><br></div><div class="battle-history"><small>The opposing Falinks's HP was restored.</small><br></div><div class="battle-history"><small>The opposing Falinks's health is sapped by Leech Seed!</small><br></div><div class="spacer battle-history"><br></div><h2 class="battle-history">Turn 4</h2><div class="spacer battle-history"><br></div><div class="battle-history">[The opposing Falinks's Stance Change]<br></div><div class="battle-history"><small>Falinks changed to Combat formation!</small><br></div><div class="chat"><ul class="utilichart"><li class="result"><span class="col pokemonnamecol" style="white-space: nowrap">Falinks-Mega-Combat</span> <span class="col typecol"><img src="https://play.pokemonshowdown.com/sprites/types/Fighting.png" alt="Fighting" height="14" width="32"><img src="https://play.pokemonshowdown.com/sprites/types/Steel.png" alt="Steel" height="14" width="32"></span> <span style="float: left ; min-height: 26px"><span class="col abilitycol">Stance Change</span><span class="col abilitycol"></span></span><span style="float: left ; min-height: 26px"><span class="col statcol"><em>HP</em><br>65</span> <span class="col statcol"><em>Atk</em><br>160</span> <span class="col statcol"><em>Def</em><br>70</span> <span class="col statcol"><em>SpA</em><br>160</span> <span class="col statcol"><em>SpD</em><br>70</span> <span class="col statcol"><em>Spe</em><br>45</span> </span></li><li style="clear: both"></li></ul></div><div class="spacer battle-history"><br></div><div class="battle-history">The opposing Falinks used <strong>Close Combat</strong>!<br></div><div class="battle-history"><small>It's super effective!</small><br></div><div class="battle-history"><small>(Melmetal lost 100% of its health!)</small><br></div><div class="battle-history"><small>The opposing Falinks's Defense fell!</small><br></div><div class="battle-history"><small>The opposing Falinks's Sp. Def fell!</small><br></div><div class="battle-history"><small>The opposing Falinks was hurt by the Rocky Helmet!</small><br></div><div class="spacer battle-history"><br></div><div class="battle-history">Melmetal fainted!<br></div><div class="spacer battle-history"><br></div><div class="battle-history"><small>The opposing Falinks's HP was restored.</small><br></div><div class="spacer battle-history"><br></div><div class="battle-history">Go! <strong>Araquanid</strong>!<br></div><div class="spacer battle-history"><br></div><h2 class="battle-history">Turn 5</h2><div class="spacer battle-history"><br></div><div class="battle-history">The opposing Falinks used <strong>Close Combat</strong>!<br></div><div class="battle-history"><small>It's not very effective...</small><br></div><div class="battle-history"><small>(Araquanid lost 100% of its health!)</small><br></div><div class="battle-history"><small>The opposing Falinks's Defense fell!</small><br></div><div class="battle-history"><small>The opposing Falinks's Sp. Def fell!</small><br></div><div class="spacer battle-history"><br></div><div class="battle-history">Araquanid fainted!<br></div><div class="spacer battle-history"><br></div><div class="battle-history"><small>The opposing Falinks's HP was restored.</small><br></div><div class="spacer battle-history"><br></div><div class="battle-history">Go! <strong>Dhelmise</strong>!<br></div><div class="spacer battle-history"><br></div><h2 class="battle-history">Turn 6</h2><div class="spacer battle-history"><br></div><div class="battle-history">Dhelmise used <strong>Grassy Glide</strong>!<br></div><div class="battle-history"><small>It's not very effective...</small><br></div><div class="battle-history"><small>(The opposing Falinks lost 77% of its health!)</small><br></div><div class="spacer battle-history"><br></div><div class="battle-history">The opposing Falinks fainted!<br></div><div class="spacer battle-history"><br></div><div class="battle-history">Bekama sent out <strong>Rillaboom</strong>!<br></div><div class="battle-history"><small>(The opposing Rillaboom used its Grassy Seed!)</small><br></div><div class="battle-history"><small>The Grassy Seed raised the opposing Rillaboom's Defense!</small><br></div><div class="spacer battle-history"><br></div><h2 class="battle-history">Turn 7</h2><div class="spacer battle-history"><br></div><div class="battle-history">Dhelmise used <strong>Grassy Glide</strong>!<br></div><div class="battle-history"><small>It's not very effective...</small><br></div><div class="battle-history"><small>(The opposing Rillaboom lost 30% of its health!)</small><br></div><div class="spacer battle-history"><br></div><div class="battle-history">The opposing Rillaboom used <strong>Swords Dance</strong>!<br></div><div class="battle-history"><small>The opposing Rillaboom's Attack rose sharply!</small><br></div><div class="spacer battle-history"><br></div><div class="battle-history"><small>The opposing Rillaboom's HP was restored.</small><br></div><div class="spacer battle-history"><br></div><h2 class="battle-history">Turn 8</h2><div class="chat chatmessage-coppersmith"><strong style="color:#0aa445"><small> </small><span class="username" data-name="Coppersmith">Coppersmith</span>:</strong> <em>leech? </em></div><div class="chat"><small> exploziff joined</small></div><div class="chat chatmessage-coppersmith"><strong style="color:#0aa445"><small> </small><span class="username" data-name="Coppersmith">Coppersmith</span>:</strong> <em>dajg</em></div><div class="chat chatmessage-coppersmith"><strong style="color:#0aa445"><small> </small><span class="username" data-name="Coppersmith">Coppersmith</span>:</strong> <em>dang</em></div><div class="chat chatmessage-parcos"><strong style="color:#9c0fc2"><small>☆</small><span class="username" data-name="Parcos">Parcos</span>:</strong> <em>learn dhelmise, leech life</em></div><div class="chat chatmessage-parcos"><strong style="color:#9c0fc2"><small>☆</small><span class="username" data-name="Parcos">Parcos</span>:</strong> <em>-_-</em></div><div class="spacer battle-history"><br></div><div class="battle-history">Dhelmise used <strong>Grassy Glide</strong>!<br></div><div class="battle-history"><small>It's not very effective...</small><br></div><div class="battle-history"><small>(The opposing Rillaboom lost 27% of its health!)</small><br></div><div class="spacer battle-history"><br></div><div class="battle-history">The opposing Rillaboom used <strong>Knock Off</strong>!<br></div><div class="battle-history"><small>It's super effective!</small><br></div><div class="battle-history"><small>(Dhelmise lost 100% of its health!)</small><br></div><div class="battle-history"><small>The opposing Rillaboom knocked off Dhelmise's Choice Band!</small><br></div><div class="spacer battle-history"><br></div><div class="battle-history">Dhelmise fainted!<br></div><div class="spacer battle-history"><br></div><div class="battle-history"><small>The opposing Rillaboom's HP was restored.</small><br></div><div class="battle-history"><small>The grass disappeared from the battlefield.</small><br></div><div class="spacer battle-history"><br></div><div class="battle-history">Go! <strong>Typhlosion</strong>!<br></div><div class="spacer battle-history"><br></div><h2 class="battle-history">Turn 9</h2><div class="spacer battle-history"><br></div><div class="battle-history">Bekama withdrew Rillaboom!<br></div><div class="battle-history">Bekama sent out <strong>Swampert</strong>!<br></div><div class="spacer battle-history"><br></div><div class="battle-history">Typhlosion used <strong>Flamethrower</strong>!<br></div><div class="battle-history"><small>It's not very effective...</small><br></div><div class="battle-history"><small>(The opposing Swampert lost 26% of its health!)</small><br></div><div class="battle-history"><small>Typhlosion lost some of its HP!</small><br></div><div class="spacer battle-history"><br></div><h2 class="battle-history">Turn 10</h2><div class="spacer battle-history"><br></div><div class="battle-history">Typhlosion, come back!<br></div><div class="battle-history">Go! <strong>Rillaboom</strong>!<br></div><div class="battle-history">[Rillaboom's Grassy Surge]<br><small>Grass grew to cover the battlefield!</small><br></div><div class="spacer battle-history"><br></div><div class="battle-history">The opposing Swampert used <strong>Flip Turn</strong>!<br></div><div class="battle-history"><small>It's not very effective...</small><br></div><div class="battle-history"><small>(Rillaboom lost 24% of its health!)</small><br></div><div class="spacer battle-history"><br></div><div class="battle-history">Bekama withdrew Swampert!<br></div><div class="battle-history">Bekama sent out <strong>Volcarona</strong>!<br></div><div class="spacer battle-history"><br></div><div class="battle-history"><small>Rillaboom's HP was restored.</small><br></div><div class="spacer battle-history"><br></div><h2 class="battle-history">Turn 11</h2><div class="spacer battle-history"><br></div><div class="battle-history">Rillaboom used <strong>Grassy Glide</strong>!<br></div><div class="battle-history"><small>It's not very effective...</small><br></div><div class="battle-history"><small>(The opposing Volcarona lost 19% of its health!)</small><br></div><div class="spacer battle-history"><br></div><div class="battle-history">The opposing Volcarona used <strong>Fiery Dance</strong>!<br></div><div class="battle-history"><small>It's super effective!</small><br></div><div class="battle-history"><small>(Rillaboom lost 82% of its health!)</small><br></div><div class="battle-history"><small>The opposing Volcarona's Sp. Atk rose!</small><br></div><div class="spacer battle-history"><br></div><div class="battle-history">Rillaboom fainted!<br></div><div class="spacer battle-history"><br></div><div class="battle-history"><small>The opposing Volcarona's HP was restored.</small><br></div><div class="spacer battle-history"><br></div><div class="battle-history">Go! <strong>Typhlosion</strong>!<br></div><div class="spacer battle-history"><br></div><h2 class="battle-history">Turn 12</h2><div class="spacer battle-history"><br></div><div class="battle-history">Typhlosion used <strong>Flamethrower</strong>!<br></div><div class="battle-history"><small>(The opposing Volcarona lost 47% of its health!)</small><br></div><div class="battle-history"><small>Typhlosion lost some of its HP!</small><br></div><div class="spacer battle-history"><br></div><div class="battle-history">The opposing Volcarona used <strong>Bug Buzz</strong>!<br></div><div class="battle-history"><small>It's not very effective...</small><br></div><div class="battle-history"><small>(Typhlosion lost 40% of its health!)</small><br></div><div class="spacer battle-history"><br></div><div class="battle-history"><small>Typhlosion's HP was restored.</small><br></div><div class="battle-history"><small>The opposing Volcarona's HP was restored.</small><br></div><div class="spacer battle-history"><br></div><h2 class="battle-history">Turn 13</h2><div class="spacer battle-history"><br></div><div class="battle-history">The opposing Volcarona used <strong>Quiver Dance</strong>!<br></div><div class="battle-history"><small>The opposing Volcarona's Sp. Atk rose!</small><br></div><div class="battle-history"><small>The opposing Volcarona's Sp. Def rose!</small><br></div><div class="battle-history"><small>The opposing Volcarona's Speed rose!</small><br></div><div class="spacer battle-history"><br></div><div class="battle-history">Typhlosion used <strong>Flamethrower</strong>!<br></div><div class="battle-history"><small>(The opposing Volcarona lost 31% of its health!)</small><br></div><div class="battle-history"><small>Typhlosion lost some of its HP!</small><br></div><div class="spacer battle-history"><br></div><div class="battle-history"><small>The opposing Volcarona's HP was restored.</small><br></div><div class="battle-history"><small>Typhlosion's HP was restored.</small><br></div><div class="spacer battle-history"><br></div><h2 class="battle-history">Turn 14</h2><div class="spacer battle-history"><br></div><div class="battle-history">The opposing Volcarona used <strong>Roost</strong>!<br></div><div class="battle-history"><small>The opposing Volcarona had its HP restored.</small><br></div><div class="spacer battle-history"><br></div><div class="battle-history">Typhlosion used <strong>Flamethrower</strong>!<br></div><div class="battle-history"><small>(The opposing Volcarona lost 31% of its health!)</small><br></div><div class="battle-history"><small>Typhlosion lost some of its HP!</small><br></div><div class="spacer battle-history"><br></div><div class="battle-history"><small>The opposing Volcarona's HP was restored.</small><br></div><div class="battle-history"><small>Typhlosion's HP was restored.</small><br></div><div class="spacer battle-history"><br></div><h2 class="battle-history">Turn 15</h2><div class="spacer battle-history"><br></div><div class="battle-history">The opposing Volcarona used <strong>Roost</strong>!<br></div><div class="battle-history"><small>The opposing Volcarona had its HP restored.</small><br></div><div class="spacer battle-history"><br></div><div class="battle-history">Typhlosion used <strong>Flamethrower</strong>!<br></div><div class="battle-history"><small>(The opposing Volcarona lost 30% of its health!)</small><br></div><div class="battle-history"><small>Typhlosion lost some of its HP!</small><br></div><div class="spacer battle-history"><br></div><div class="battle-history"><small>The opposing Volcarona's HP was restored.</small><br></div><div class="battle-history"><small>Typhlosion's HP was restored.</small><br></div><div class="spacer battle-history"><br></div><h2 class="battle-history">Turn 16</h2><div class="chat chatmessage-parcos"><strong style="color:#9c0fc2"><small>☆</small><span class="username" data-name="Parcos">Parcos</span>:</strong> <em>rip</em></div><div class="spacer battle-history"><br></div><div class="battle-history">The opposing Volcarona used <strong>Quiver Dance</strong>!<br></div><div class="battle-history"><small>The opposing Volcarona's Sp. Atk rose!</small><br></div><div class="battle-history"><small>The opposing Volcarona's Sp. Def rose!</small><br></div><div class="battle-history"><small>The opposing Volcarona's Speed rose!</small><br></div><div class="spacer battle-history"><br></div><div class="battle-history">Typhlosion used <strong>Flamethrower</strong>!<br></div><div class="battle-history"><small>(The opposing Volcarona lost 22% of its health!)</small><br></div><div class="battle-history"><small>Typhlosion lost some of its HP!</small><br></div><div class="spacer battle-history"><br></div><div class="battle-history"><small>The opposing Volcarona's HP was restored.</small><br></div><div class="battle-history"><small>Typhlosion's HP was restored.</small><br></div><div class="spacer battle-history"><br></div><h2 class="battle-history">Turn 17</h2><div class="spacer battle-history"><br></div><div class="battle-history">The opposing Volcarona used <strong>Roost</strong>!<br></div><div class="battle-history"><small>The opposing Volcarona had its HP restored.</small><br></div><div class="spacer battle-history"><br></div><div class="battle-history">Typhlosion used <strong>Flamethrower</strong>!<br></div><div class="battle-history"><small>(The opposing Volcarona lost 22% of its health!)</small><br></div><div class="battle-history"><small>Typhlosion lost some of its HP!</small><br></div><div class="spacer battle-history"><br></div><div class="battle-history"><small>The opposing Volcarona's HP was restored.</small><br></div><div class="battle-history"><small>Typhlosion's HP was restored.</small><br></div><div class="battle-history"><small>The grass disappeared from the battlefield.</small><br></div><div class="spacer battle-history"><br></div><h2 class="battle-history">Turn 18</h2><div class="spacer battle-history"><br></div><div class="battle-history">The opposing Volcarona used <strong>Quiver Dance</strong>!<br></div><div class="battle-history"><small>The opposing Volcarona's Sp. Atk rose!</small><br></div><div class="battle-history"><small>The opposing Volcarona's Sp. Def rose!</small><br></div><div class="battle-history"><small>The opposing Volcarona's Speed rose!</small><br></div><div class="spacer battle-history"><br></div><div class="battle-history">Typhlosion used <strong>Flamethrower</strong>!<br></div><div class="battle-history"><small>(The opposing Volcarona lost 20% of its health!)</small><br></div><div class="battle-history"><small>Typhlosion lost some of its HP!</small><br></div><div class="spacer battle-history"><br></div><h2 class="battle-history">Turn 19</h2><div class="spacer battle-history"><br></div><div class="battle-history">The opposing Volcarona used <strong>Bug Buzz</strong>!<br></div><div class="battle-history"><small>It's not very effective...</small><br></div><div class="battle-history"><small>(Typhlosion lost 18% of its health!)</small><br></div><div class="spacer battle-history"><br></div><div class="battle-history">Typhlosion fainted!<br></div><div class="spacer battle-history"><br></div><div class="battle-history">Go! <strong>Samurott</strong>!<br></div><div class="spacer battle-history"><br></div><h2 class="battle-history">Turn 20</h2><div class="spacer battle-history"><br></div><div class="battle-history"><small>Samurott's Samurite is reacting to the Key Stone!</small><br>Samurott has Mega Evolved into Mega Samurott!<br></div><div class="chat"><ul class="utilichart"><li class="result"><span class="col pokemonnamecol" style="white-space: nowrap">Samurott-Mega</span> <span class="col typecol"><img src="https://play.pokemonshowdown.com/sprites/types/Water.png" alt="Water" height="14" width="32"></span> <span style="float: left ; min-height: 26px"><span class="col abilitycol">Heavenly Techniques</span><span class="col abilitycol"></span></span><span style="float: left ; min-height: 26px"><span class="col statcol"><em>HP</em><br>95</span> <span class="col statcol"><em>Atk</em><br>153</span> <span class="col statcol"><em>Def</em><br>100</span> <span class="col statcol"><em>SpA</em><br>100</span> <span class="col statcol"><em>SpD</em><br>70</span> <span class="col statcol"><em>Spe</em><br>110</span> </span></li><li style="clear: both"></li></ul></div><div class="spacer battle-history"><br></div><div class="battle-history">Samurott used <strong>Razor Shell</strong>!<br></div><div class="battle-history"><small>It's super effective!</small><br></div><div class="battle-history"><small>(The opposing Volcarona lost 64% of its health!)</small><br></div><div class="battle-history">[The opposing Volcarona's Flame Body]<br><small>Samurott was burned!</small><br></div><div class="spacer battle-history"><br></div><div class="battle-history">The opposing Volcarona fainted!<br></div><div class="spacer battle-history"><br></div><div class="battle-history"><small>Samurott was hurt by its burn!</small><br></div><div class="chat chatmessage-parcos"><strong style="color:#9c0fc2"><small>☆</small><span class="username" data-name="Parcos">Parcos</span>:</strong> <em>fewiouhijfoiwaejweflaowlfijwefalçwoijef</em></div><div class="chat chatmessage-parcos"><strong style="color:#9c0fc2"><small>☆</small><span class="username" data-name="Parcos">Parcos</span>:</strong> <em>sad</em></div><div class="chat chatmessage-parcos"><strong style="color:#9c0fc2"><small>☆</small><span class="username" data-name="Parcos">Parcos</span>:</strong> <em>gg</em></div><div class="chat chatmessage-inkbug1 mine"><strong style="color:#e46e0f"><small>+</small><span class="username" data-name="inkbug1">inkbug1</span>:</strong> <em>o o f</em></div><div class="spacer battle-history"><br></div><div class="battle-history">Bekama sent out <strong>Tapu Koko</strong>!<br></div><div class="battle-history">[The opposing Tapu Koko's Electric Surge]<br><small>An electric current ran across the battlefield!</small><br></div><div class="spacer battle-history"><br></div><h2 class="battle-history">Turn 21</h2><div class="chat chatmessage-parcos"><strong style="color:#9c0fc2"><small>☆</small><span class="username" data-name="Parcos">Parcos</span>:</strong> <em>i almost when for psycho cut</em></div><div class="chat"><small> Paulluxx9000 joined</small></div><div class="chat chatmessage-parcos"><strong style="color:#9c0fc2"><small>☆</small><span class="username" data-name="Parcos">Parcos</span>:</strong> <em>but i wasnt sure if itd do it</em></div><div class="spacer battle-history"><br></div><div class="battle-history"><small>The opposing Tapu Koko surrounded itself with its Z-Power!</small><br></div><div class="spacer battle-history"><br></div><div class="battle-history"><small>The opposing Tapu Koko unleashes its full-force Z-Move!</small><br>The opposing Tapu Koko used <strong>Gigavolt Havoc</strong>!<br></div><div class="battle-history"><small>It's super effective!</small><br></div><div class="battle-history"><small>(Samurott lost 94% of its health!)</small><br></div><div class="spacer battle-history"><br></div><div class="battle-history">Samurott fainted!<br></div><div class="spacer battle-history"><br></div><div class="battle-history"><strong>Bekama</strong> won the battle!<br></div><div class="chat chatmessage-parcos"><strong style="color:#9c0fc2"><small>☆</small><span class="username" data-name="Parcos">Parcos</span>:</strong> <em>gg</em></div><div class="chat"><small>☆Parcos and  Paulluxx9000 left</small></div></div><div class="inner-preempt message-log"></div></div></div>
</div>
<script>
let daily = Math.floor(Date.now()/1000/60/60/24);document.write('<script src="https://dragonheaven.herokuapp.com/js/replay-embed.js?version'+daily+'"></'+'script>');
</script>
