<!DOCTYPE html>
<meta charset="utf-8" />
<!-- version 1 -->
<title>[Gen 8] M4A Random Battle replay: inkbug1 vs. BotwNerd745</title>
<style>
html,body {font-family:Verdana, sans-serif;font-size:10pt;margin:0;padding:0;}body{padding:12px 0;} .battle-log {font-family:Verdana, sans-serif;font-size:10pt;} .battle-log-inline {border:1px solid #AAAAAA;background:#EEF2F5;color:black;max-width:640px;margin:0 auto 80px;padding-bottom:5px;} .battle-log .inner {padding:4px 8px 0px 8px;} .battle-log .inner-preempt {padding:0 8px 4px 8px;} .battle-log .inner-after {margin-top:0.5em;} .battle-log h2 {margin:0.5em -8px;padding:4px 8px;border:1px solid #AAAAAA;background:#E0E7EA;border-left:0;border-right:0;font-family:Verdana, sans-serif;font-size:13pt;} .battle-log .chat {vertical-align:middle;padding:3px 0 3px 0;font-size:8pt;} .battle-log .chat strong {color:#40576A;} .battle-log .chat em {padding:1px 4px 1px 3px;color:#000000;font-style:normal;} .chat.mine {background:rgba(0,0,0,0.05);margin-left:-8px;margin-right:-8px;padding-left:8px;padding-right:8px;} .spoiler {color:#BBBBBB;background:#BBBBBB;padding:0px 3px;} .spoiler:hover, .spoiler:active, .spoiler-shown {color:#000000;background:#E2E2E2;padding:0px 3px;} .spoiler a {color:#BBBBBB;} .spoiler:hover a, .spoiler:active a, .spoiler-shown a {color:#2288CC;} .chat code, .chat .spoiler:hover code, .chat .spoiler:active code, .chat .spoiler-shown code {border:1px solid #C0C0C0;background:#EEEEEE;color:black;padding:0 2px;} .chat .spoiler code {border:1px solid #CCCCCC;background:#CCCCCC;color:#CCCCCC;} .battle-log .rated {padding:3px 4px;} .battle-log .rated strong {color:white;background:#89A;padding:1px 4px;border-radius:4px;} .spacer {margin-top:0.5em;} .message-announce {background:#6688AA;color:white;padding:1px 4px 2px;} .message-announce a, .broadcast-green a, .broadcast-blue a, .broadcast-red a {color:#DDEEFF;} .broadcast-green {background-color:#559955;color:white;padding:2px 4px;} .broadcast-blue {background-color:#6688AA;color:white;padding:2px 4px;} .infobox {border:1px solid #6688AA;padding:2px 4px;} .infobox-limited {max-height:200px;overflow:auto;overflow-x:hidden;} .broadcast-red {background-color:#AA5544;color:white;padding:2px 4px;} .message-learn-canlearn {font-weight:bold;color:#228822;text-decoration:underline;} .message-learn-cannotlearn {font-weight:bold;color:#CC2222;text-decoration:underline;} .message-effect-weak {font-weight:bold;color:#CC2222;} .message-effect-resist {font-weight:bold;color:#6688AA;} .message-effect-immune {font-weight:bold;color:#666666;} .message-learn-list {margin-top:0;margin-bottom:0;} .message-throttle-notice, .message-error {color:#992222;} .message-overflow, .chat small.message-overflow {font-size:0pt;} .message-overflow::before {font-size:9pt;content:'...';} .subtle {color:#3A4A66;}
</style>
<div class="wrapper replay-wrapper" style="max-width:1180px;margin:0 auto">
<input type="hidden" name="replayid" value="dragonheaven-gen8m4arandombattle-291" />
<div class="battle"></div><div class="battle-log"></div><div class="replay-controls"></div><div class="replay-controls-2"></div>
<h1 style="font-weight:normal;text-align:center"><strong>[Gen 8] M4A Random Battle</strong><br /><a href="http://pokemonshowdown.com/users/inkbug1" class="subtle" target="_blank">inkbug1</a> vs. <a href="http://pokemonshowdown.com/users/botwnerd745" class="subtle" target="_blank">BotwNerd745</a></h1>
<script type="text/plain" class="battle-log-data">|j|☆inkbug1

|j|☆BotwNerd745
|t:|1624995785
|player|p1|inkbug1|burgh|
|player|p2|BotwNerd745|hilda-dueldisk|
|teamsize|p1|6
|teamsize|p2|6
|gametype|singles
|gen|8
|tier|[Gen 8] M4A Random Battle
|rule|Dynamax Clause: You cannot dynamax
|rule|Species Clause: Limit one of each Pokémon
|rule|HP Percentage Mod: HP is shown in percentages
|rule|Sleep Clause Mod: Limit one foe put to sleep
|rule|Freeze Clause Mod: Limit one foe frozen
|raw|<img src="https:\/\/www.smogon.com\/forums\/attachments\/banner_2-png.302358\/" height="65" width="381">
|-message|Welcome to Megas for All!
|-message|This is a National Dex-based format where we aim to give a new Mega Evolution to every Pokémon.
|-message|Just like any official format, you can still only Mega Evolve one Pokémon per team!
|-message|You can find our thread and metagame resources here:
|-message|https:\/\/www.smogon.com\/forums\/threads\/3671140\/
|-message|Your Mega Evolution this match is:
|-hint|Froslass-Mega (Ice\/Ghost); Ability: Magic Bounce (This Pokemon blocks certain status moves and bounces them back to the user.); Stats: 70 HP \/ 130 Atk \/ 95 Def \/ 80 SpA \/ 90 SpD \/ 115 Spe;
|-message|Use the command \/dt for more information!
|
|t:|1624995785
|start
|switch|p1a: Xerneas|Xerneas, L78|325\/325
|switch|p2a: Cursola|Cursola, L88, M|100\/100
|-ability|p1a: Xerneas|Fairy Aura
|turn|1
|
|t:|1624995816
|switch|p1a: Hydreigon|Hydreigon, L82, M|285\/285
|move|p2a: Cursola|Stealth Rock|p1a: Hydreigon
|-sidestart|p1: inkbug1|move: Stealth Rock
|
|upkeep
|turn|2
|
|t:|1624995823
|move|p1a: Hydreigon|Dark Pulse|p2a: Cursola
|-supereffective|p2a: Cursola
|-damage|p2a: Cursola|27\/100
|-damage|p1a: Hydreigon|257\/285|[from] item: Life Orb
|cant|p2a: Cursola|flinch
|
|-heal|p2a: Cursola|33\/100|[from] item: Leftovers
|upkeep
|turn|3
|c|☆inkbug1|ah shit sr
|
|t:|1624995833
|move|p1a: Hydreigon|Dark Pulse|p2a: Cursola
|-supereffective|p2a: Cursola
|-damage|p2a: Cursola|0 fnt
|-damage|p1a: Hydreigon|229\/285|[from] item: Life Orb
|faint|p2a: Cursola
|
|upkeep
|
|t:|1624995849
|switch|p2a: Tapu Fini|Tapu Fini, L80|100\/100
|-fieldstart|move: Misty Terrain|[from] ability: Misty Surge|[of] p2a: Tapu Fini
|turn|4
|j| Skw1234
|c| Skw1234|Oh no
|c|☆inkbug1|hmm
|c|☆inkbug1|i dont really
|c|☆inkbug1|have anything for this 
|
|t:|1624995901
|switch|p1a: Illumise|Illumise, L88, F|258\/258
|move|p2a: Tapu Fini|Taunt|p1a: Illumise
|-start|p1a: Illumise|move: Taunt
|
|upkeep
|turn|5
|
|t:|1624995908
|move|p1a: Illumise|U-turn|p2a: Tapu Fini
|-resisted|p2a: Tapu Fini
|-damage|p2a: Tapu Fini|93\/100
|c| Skw1234|Oops
|
|t:|1624995919
|switch|p1a: Golduck|Golduck, L88, M|284\/284
|-damage|p1a: Golduck|249\/284|[from] Stealth Rock
|move|p2a: Tapu Fini|Moonblast|p1a: Golduck
|-damage|p1a: Golduck|159\/284
|
|-heal|p2a: Tapu Fini|99\/100|[from] item: Leftovers
|upkeep
|turn|6
|
|t:|1624995932
|move|p1a: Golduck|Psyshock|p2a: Tapu Fini
|-damage|p2a: Tapu Fini|70\/100
|-damage|p1a: Golduck|131\/284|[from] item: Life Orb
|move|p2a: Tapu Fini|Moonblast|p1a: Golduck
|-damage|p1a: Golduck|46\/284
|
|-heal|p2a: Tapu Fini|76\/100|[from] item: Leftovers
|upkeep
|turn|7
|
|t:|1624995942
|move|p1a: Golduck|Psyshock|p2a: Tapu Fini
|-damage|p2a: Tapu Fini|50\/100
|-damage|p1a: Golduck|18\/284|[from] item: Life Orb
|move|p2a: Tapu Fini|Moonblast|p1a: Golduck
|-damage|p1a: Golduck|0 fnt
|faint|p1a: Golduck
|
|-heal|p2a: Tapu Fini|56\/100|[from] item: Leftovers
|upkeep
|
|t:|1624995958
|switch|p1a: Froslass|Froslass, L84, F|255\/255
|-damage|p1a: Froslass|192\/255|[from] Stealth Rock
|turn|8
|
|t:|1624995968
|detailschange|p1a: Froslass|Froslass-Mega, L84, F
|-mega|p1a: Froslass|Froslass|Froslassite
|-start|p1a: Froslass|typechange|Ice\/Ghost|[silent]
|raw|<ul class="utilichart"><li class="result"><span class="col pokemonnamecol" style="white-space: nowrap">Froslass-Mega<\/span> <span class="col typecol"><img src="https:\/\/play.pokemonshowdown.com\/sprites\/types\/Ice.png" alt="Ice" height="14" width="32"><img src="https:\/\/play.pokemonshowdown.com\/sprites\/types\/Ghost.png" alt="Ghost" height="14" width="32"><\/span> <span style="float: left ; min-height: 26px"><span class="col abilitycol">Magic Bounce<\/span><span class="col abilitycol"><\/span><\/span><span style="float: left ; min-height: 26px"><span class="col statcol"><em>HP<\/em><br>70<\/span> <span class="col statcol"><em>Atk<\/em><br>130<\/span> <span class="col statcol"><em>Def<\/em><br>95<\/span> <span class="col statcol"><em>SpA<\/em><br>80<\/span> <span class="col statcol"><em>SpD<\/em><br>90<\/span> <span class="col statcol"><em>Spe<\/em><br>115<\/span> <\/span><\/li><li style="clear: both"><\/li><\/ul>
|move|p1a: Froslass|Poltergeist|p2a: Tapu Fini
|-activate|p2a: Tapu Fini|move: Poltergeist|Leftovers
|-damage|p2a: Tapu Fini|1\/100
|move|p2a: Tapu Fini|Taunt|p1a: Froslass
|move|p1a: Froslass|Taunt|p2a: Tapu Fini|[from]ability: Magic Bounce
|-start|p2a: Tapu Fini|move: Taunt
|
|-heal|p2a: Tapu Fini|7\/100|[from] item: Leftovers
|-fieldend|Misty Terrain
|upkeep
|turn|9
|
|t:|1624995988
|move|p1a: Froslass|Triple Axel|p2a: Tapu Fini
|-resisted|p2a: Tapu Fini
|-damage|p2a: Tapu Fini|3\/100
|-resisted|p2a: Tapu Fini
|-damage|p2a: Tapu Fini|0 fnt
|-hitcount|p2a: Tapu Fini|2
|faint|p2a: Tapu Fini
|
|upkeep
|c|☆inkbug1|mega froslass my beloved
|c|☆BotwNerd745|tapu fini sees its reflection and gets angry 
|c|☆inkbug1|skdjhfskd
|
|t:|1624996025
|switch|p2a: Rayquaza|Rayquaza, L78|100\/100
|-ability|p2a: Rayquaza|Air Lock
|turn|10
|c|☆inkbug1|oh hello.
|c|☆inkbug1|its dumb to stay in.
|
|t:|1624996041
|move|p1a: Froslass|Triple Axel|p2a: Rayquaza
|-supereffective|p2a: Rayquaza
|-damage|p2a: Rayquaza|59\/100
|-supereffective|p2a: Rayquaza
|-damage|p2a: Rayquaza|0 fnt
|-hitcount|p2a: Rayquaza|2
|faint|p2a: Rayquaza
|
|upkeep
|c|☆inkbug1|why am i faster
|
|t:|1624996050
|switch|p2a: Medicham|Medicham, L80, F|100\/100
|turn|11
|
|t:|1624996059
|detailschange|p2a: Medicham|Medicham-Mega, L80, F
|-mega|p2a: Medicham|Medicham|Medichamite
|-start|p2a: Medicham|typechange|Fighting\/Psychic|[silent]
|raw|<ul class="utilichart"><li class="result"><span class="col pokemonnamecol" style="white-space: nowrap">Medicham-Mega<\/span> <span class="col typecol"><img src="https:\/\/play.pokemonshowdown.com\/sprites\/types\/Fighting.png" alt="Fighting" height="14" width="32"><img src="https:\/\/play.pokemonshowdown.com\/sprites\/types\/Psychic.png" alt="Psychic" height="14" width="32"><\/span> <span style="float: left ; min-height: 26px"><span class="col abilitycol">Pure Power<\/span><span class="col abilitycol"><\/span><\/span><span style="float: left ; min-height: 26px"><span class="col statcol"><em>HP<\/em><br>60<\/span> <span class="col statcol"><em>Atk<\/em><br>100<\/span> <span class="col statcol"><em>Def<\/em><br>85<\/span> <span class="col statcol"><em>SpA<\/em><br>80<\/span> <span class="col statcol"><em>SpD<\/em><br>85<\/span> <span class="col statcol"><em>Spe<\/em><br>100<\/span> <\/span><\/li><li style="clear: both"><\/li><\/ul>
|move|p1a: Froslass|Poltergeist|p2a: Medicham
|-activate|p2a: Medicham|move: Poltergeist|Medichamite
|-supereffective|p2a: Medicham
|-damage|p2a: Medicham|0 fnt
|faint|p2a: Medicham
|
|upkeep
|c|☆inkbug1|froslass???
|
|t:|1624996069
|switch|p2a: Roserade|Roserade, L84, M|100\/100
|turn|12
|
|t:|1624996079
|move|p1a: Froslass|Triple Axel|p2a: Roserade
|-supereffective|p2a: Roserade
|-damage|p2a: Roserade|74\/100
|-supereffective|p2a: Roserade
|-damage|p2a: Roserade|19\/100
|-supereffective|p2a: Roserade
|-damage|p2a: Roserade|0 fnt
|-hitcount|p2a: Roserade|3
|faint|p2a: Roserade
|
|upkeep
|c|☆inkbug1|wow im sory 
|
|t:|1624996087
|switch|p2a: Starmie|Starmie, L82|100\/100
|turn|13
|c| Skw1234|Oml
|c|☆inkbug1|oh this will turn it around
|c|☆inkbug1|mega fear
|
|t:|1624996101
|move|p1a: Froslass|Taunt|p2a: Starmie
|-start|p2a: Starmie|move: Taunt
|move|p2a: Starmie|Hydro Pump|p1a: Froslass
|-damage|p1a: Froslass|36\/255
|-damage|p2a: Starmie|91\/100|[from] item: Life Orb
|
|upkeep
|turn|14
|c|☆inkbug1|no?
|c|☆inkbug1|oh you megad already im dumb
|
|t:|1624996114
|move|p1a: Froslass|Poltergeist|p2a: Starmie|[miss]
|-miss|p1a: Froslass|p2a: Starmie
|move|p2a: Starmie|Psyshock|p1a: Froslass
|-damage|p1a: Froslass|0 fnt
|-damage|p2a: Starmie|81\/100|[from] item: Life Orb
|faint|p1a: Froslass
|
|upkeep
|c|☆inkbug1|i threw froslass bc of mega starmie paranoia ajgdasd
|
|t:|1624996133
|switch|p1a: Hydreigon|Hydreigon, L82, M|229\/285
|-damage|p1a: Hydreigon|194\/285|[from] Stealth Rock
|turn|15
|
|t:|1624996140
|move|p2a: Starmie|Ice Beam|p1a: Hydreigon
|-supereffective|p1a: Hydreigon
|-damage|p1a: Hydreigon|28\/285
|-damage|p2a: Starmie|71\/100|[from] item: Life Orb
|move|p1a: Hydreigon|Dark Pulse|p2a: Starmie
|-supereffective|p2a: Starmie
|-damage|p2a: Starmie|0 fnt
|-damage|p1a: Hydreigon|0 fnt|[from] item: Life Orb
|faint|p2a: Starmie
|faint|p1a: Hydreigon
|
|win|inkbug1
|c|☆BotwNerd745|gg
|c|☆inkbug1|gg ! </script>
</div>
<div class="battle-log battle-log-inline"><div class="inner"><div class="battle-options"><div style="padding-top: 3px; padding-right: 3px; text-align: right"><button class="icon button" name="openBattleOptions" title="Options">Battle Options</button></div></div><div class="inner message-log"><div class="chat"><small>☆inkbug1 and ☆BotwNerd745 joined</small></div><div class=""><small>Format:</small> <br><strong>[Gen 8] M4A Random Battle</strong></div><div class=""><small><em>Dynamax Clause:</em> You cannot dynamax</small></div><div class=""><small><em>Species Clause:</em> Limit one of each Pokémon</small></div><div class=""><small><em>HP Percentage Mod:</em> HP is shown in percentages</small></div><div class=""><small><em>Sleep Clause Mod:</em> Limit one foe put to sleep</small></div><div class=""><small><em>Freeze Clause Mod:</em> Limit one foe frozen</small></div><div class="chat"><img src="https://www.smogon.com/forums/attachments/banner_2-png.302358/" height="65" width="381"></div><div class="spacer battle-history"><br></div><div class="battle-history"><small>Welcome to Megas for All!</small><br></div><div class="battle-history"><small>This is a National Dex-based format where we aim to give a new Mega Evolution to every Pokémon.</small><br></div><div class="battle-history"><small>Just like any official format, you can still only Mega Evolve one Pokémon per team!</small><br></div><div class="battle-history"><small>You can find our thread and metagame resources here:</small><br></div><div class="battle-history"><small>https://www.smogon.com/forums/threads/3671140/</small><br></div><div class="battle-history"><small>Your Mega Evolution this match is:</small><br></div><div class="battle-history"><small>(Froslass-Mega (Ice/Ghost); Ability: Magic Bounce (This Pokemon blocks certain status moves and bounces them back to the user.); Stats: 70 HP / 130 Atk / 95 Def / 80 SpA / 90 SpD / 115 Spe;)</small><br></div><div class="battle-history"><small>Use the command /dt for more information!</small><br></div><div class="spacer battle-history"><br></div><div class="battle-history">Battle started between inkbug1 and BotwNerd745!<br></div><div class="spacer battle-history"><br></div><div class="battle-history">Go! <strong>Xerneas</strong>!<br></div><div class="spacer battle-history"><br></div><div class="battle-history">BotwNerd745 sent out <strong>Cursola</strong>!<br></div><div class="battle-history">[Xerneas's Fairy Aura]<br><small>Xerneas is radiating a fairy aura!</small><br></div><div class="spacer battle-history"><br></div><h2 class="battle-history">Turn 1</h2><div class="spacer battle-history"><br></div><div class="battle-history">Xerneas, come back!<br></div><div class="battle-history">Go! <strong>Hydreigon</strong>!<br></div><div class="spacer battle-history"><br></div><div class="battle-history">The opposing Cursola used <strong>Stealth Rock</strong>!<br></div><div class="battle-history"><small>Pointed stones float in the air around your team!</small><br></div><div class="spacer battle-history"><br></div><h2 class="battle-history">Turn 2</h2><div class="spacer battle-history"><br></div><div class="battle-history">Hydreigon used <strong>Dark Pulse</strong>!<br></div><div class="battle-history"><small>It's super effective!</small><br></div><div class="battle-history"><small>(The opposing Cursola lost 73% of its health!)</small><br></div><div class="battle-history"><small>Hydreigon lost some of its HP!</small><br></div><div class="spacer battle-history"><br></div><div class="battle-history">The opposing Cursola flinched and couldn't move!<br></div><div class="spacer battle-history"><br></div><div class="battle-history"><small>The opposing Cursola restored a little HP using its Leftovers!</small><br></div><div class="spacer battle-history"><br></div><h2 class="battle-history">Turn 3</h2><div class="chat chatmessage-inkbug1 mine"><strong style="color:#e46e0f"><small>☆</small><span class="username" data-name="inkbug1">inkbug1</span>:</strong> <em>ah shit sr</em></div><div class="spacer battle-history"><br></div><div class="battle-history">Hydreigon used <strong>Dark Pulse</strong>!<br></div><div class="battle-history"><small>It's super effective!</small><br></div><div class="battle-history"><small>(The opposing Cursola lost 33% of its health!)</small><br></div><div class="battle-history"><small>Hydreigon lost some of its HP!</small><br></div><div class="spacer battle-history"><br></div><div class="battle-history">The opposing Cursola fainted!<br></div><div class="spacer battle-history"><br></div><div class="battle-history">BotwNerd745 sent out <strong>Tapu Fini</strong>!<br></div><div class="battle-history">[The opposing Tapu Fini's Misty Surge]<br><small>Mist swirled around the battlefield!</small><br></div><div class="spacer battle-history"><br></div><h2 class="battle-history">Turn 4</h2><div class="chat"><small> Skw1234 joined</small></div><div class="chat chatmessage-skw1234"><strong style="color:#297a48"><small> </small><span class="username" data-name="Skw1234">Skw1234</span>:</strong> <em>Oh no</em></div><div class="chat chatmessage-inkbug1 mine"><strong style="color:#e46e0f"><small>☆</small><span class="username" data-name="inkbug1">inkbug1</span>:</strong> <em>hmm</em></div><div class="chat chatmessage-inkbug1 mine"><strong style="color:#e46e0f"><small>☆</small><span class="username" data-name="inkbug1">inkbug1</span>:</strong> <em>i dont really</em></div><div class="chat chatmessage-inkbug1 mine"><strong style="color:#e46e0f"><small>☆</small><span class="username" data-name="inkbug1">inkbug1</span>:</strong> <em>have anything for this </em></div><div class="spacer battle-history"><br></div><div class="battle-history">Hydreigon, come back!<br></div><div class="battle-history">Go! <strong>Illumise</strong>!<br></div><div class="spacer battle-history"><br></div><div class="battle-history">The opposing Tapu Fini used <strong>Taunt</strong>!<br></div><div class="battle-history"><small>Illumise fell for the taunt!</small><br></div><div class="spacer battle-history"><br></div><h2 class="battle-history">Turn 5</h2><div class="spacer battle-history"><br></div><div class="battle-history">Illumise used <strong>U-turn</strong>!<br></div><div class="battle-history"><small>It's not very effective...</small><br></div><div class="battle-history"><small>(The opposing Tapu Fini lost 7% of its health!)</small><br></div><div class="chat chatmessage-skw1234"><strong style="color:#297a48"><small> </small><span class="username" data-name="Skw1234">Skw1234</span>:</strong> <em>Oops</em></div><div class="spacer battle-history"><br></div><div class="battle-history">Illumise went back to inkbug1!<br></div><div class="battle-history">Go! <strong>Golduck</strong>!<br></div><div class="battle-history"><small>Pointed stones dug into Golduck!</small><br></div><div class="spacer battle-history"><br></div><div class="battle-history">The opposing Tapu Fini used <strong>Moonblast</strong>!<br></div><div class="battle-history"><small>(Golduck lost <abbr title="−90/284">31.7%</abbr> of its health!)</small><br></div><div class="spacer battle-history"><br></div><div class="battle-history"><small>The opposing Tapu Fini restored a little HP using its Leftovers!</small><br></div><div class="spacer battle-history"><br></div><h2 class="battle-history">Turn 6</h2><div class="spacer battle-history"><br></div><div class="battle-history">Golduck used <strong>Psyshock</strong>!<br></div><div class="battle-history"><small>(The opposing Tapu Fini lost 29% of its health!)</small><br></div><div class="battle-history"><small>Golduck lost some of its HP!</small><br></div><div class="spacer battle-history"><br></div><div class="battle-history">The opposing Tapu Fini used <strong>Moonblast</strong>!<br></div><div class="battle-history"><small>(Golduck lost <abbr title="−85/284">29.9%</abbr> of its health!)</small><br></div><div class="spacer battle-history"><br></div><div class="battle-history"><small>The opposing Tapu Fini restored a little HP using its Leftovers!</small><br></div><div class="spacer battle-history"><br></div><h2 class="battle-history">Turn 7</h2><div class="spacer battle-history"><br></div><div class="battle-history">Golduck used <strong>Psyshock</strong>!<br></div><div class="battle-history"><small>(The opposing Tapu Fini lost 26% of its health!)</small><br></div><div class="battle-history"><small>Golduck lost some of its HP!</small><br></div><div class="spacer battle-history"><br></div><div class="battle-history">The opposing Tapu Fini used <strong>Moonblast</strong>!<br></div><div class="battle-history"><small>(Golduck lost <abbr title="−18/284">6.3%</abbr> of its health!)</small><br></div><div class="spacer battle-history"><br></div><div class="battle-history">Golduck fainted!<br></div><div class="spacer battle-history"><br></div><div class="battle-history"><small>The opposing Tapu Fini restored a little HP using its Leftovers!</small><br></div><div class="spacer battle-history"><br></div><div class="battle-history">Go! <strong>Froslass</strong>!<br></div><div class="battle-history"><small>Pointed stones dug into Froslass!</small><br></div><div class="spacer battle-history"><br></div><h2 class="battle-history">Turn 8</h2><div class="spacer battle-history"><br></div><div class="battle-history"><small>Froslass's Froslassite is reacting to the Key Stone!</small><br>Froslass has Mega Evolved into Mega Froslass!<br></div><div class="chat"><ul class="utilichart"><li class="result"><span class="col pokemonnamecol" style="white-space: nowrap">Froslass-Mega</span> <span class="col typecol"><img src="https://play.pokemonshowdown.com/sprites/types/Ice.png" alt="Ice" height="14" width="32"><img src="https://play.pokemonshowdown.com/sprites/types/Ghost.png" alt="Ghost" height="14" width="32"></span> <span style="float: left ; min-height: 26px"><span class="col abilitycol">Magic Bounce</span><span class="col abilitycol"></span></span><span style="float: left ; min-height: 26px"><span class="col statcol"><em>HP</em><br>70</span> <span class="col statcol"><em>Atk</em><br>130</span> <span class="col statcol"><em>Def</em><br>95</span> <span class="col statcol"><em>SpA</em><br>80</span> <span class="col statcol"><em>SpD</em><br>90</span> <span class="col statcol"><em>Spe</em><br>115</span> </span></li><li style="clear: both"></li></ul></div><div class="spacer battle-history"><br></div><div class="battle-history">Froslass used <strong>Poltergeist</strong>!<br></div><div class="battle-history"><small>The opposing Tapu Fini is about to be attacked by its Leftovers!</small><br></div><div class="battle-history"><small>(The opposing Tapu Fini lost 55% of its health!)</small><br></div><div class="spacer battle-history"><br></div><div class="battle-history">The opposing Tapu Fini used <strong>Taunt</strong>!<br></div><div class="spacer battle-history"><br></div><div class="battle-history">[Froslass's Magic Bounce]<br>Froslass bounced the Taunt back!<br></div><div class="battle-history"><small>The opposing Tapu Fini fell for the taunt!</small><br></div><div class="spacer battle-history"><br></div><div class="battle-history"><small>The opposing Tapu Fini restored a little HP using its Leftovers!</small><br></div><div class="battle-history"><small>The mist disappeared from the battlefield.</small><br></div><div class="spacer battle-history"><br></div><h2 class="battle-history">Turn 9</h2><div class="spacer battle-history"><br></div><div class="battle-history">Froslass used <strong>Triple Axel</strong>!<br></div><div class="battle-history"><small>It's not very effective...</small><br></div><div class="battle-history"><small>(The opposing Tapu Fini lost 4% of its health!)</small><br></div><div class="battle-history"><small>It's not very effective...</small><br></div><div class="battle-history"><small>(The opposing Tapu Fini lost 3% of its health!)</small><br></div><div class="battle-history"><small>The Pokémon was hit 2 times!</small><br></div><div class="spacer battle-history"><br></div><div class="battle-history">The opposing Tapu Fini fainted!<br></div><div class="chat chatmessage-inkbug1 mine"><strong style="color:#e46e0f"><small>☆</small><span class="username" data-name="inkbug1">inkbug1</span>:</strong> <em>mega froslass my beloved</em></div><div class="chat chatmessage-botwnerd745"><strong style="color:#9835de"><small>☆</small><span class="username" data-name="BotwNerd745">BotwNerd745</span>:</strong> <em>tapu fini sees its reflection and gets angry </em></div><div class="chat chatmessage-inkbug1 mine"><strong style="color:#e46e0f"><small>☆</small><span class="username" data-name="inkbug1">inkbug1</span>:</strong> <em>skdjhfskd</em></div><div class="spacer battle-history"><br></div><div class="battle-history">BotwNerd745 sent out <strong>Rayquaza</strong>!<br></div><div class="battle-history">[The opposing Rayquaza's Air Lock]<br><small>The effects of the weather disappeared.</small><br></div><div class="spacer battle-history"><br></div><h2 class="battle-history">Turn 10</h2><div class="chat chatmessage-inkbug1 mine"><strong style="color:#e46e0f"><small>☆</small><span class="username" data-name="inkbug1">inkbug1</span>:</strong> <em>oh hello.</em></div><div class="chat chatmessage-inkbug1 mine"><strong style="color:#e46e0f"><small>☆</small><span class="username" data-name="inkbug1">inkbug1</span>:</strong> <em>its dumb to stay in.</em></div><div class="spacer battle-history"><br></div><div class="battle-history">Froslass used <strong>Triple Axel</strong>!<br></div><div class="battle-history"><small>It's super effective!</small><br></div><div class="battle-history"><small>(The opposing Rayquaza lost 41% of its health!)</small><br></div><div class="battle-history"><small>It's super effective!</small><br></div><div class="battle-history"><small>(The opposing Rayquaza lost 59% of its health!)</small><br></div><div class="battle-history"><small>The Pokémon was hit 2 times!</small><br></div><div class="spacer battle-history"><br></div><div class="battle-history">The opposing Rayquaza fainted!<br></div><div class="chat chatmessage-inkbug1 mine"><strong style="color:#e46e0f"><small>☆</small><span class="username" data-name="inkbug1">inkbug1</span>:</strong> <em>why am i faster</em></div><div class="spacer battle-history"><br></div><div class="battle-history">BotwNerd745 sent out <strong>Medicham</strong>!<br></div><div class="spacer battle-history"><br></div><h2 class="battle-history">Turn 11</h2><div class="spacer battle-history"><br></div><div class="battle-history"><small>The opposing Medicham's Medichamite is reacting to the Key Stone!</small><br>The opposing Medicham has Mega Evolved into Mega Medicham!<br></div><div class="chat"><ul class="utilichart"><li class="result"><span class="col pokemonnamecol" style="white-space: nowrap">Medicham-Mega</span> <span class="col typecol"><img src="https://play.pokemonshowdown.com/sprites/types/Fighting.png" alt="Fighting" height="14" width="32"><img src="https://play.pokemonshowdown.com/sprites/types/Psychic.png" alt="Psychic" height="14" width="32"></span> <span style="float: left ; min-height: 26px"><span class="col abilitycol">Pure Power</span><span class="col abilitycol"></span></span><span style="float: left ; min-height: 26px"><span class="col statcol"><em>HP</em><br>60</span> <span class="col statcol"><em>Atk</em><br>100</span> <span class="col statcol"><em>Def</em><br>85</span> <span class="col statcol"><em>SpA</em><br>80</span> <span class="col statcol"><em>SpD</em><br>85</span> <span class="col statcol"><em>Spe</em><br>100</span> </span></li><li style="clear: both"></li></ul></div><div class="spacer battle-history"><br></div><div class="battle-history">Froslass used <strong>Poltergeist</strong>!<br></div><div class="battle-history"><small>The opposing Medicham is about to be attacked by its Medichamite!</small><br></div><div class="battle-history"><small>It's super effective!</small><br></div><div class="battle-history"><small>(The opposing Medicham lost 100% of its health!)</small><br></div><div class="spacer battle-history"><br></div><div class="battle-history">The opposing Medicham fainted!<br></div><div class="chat chatmessage-inkbug1 mine"><strong style="color:#e46e0f"><small>☆</small><span class="username" data-name="inkbug1">inkbug1</span>:</strong> <em>froslass???</em></div><div class="spacer battle-history"><br></div><div class="battle-history">BotwNerd745 sent out <strong>Roserade</strong>!<br></div><div class="spacer battle-history"><br></div><h2 class="battle-history">Turn 12</h2><div class="spacer battle-history"><br></div><div class="battle-history">Froslass used <strong>Triple Axel</strong>!<br></div><div class="battle-history"><small>It's super effective!</small><br></div><div class="battle-history"><small>(The opposing Roserade lost 26% of its health!)</small><br></div><div class="battle-history"><small>It's super effective!</small><br></div><div class="battle-history"><small>(The opposing Roserade lost 55% of its health!)</small><br></div><div class="battle-history"><small>It's super effective!</small><br></div><div class="battle-history"><small>(The opposing Roserade lost 19% of its health!)</small><br></div><div class="battle-history"><small>The Pokémon was hit 3 times!</small><br></div><div class="spacer battle-history"><br></div><div class="battle-history">The opposing Roserade fainted!<br></div><div class="chat chatmessage-inkbug1 mine"><strong style="color:#e46e0f"><small>☆</small><span class="username" data-name="inkbug1">inkbug1</span>:</strong> <em>wow im sory </em></div><div class="spacer battle-history"><br></div><div class="battle-history">BotwNerd745 sent out <strong>Starmie</strong>!<br></div><div class="spacer battle-history"><br></div><h2 class="battle-history">Turn 13</h2><div class="chat chatmessage-skw1234"><strong style="color:#297a48"><small> </small><span class="username" data-name="Skw1234">Skw1234</span>:</strong> <em>Oml</em></div><div class="chat chatmessage-inkbug1 mine"><strong style="color:#e46e0f"><small>☆</small><span class="username" data-name="inkbug1">inkbug1</span>:</strong> <em>oh this will turn it around</em></div><div class="chat chatmessage-inkbug1 mine"><strong style="color:#e46e0f"><small>☆</small><span class="username" data-name="inkbug1">inkbug1</span>:</strong> <em>mega fear</em></div><div class="spacer battle-history"><br></div><div class="battle-history">Froslass used <strong>Taunt</strong>!<br></div><div class="battle-history"><small>The opposing Starmie fell for the taunt!</small><br></div><div class="spacer battle-history"><br></div><div class="battle-history">The opposing Starmie used <strong>Hydro Pump</strong>!<br></div><div class="battle-history"><small>(Froslass lost <abbr title="−156/255">61.2%</abbr> of its health!)</small><br></div><div class="battle-history"><small>The opposing Starmie lost some of its HP!</small><br></div><div class="spacer battle-history"><br></div><h2 class="battle-history">Turn 14</h2><div class="chat chatmessage-inkbug1 mine"><strong style="color:#e46e0f"><small>☆</small><span class="username" data-name="inkbug1">inkbug1</span>:</strong> <em>no?</em></div><div class="chat chatmessage-inkbug1 mine"><strong style="color:#e46e0f"><small>☆</small><span class="username" data-name="inkbug1">inkbug1</span>:</strong> <em>oh you megad already im dumb</em></div><div class="spacer battle-history"><br></div><div class="battle-history">Froslass used <strong>Poltergeist</strong>!<br></div><div class="battle-history"><small>The opposing Starmie avoided the attack!</small><br></div><div class="spacer battle-history"><br></div><div class="battle-history">The opposing Starmie used <strong>Psyshock</strong>!<br></div><div class="battle-history"><small>(Froslass lost <abbr title="−36/255">14.1%</abbr> of its health!)</small><br></div><div class="battle-history"><small>The opposing Starmie lost some of its HP!</small><br></div><div class="spacer battle-history"><br></div><div class="battle-history">Froslass fainted!<br></div><div class="chat chatmessage-inkbug1 mine"><strong style="color:#e46e0f"><small>☆</small><span class="username" data-name="inkbug1">inkbug1</span>:</strong> <em>i threw froslass bc of mega starmie paranoia ajgdasd</em></div><div class="spacer battle-history"><br></div><div class="battle-history">Go! <strong>Hydreigon</strong>!<br></div><div class="battle-history"><small>Pointed stones dug into Hydreigon!</small><br></div><div class="spacer battle-history"><br></div><h2 class="battle-history">Turn 15</h2><div class="spacer battle-history"><br></div><div class="battle-history">The opposing Starmie used <strong>Ice Beam</strong>!<br></div><div class="battle-history"><small>It's super effective!</small><br></div><div class="battle-history"><small>(Hydreigon lost <abbr title="−166/285">58.2%</abbr> of its health!)</small><br></div><div class="battle-history"><small>The opposing Starmie lost some of its HP!</small><br></div><div class="spacer battle-history"><br></div><div class="battle-history">Hydreigon used <strong>Dark Pulse</strong>!<br></div><div class="battle-history"><small>It's super effective!</small><br></div><div class="battle-history"><small>(The opposing Starmie lost 71% of its health!)</small><br></div><div class="battle-history"><small>Hydreigon lost some of its HP!</small><br></div><div class="spacer battle-history"><br></div><div class="battle-history">The opposing Starmie fainted!<br></div><div class="battle-history">Hydreigon fainted!<br></div><div class="spacer battle-history"><br></div><div class="battle-history"><strong>inkbug1</strong> won the battle!<br></div><div class="chat chatmessage-botwnerd745"><strong style="color:#9835de"><small>☆</small><span class="username" data-name="BotwNerd745">BotwNerd745</span>:</strong> <em>gg</em></div><div class="chat chatmessage-inkbug1 mine"><strong style="color:#e46e0f"><small>☆</small><span class="username" data-name="inkbug1">inkbug1</span>:</strong> <em>gg ! </em></div></div><div class="inner-preempt message-log"></div></div></div>
</div>
<script>
let daily = Math.floor(Date.now()/1000/60/60/24);document.write('<script src="https://dragonheaven.herokuapp.com/js/replay-embed.js?version'+daily+'"></'+'script>');
</script>
