<!DOCTYPE html>
<meta charset="utf-8" />
<!-- version 1 -->
<title>[Gen 8] Megas for All replay: exploziff vs. Coppersmith</title>
<style>
html,body {font-family:Verdana, sans-serif;font-size:10pt;margin:0;padding:0;}body{padding:12px 0;} .battle-log {font-family:Verdana, sans-serif;font-size:10pt;} .battle-log-inline {border:1px solid #AAAAAA;background:#EEF2F5;color:black;max-width:640px;margin:0 auto 80px;padding-bottom:5px;} .battle-log .inner {padding:4px 8px 0px 8px;} .battle-log .inner-preempt {padding:0 8px 4px 8px;} .battle-log .inner-after {margin-top:0.5em;} .battle-log h2 {margin:0.5em -8px;padding:4px 8px;border:1px solid #AAAAAA;background:#E0E7EA;border-left:0;border-right:0;font-family:Verdana, sans-serif;font-size:13pt;} .battle-log .chat {vertical-align:middle;padding:3px 0 3px 0;font-size:8pt;} .battle-log .chat strong {color:#40576A;} .battle-log .chat em {padding:1px 4px 1px 3px;color:#000000;font-style:normal;} .chat.mine {background:rgba(0,0,0,0.05);margin-left:-8px;margin-right:-8px;padding-left:8px;padding-right:8px;} .spoiler {color:#BBBBBB;background:#BBBBBB;padding:0px 3px;} .spoiler:hover, .spoiler:active, .spoiler-shown {color:#000000;background:#E2E2E2;padding:0px 3px;} .spoiler a {color:#BBBBBB;} .spoiler:hover a, .spoiler:active a, .spoiler-shown a {color:#2288CC;} .chat code, .chat .spoiler:hover code, .chat .spoiler:active code, .chat .spoiler-shown code {border:1px solid #C0C0C0;background:#EEEEEE;color:black;padding:0 2px;} .chat .spoiler code {border:1px solid #CCCCCC;background:#CCCCCC;color:#CCCCCC;} .battle-log .rated {padding:3px 4px;} .battle-log .rated strong {color:white;background:#89A;padding:1px 4px;border-radius:4px;} .spacer {margin-top:0.5em;} .message-announce {background:#6688AA;color:white;padding:1px 4px 2px;} .message-announce a, .broadcast-green a, .broadcast-blue a, .broadcast-red a {color:#DDEEFF;} .broadcast-green {background-color:#559955;color:white;padding:2px 4px;} .broadcast-blue {background-color:#6688AA;color:white;padding:2px 4px;} .infobox {border:1px solid #6688AA;padding:2px 4px;} .infobox-limited {max-height:200px;overflow:auto;overflow-x:hidden;} .broadcast-red {background-color:#AA5544;color:white;padding:2px 4px;} .message-learn-canlearn {font-weight:bold;color:#228822;text-decoration:underline;} .message-learn-cannotlearn {font-weight:bold;color:#CC2222;text-decoration:underline;} .message-effect-weak {font-weight:bold;color:#CC2222;} .message-effect-resist {font-weight:bold;color:#6688AA;} .message-effect-immune {font-weight:bold;color:#666666;} .message-learn-list {margin-top:0;margin-bottom:0;} .message-throttle-notice, .message-error {color:#992222;} .message-overflow, .chat small.message-overflow {font-size:0pt;} .message-overflow::before {font-size:9pt;content:'...';} .subtle {color:#3A4A66;}
</style>
<div class="wrapper replay-wrapper" style="max-width:1180px;margin:0 auto">
<input type="hidden" name="replayid" value="dragonheaven-gen8megasforall-301" />
<div class="battle"></div><div class="battle-log"></div><div class="replay-controls"></div><div class="replay-controls-2"></div>
<h1 style="font-weight:normal;text-align:center"><strong>[Gen 8] Megas for All</strong><br /><a href="http://pokemonshowdown.com/users/exploziff" class="subtle" target="_blank">exploziff</a> vs. <a href="http://pokemonshowdown.com/users/coppersmith" class="subtle" target="_blank">Coppersmith</a></h1>
<script type="text/plain" class="battle-log-data">|j|☆exploziff
|j|☆Coppersmith
|t:|1621981498
|player|p1|exploziff|1|
|player|p2|Coppersmith|pokemonranger-gen4|
|teamsize|p1|6
|teamsize|p2|6
|gametype|singles
|gen|8
|tier|[Gen 8] Megas for All
|clearpoke
|poke|p1|Vikavolt, F|
|poke|p1|Gliscor, F|
|poke|p1|Amoonguss, F|
|poke|p1|Heatran, M|
|poke|p1|Weavile, M|
|poke|p1|Keldeo-Resolute|
|poke|p2|Chansey, F|
|poke|p2|Dragonite, M|
|poke|p2|Gliscor, M|
|poke|p2|Garbodor, F|
|poke|p2|Alomomola, F|
|poke|p2|Clefable, F|
|rule|HP Percentage Mod: HP is shown in percentages
|rule|Endless Battle Clause: Forcing endless battles is banned
|rule|OHKO Clause: OHKO moves are banned
|rule|Evasion Moves Clause: Evasion moves are banned
|rule|Species Clause: Limit one of each Pokémon
|rule|Dynamax Clause: You cannot dynamax
|rule|Sleep Clause Mod: Limit one foe put to sleep
|rule|Freeze Clause Mod: Limit one foe frozen
|raw|<img src="https:\/\/www.smogon.com\/forums\/attachments\/banner_2-png.302358\/" height="65" width="381">
|-message|Welcome to Megas for All!
|-message|This is a National Dex-based format where we aim to give a new Mega Evolution to every Pokémon.
|-message|Just like any official format, you can still only Mega Evolve one Pokémon per team!
|-message|You can find our thread and metagame resources here:
|-message|https:\/\/www.smogon.com\/forums\/threads\/3671140\/
|teampreview
|j| Ninjacid
|c| Ninjacid|Good luck both of you, but especially bit!
|c|☆exploziff|gl hf
|j| TEST Sticky Fingaa
|c| TEST Sticky Fingaa|glhf both
|j| Time to chill

|c| TEST Sticky Fingaa|but also
|j| kiloude pupu
|c| TEST Sticky Fingaa|LET'S GO KROOKS
|c| Time to chill|Glhf!
|j| TheRubySamurai
|c| Time to chill|Let's goooo, Bit!!!!
|c| TheRubySamurai|glhf both, Lets goooooo Bitio though
|c| kiloude pupu|let's go biiiit
|
|t:|1621981602
|start
|switch|p1a: Weavile|Weavile, M|100\/100
|switch|p2a: Gliscor|Gliscor, M|100\/100
|-ability|p1a: Weavile|Pressure
|turn|1
|c| Ninjacid|Bit
|c| Ninjacid|bit
|c| Ninjacid|bit
|c| Ninjacid|bit
|c| Ninjacid|bit
|
|t:|1621981609
|switch|p2a: Alomomola|Alomomola, F|100\/100
|move|p1a: Weavile|Knock Off|p2a: Alomomola
|-damage|p2a: Alomomola|56\/100
|-damage|p1a: Weavile|84\/100|[from] item: Rocky Helmet|[of] p2a: Alomomola
|-enditem|p2a: Alomomola|Rocky Helmet|[from] move: Knock Off|[of] p1a: Weavile
|
|upkeep
|turn|2
|
|t:|1621981618
|switch|p1a: Amoonguss|Amoonguss, F|100\/100
|move|p2a: Alomomola|Wish|p2a: Alomomola
|
|upkeep
|turn|3
|
|t:|1621981622
|move|p2a: Alomomola|Protect|p2a: Alomomola
|-singleturn|p2a: Alomomola|Protect
|move|p1a: Amoonguss|Spore|p2a: Alomomola
|-activate|p2a: Alomomola|move: Protect
|
|-heal|p2a: Alomomola|100\/100|[from] move: Wish|[wisher] Alomomola
|upkeep
|turn|4
|l|☆Coppersmith
|player|p2|
|c| TheRubySamurai|Wifi do be like that sometimes
|c|☆exploziff|timer is a wincond
|c| Ninjacid|XD no
|j|☆Coppersmith
|player|p2|Coppersmith|pokemonranger-gen4
|
|t:|1621981686
|switch|p2a: Chansey|Chansey, F|100\/100
|move|p1a: Amoonguss|Spore|p2a: Chansey
|-status|p2a: Chansey|slp|[from] move: Spore
|
|upkeep
|turn|5
|l| Ninjacid
|
|t:|1621981712
|switch|p2a: Dragonite|Dragonite, M|100\/100
|switch|p1a: Weavile|Weavile, M|84\/100
|-ability|p1a: Weavile|Pressure
|
|upkeep
|turn|6
|j| Ninjacid
|
|t:|1621981719
|switch|p2a: Alomomola|Alomomola, F|100\/100
|move|p1a: Weavile|Triple Axel|p2a: Alomomola
|-resisted|p2a: Alomomola
|-crit|p2a: Alomomola
|-damage|p2a: Alomomola|94\/100
|-resisted|p2a: Alomomola
|-damage|p2a: Alomomola|84\/100
|-resisted|p2a: Alomomola
|-damage|p2a: Alomomola|72\/100
|-hitcount|p2a: Alomomola|3
|
|upkeep
|turn|7
|
|t:|1621981731
|switch|p1a: Amoonguss|Amoonguss, F|100\/100
|move|p2a: Alomomola|Scald|p1a: Amoonguss
|-resisted|p1a: Amoonguss
|-damage|p1a: Amoonguss|96\/100
|-status|p1a: Amoonguss|brn
|
|-heal|p1a: Amoonguss|100\/100 brn|[from] item: Black Sludge
|-damage|p1a: Amoonguss|94\/100 brn|[from] brn
|upkeep
|turn|8
|
|t:|1621981735
|switch|p2a: Chansey|Chansey, F|100\/100
|switch|p1a: Vikavolt|Vikavolt, F|100\/100
|
|upkeep
|turn|9
|
|t:|1621981741
|detailschange|p1a: Vikavolt|Vikavolt-Mega, F
|-mega|p1a: Vikavolt|Vikavolt|Vikavoltite
|-ability|p1a: Vikavolt|Download|boost
|-boost|p1a: Vikavolt|atk|1
|-start|p1a: Vikavolt|typechange|Bug\/Electric|[silent]
|raw|<ul class="utilichart"><li class="result"><span class="col pokemonnamecol" style="white-space: nowrap">Vikavolt-Mega<\/span> <span class="col typecol"><img src="https:\/\/play.pokemonshowdown.com\/sprites\/types\/Bug.png" alt="Bug" height="14" width="32"><img src="https:\/\/play.pokemonshowdown.com\/sprites\/types\/Electric.png" alt="Electric" height="14" width="32"><\/span> <span style="float: left ; min-height: 26px"><span class="col abilitycol">Download<\/span><span class="col abilitycol"><\/span><\/span><span style="float: left ; min-height: 26px"><span class="col statcol"><em>HP<\/em><br>77<\/span> <span class="col statcol"><em>Atk<\/em><br>70<\/span> <span class="col statcol"><em>Def<\/em><br>110<\/span> <span class="col statcol"><em>SpA<\/em><br>145<\/span> <span class="col statcol"><em>SpD<\/em><br>110<\/span> <span class="col statcol"><em>Spe<\/em><br>88<\/span> <\/span><\/li><li style="clear: both"><\/li><\/ul>
|move|p1a: Vikavolt|U-turn|p2a: Chansey
|-damage|p2a: Chansey|84\/100
|
|t:|1621981748
|switch|p1a: Gliscor|Gliscor, F|100\/100|[from]move: U-turn
|move|p2a: Chansey|Toxic|p1a: Gliscor
|-status|p1a: Gliscor|tox
|
|upkeep
|turn|10
|
|t:|1621981770
|switch|p2a: Alomomola|Alomomola, F|100\/100
|move|p1a: Gliscor|U-turn|p2a: Alomomola
|-damage|p2a: Alomomola|91\/100
|
|t:|1621981774
|switch|p1a: Vikavolt|Vikavolt-Mega, F|100\/100|[from]move: U-turn
|-start|p1a: Vikavolt|typechange|Bug\/Electric|[silent]
|-ability|p1a: Vikavolt|Download|boost
|-boost|p1a: Vikavolt|spa|1
|
|upkeep
|turn|11
|
|t:|1621981780
|switch|p2a: Chansey|Chansey, F|84\/100
|move|p1a: Vikavolt|Thunder Cage|p2a: Chansey
|-damage|p2a: Chansey|65\/100
|-activate|p2a: Chansey|move: Thunder Cage|[of] p1a: Vikavolt
|
|-damage|p2a: Chansey|52\/100|[from] move: Thunder Cage|[partiallytrapped]
|upkeep
|turn|12
|
|t:|1621981792
|move|p1a: Vikavolt|Bug Buzz|p2a: Chansey
|-damage|p2a: Chansey|32\/100
|move|p2a: Chansey|Seismic Toss|p1a: Vikavolt
|-damage|p1a: Vikavolt|72\/100
|
|-damage|p2a: Chansey|19\/100|[from] move: Thunder Cage|[partiallytrapped]
|upkeep
|turn|13
|
|t:|1621981799
|move|p1a: Vikavolt|Bug Buzz|p2a: Chansey
|-damage|p2a: Chansey|0 fnt
|faint|p2a: Chansey
|
|upkeep
|l| kiloude pupu
|c| TEST Sticky Fingaa|nooo
|
|t:|1621981815
|switch|p2a: Garbodor|Garbodor, F|100\/100
|turn|14
|
|t:|1621981821
|detailschange|p2a: Garbodor|Garbodor-Mega, F
|-mega|p2a: Garbodor|Garbodor|Garbodorite
|-start|p2a: Garbodor|typechange|Poison|[silent]
|raw|<ul class="utilichart"><li class="result"><span class="col pokemonnamecol" style="white-space: nowrap">Garbodor-Mega<\/span> <span class="col typecol"><img src="https:\/\/play.pokemonshowdown.com\/sprites\/types\/Poison.png" alt="Poison" height="14" width="32"><\/span> <span style="float: left ; min-height: 26px"><span class="col abilitycol">Trash Compactor<\/span><span class="col abilitycol"><\/span><\/span><span style="float: left ; min-height: 26px"><span class="col statcol"><em>HP<\/em><br>80<\/span> <span class="col statcol"><em>Atk<\/em><br>95<\/span> <span class="col statcol"><em>Def<\/em><br>132<\/span> <span class="col statcol"><em>SpA<\/em><br>95<\/span> <span class="col statcol"><em>SpD<\/em><br>132<\/span> <span class="col statcol"><em>Spe<\/em><br>40<\/span> <\/span><\/li><li style="clear: both"><\/li><\/ul>
|move|p1a: Vikavolt|U-turn|p2a: Garbodor
|-resisted|p2a: Garbodor
|-damage|p2a: Garbodor|95\/100
|
|t:|1621981828
|switch|p1a: Amoonguss|Amoonguss, F|100\/100 brn|[from]move: U-turn
|move|p2a: Garbodor|Sludge Bomb|p1a: Amoonguss
|-damage|p1a: Amoonguss|81\/100 brn
|
|-heal|p1a: Amoonguss|87\/100 brn|[from] item: Black Sludge
|-damage|p1a: Amoonguss|81\/100 brn|[from] brn
|upkeep
|turn|15
|
|t:|1621981836
|move|p2a: Garbodor|Knock Off|p1a: Amoonguss
|-damage|p1a: Amoonguss|61\/100 brn
|-enditem|p1a: Amoonguss|Black Sludge|[from] move: Knock Off|[of] p2a: Garbodor
|move|p1a: Amoonguss|Spore|p2a: Garbodor
|-status|p2a: Garbodor|slp|[from] move: Spore
|
|-damage|p1a: Amoonguss|54\/100 brn|[from] brn
|upkeep
|turn|16
|
|t:|1621981928
|switch|p2a: Gliscor|Gliscor, M|100\/100
|switch|p1a: Weavile|Weavile, M|84\/100
|-ability|p1a: Weavile|Pressure
|
|-status|p2a: Gliscor|tox|[from] item: Toxic Orb
|upkeep
|turn|17
|j| Kp_volty
|
|t:|1621981937
|switch|p1a: Vikavolt|Vikavolt-Mega, F|72\/100
|-start|p1a: Vikavolt|typechange|Bug\/Electric|[silent]
|-ability|p1a: Vikavolt|Download|boost
|-boost|p1a: Vikavolt|spa|1
|switch|p2a: Alomomola|Alomomola, F|100\/100
|
|upkeep
|turn|18
|
|t:|1621981943
|move|p2a: Alomomola|Protect|p2a: Alomomola
|-singleturn|p2a: Alomomola|Protect
|move|p1a: Vikavolt|Bug Buzz|p2a: Alomomola
|-activate|p2a: Alomomola|move: Protect
|
|upkeep
|turn|19
|c| Kp_volty|This is what you call an important battle?
|c| Ninjacid|Yes
|c| Kp_volty|smh, you guys don’t know the definition of important then,
|c|☆exploziff|ifk it's the first of the week 
|c| Kp_volty|but the teams are nice
|c| TheRubySamurai|\/\/ignore kp_volty
|c| TheRubySamurai|type that in
|c| TheRubySamurai|and you're good
|c| Kp_volty|Haha yeah.
|c| Kp_volty|Type that if you want
|l| Ninjacid
|
|t:|1621982080
|switch|p2a: Gliscor|Gliscor, M|100\/100 tox
|move|p1a: Vikavolt|Bug Buzz|p2a: Gliscor
|-resisted|p2a: Gliscor
|-damage|p2a: Gliscor|65\/100 tox
|-unboost|p2a: Gliscor|spd|1
|
|-heal|p2a: Gliscor|77\/100 tox|[from] ability: Poison Heal
|upkeep
|turn|20
|j| Ninjacid
|
|t:|1621982139
|switch|p2a: Dragonite|Dragonite, M|100\/100
|move|p1a: Vikavolt|Bug Buzz|p2a: Dragonite
|-resisted|p2a: Dragonite
|-damage|p2a: Dragonite|84\/100
|
|upkeep
|turn|21
|l| Kp_volty
|l| Ninjacid
|
|t:|1621982201
|switch|p1a: Gliscor|Gliscor, F|100\/100 tox
|switch|p2a: Gliscor|Gliscor, M|77\/100 tox
|
|-heal|p2a: Gliscor|90\/100 tox|[from] ability: Poison Heal
|upkeep
|turn|22
|
|t:|1621982207
|move|p1a: Gliscor|U-turn|p2a: Gliscor
|-resisted|p2a: Gliscor
|-damage|p2a: Gliscor|83\/100 tox
|
|t:|1621982210
|switch|p1a: Keldeo|Keldeo-Resolute|100\/100|[from]move: U-turn
|move|p2a: Gliscor|Swords Dance|p2a: Gliscor
|-boost|p2a: Gliscor|atk|2
|
|-heal|p2a: Gliscor|96\/100 tox|[from] ability: Poison Heal
|upkeep
|turn|23
|
|t:|1621982214
|switch|p2a: Dragonite|Dragonite, M|84\/100
|move|p1a: Keldeo|Flip Turn|p2a: Dragonite
|-resisted|p2a: Dragonite
|-damage|p2a: Dragonite|80\/100
|
|t:|1621982218
|switch|p1a: Weavile|Weavile, M|84\/100|[from]move: Flip Turn
|-ability|p1a: Weavile|Pressure
|
|upkeep
|turn|24
|
|t:|1621982222
|-activate|p2a: Dragonite|move: Pursuit
|move|p1a: Weavile|Pursuit|p2a: Dragonite|[from]Pursuit
|-damage|p2a: Dragonite|41\/100
|switch|p2a: Alomomola|Alomomola, F|100\/100
|
|upkeep
|turn|25
|
|t:|1621982231
|switch|p1a: Amoonguss|Amoonguss, F|88\/100 brn
|move|p2a: Alomomola|Wish|p2a: Alomomola
|
|-damage|p1a: Amoonguss|82\/100 brn|[from] brn
|upkeep
|turn|26
|
|t:|1621982261
|switch|p2a: Dragonite|Dragonite, M|41\/100
|switch|p1a: Weavile|Weavile, M|84\/100
|-ability|p1a: Weavile|Pressure
|
|-heal|p2a: Dragonite|100\/100|[from] move: Wish|[wisher] Alomomola
|upkeep
|turn|27
|j| Ninjacid
|
|t:|1621982265
|-activate|p2a: Dragonite|move: Pursuit
|move|p1a: Weavile|Pursuit|p2a: Dragonite|[from]Pursuit
|-damage|p2a: Dragonite|80\/100
|switch|p2a: Alomomola|Alomomola, F|100\/100
|
|upkeep
|turn|28
|
|t:|1621982275
|switch|p1a: Vikavolt|Vikavolt-Mega, F|72\/100
|-start|p1a: Vikavolt|typechange|Bug\/Electric|[silent]
|-ability|p1a: Vikavolt|Download|boost
|-boost|p1a: Vikavolt|spa|1
|move|p2a: Alomomola|Wish|p2a: Alomomola
|
|upkeep
|turn|29
|
|t:|1621982280
|switch|p2a: Gliscor|Gliscor, M|96\/100 tox
|move|p1a: Vikavolt|Thunder Cage|p2a: Gliscor
|-immune|p2a: Gliscor
|
|-heal|p2a: Gliscor|100\/100 tox|[from] move: Wish|[wisher] Alomomola
|upkeep
|turn|30
|l|☆Coppersmith
|player|p2|
|j| Not Xed
|j|☆Coppersmith
|player|p2|Coppersmith|pokemonranger-gen4
|c|☆Coppersmith|hi sorry!
|
|t:|1621982478
|move|p1a: Vikavolt|U-turn|p2a: Gliscor
|-resisted|p2a: Gliscor
|-damage|p2a: Gliscor|94\/100 tox
|
|t:|1621982484
|switch|p1a: Keldeo|Keldeo-Resolute|100\/100|[from]move: U-turn
|move|p2a: Gliscor|Earthquake|p1a: Keldeo
|-crit|p1a: Keldeo
|-damage|p1a: Keldeo|42\/100
|
|-heal|p2a: Gliscor|100\/100 tox|[from] ability: Poison Heal
|upkeep
|turn|31
|
|t:|1621982492
|switch|p2a: Alomomola|Alomomola, F|100\/100
|move|p1a: Keldeo|Flip Turn|p2a: Alomomola
|-resisted|p2a: Alomomola
|-damage|p2a: Alomomola|96\/100
|
|t:|1621982496
|switch|p1a: Vikavolt|Vikavolt-Mega, F|72\/100|[from]move: Flip Turn
|-start|p1a: Vikavolt|typechange|Bug\/Electric|[silent]
|-ability|p1a: Vikavolt|Download|boost
|-boost|p1a: Vikavolt|spa|1
|
|upkeep
|turn|32
|
|t:|1621982501
|switch|p2a: Gliscor|Gliscor, M|100\/100 tox
|move|p1a: Vikavolt|Bug Buzz|p2a: Gliscor
|-resisted|p2a: Gliscor
|-damage|p2a: Gliscor|66\/100 tox
|
|-heal|p2a: Gliscor|79\/100 tox|[from] ability: Poison Heal
|upkeep
|turn|33
|
|t:|1621982504
|move|p1a: Vikavolt|Bug Buzz|p2a: Gliscor
|-resisted|p2a: Gliscor
|-damage|p2a: Gliscor|42\/100 tox
|move|p2a: Gliscor|Earthquake|p1a: Vikavolt
|-damage|p1a: Vikavolt|46\/100
|
|-heal|p2a: Gliscor|54\/100 tox|[from] ability: Poison Heal
|upkeep
|turn|34
|
|t:|1621982511
|move|p1a: Vikavolt|Bug Buzz|p2a: Gliscor
|-resisted|p2a: Gliscor
|-damage|p2a: Gliscor|15\/100 tox
|move|p2a: Gliscor|Roost|p2a: Gliscor
|-heal|p2a: Gliscor|65\/100 tox
|-singleturn|p2a: Gliscor|move: Roost
|
|-heal|p2a: Gliscor|78\/100 tox|[from] ability: Poison Heal
|upkeep
|turn|35
|
|t:|1621982522
|move|p1a: Vikavolt|Bug Buzz|p2a: Gliscor
|-resisted|p2a: Gliscor
|-damage|p2a: Gliscor|44\/100 tox
|move|p2a: Gliscor|Earthquake|p1a: Vikavolt
|-damage|p1a: Vikavolt|15\/100
|
|-heal|p2a: Gliscor|56\/100 tox|[from] ability: Poison Heal
|upkeep
|turn|36
|
|t:|1621982527
|move|p1a: Vikavolt|Roost|p1a: Vikavolt
|-heal|p1a: Vikavolt|65\/100
|-singleturn|p1a: Vikavolt|move: Roost
|move|p2a: Gliscor|Roost|p2a: Gliscor
|-heal|p2a: Gliscor|100\/100 tox
|-singleturn|p2a: Gliscor|move: Roost
|
|upkeep
|turn|37
|
|t:|1621982533
|move|p1a: Vikavolt|Bug Buzz|p2a: Gliscor
|-resisted|p2a: Gliscor
|-damage|p2a: Gliscor|66\/100 tox
|move|p2a: Gliscor|Swords Dance|p2a: Gliscor
|-boost|p2a: Gliscor|atk|2
|
|-heal|p2a: Gliscor|78\/100 tox|[from] ability: Poison Heal
|upkeep
|turn|38
|
|t:|1621982541
|switch|p1a: Gliscor|Gliscor, F|100\/100 tox
|move|p2a: Gliscor|Earthquake|p1a: Gliscor
|-immune|p1a: Gliscor
|
|-heal|p2a: Gliscor|91\/100 tox|[from] ability: Poison Heal
|upkeep
|turn|39
|
|t:|1621982555
|move|p1a: Gliscor|U-turn|p2a: Gliscor
|-resisted|p2a: Gliscor
|-damage|p2a: Gliscor|84\/100 tox
|
|t:|1621982557
|switch|p1a: Amoonguss|Amoonguss, F|100\/100 brn|[from]move: U-turn
|move|p2a: Gliscor|Facade|p1a: Amoonguss
|-damage|p1a: Amoonguss|40\/100 brn
|
|-heal|p2a: Gliscor|97\/100 tox|[from] ability: Poison Heal
|-damage|p1a: Amoonguss|34\/100 brn|[from] brn
|upkeep
|turn|40
|
|t:|1621982563
|move|p2a: Gliscor|Facade|p1a: Amoonguss
|-damage|p1a: Amoonguss|0 fnt
|faint|p1a: Amoonguss
|
|-heal|p2a: Gliscor|100\/100 tox|[from] ability: Poison Heal
|upkeep
|
|t:|1621982567
|switch|p1a: Weavile|Weavile, M|84\/100
|-ability|p1a: Weavile|Pressure
|turn|41
|
|t:|1621982574
|switch|p1a: Vikavolt|Vikavolt-Mega, F|65\/100
|-start|p1a: Vikavolt|typechange|Bug\/Electric|[silent]
|-ability|p1a: Vikavolt|Download|boost
|-boost|p1a: Vikavolt|spa|1
|switch|p2a: Alomomola|Alomomola, F|100\/100
|
|upkeep
|turn|42
|
|t:|1621982580
|switch|p2a: Gliscor|Gliscor, M|100\/100 tox
|move|p1a: Vikavolt|Bug Buzz|p2a: Gliscor
|-resisted|p2a: Gliscor
|-damage|p2a: Gliscor|67\/100 tox
|
|-heal|p2a: Gliscor|79\/100 tox|[from] ability: Poison Heal
|upkeep
|turn|43
|
|t:|1621982584
|move|p1a: Vikavolt|Bug Buzz|p2a: Gliscor
|-resisted|p2a: Gliscor
|-damage|p2a: Gliscor|41\/100 tox
|move|p2a: Gliscor|Earthquake|p1a: Vikavolt
|-damage|p1a: Vikavolt|38\/100
|
|-heal|p2a: Gliscor|53\/100 tox|[from] ability: Poison Heal
|upkeep
|turn|44
|
|t:|1621982589
|move|p1a: Vikavolt|Bug Buzz|p2a: Gliscor
|-resisted|p2a: Gliscor
|-damage|p2a: Gliscor|17\/100 tox
|move|p2a: Gliscor|Roost|p2a: Gliscor
|-heal|p2a: Gliscor|67\/100 tox
|-singleturn|p2a: Gliscor|move: Roost
|
|-heal|p2a: Gliscor|79\/100 tox|[from] ability: Poison Heal
|upkeep
|turn|45
|
|t:|1621982594
|move|p1a: Vikavolt|Bug Buzz|p2a: Gliscor
|-resisted|p2a: Gliscor
|-damage|p2a: Gliscor|41\/100 tox
|-unboost|p2a: Gliscor|spd|1
|move|p2a: Gliscor|Swords Dance|p2a: Gliscor
|-boost|p2a: Gliscor|atk|2
|
|-heal|p2a: Gliscor|54\/100 tox|[from] ability: Poison Heal
|upkeep
|turn|46
|j| harmony96369
|
|t:|1621982602
|switch|p2a: Dragonite|Dragonite, M|80\/100
|move|p1a: Vikavolt|Thunder Cage|p2a: Dragonite
|-damage|p2a: Dragonite|17\/100
|-activate|p2a: Dragonite|move: Thunder Cage|[of] p1a: Vikavolt
|
|-damage|p2a: Dragonite|4\/100|[from] move: Thunder Cage|[partiallytrapped]
|upkeep
|turn|47
|c| harmony96369|should i be here?
|
|t:|1621982609
|move|p1a: Vikavolt|Thunder Cage|p2a: Dragonite
|-damage|p2a: Dragonite|0 fnt
|faint|p2a: Dragonite
|
|upkeep
|
|t:|1621982616
|switch|p2a: Gliscor|Gliscor, M|54\/100 tox
|turn|48
|j| Gravity Monkey
|
|t:|1621982621
|switch|p1a: Weavile|Weavile, M|84\/100
|-ability|p1a: Weavile|Pressure
|move|p2a: Gliscor|Roost|p2a: Gliscor
|-heal|p2a: Gliscor|100\/100 tox
|-singleturn|p2a: Gliscor|move: Roost
|
|upkeep
|turn|49
|
|t:|1621982626
|switch|p1a: Heatran|Heatran, M|100\/100
|switch|p2a: Alomomola|Alomomola, F|100\/100
|
|upkeep
|turn|50
|c| Gravity Monkey|EE EZ WIN
|
|t:|1621982633
|switch|p2a: Gliscor|Gliscor, M|100\/100 tox
|move|p1a: Heatran|Magma Storm|p2a: Gliscor
|-damage|p2a: Gliscor|55\/100 tox
|-activate|p2a: Gliscor|move: Magma Storm|[of] p1a: Heatran
|
|-heal|p2a: Gliscor|68\/100 tox|[from] ability: Poison Heal
|-damage|p2a: Gliscor|55\/100 tox|[from] move: Magma Storm|[partiallytrapped]
|upkeep
|turn|51
|
|t:|1621982643
|move|p2a: Gliscor|Earthquake|p1a: Heatran
|-supereffective|p1a: Heatran
|-damage|p1a: Heatran|0 fnt
|faint|p1a: Heatran
|
|-heal|p2a: Gliscor|68\/100 tox|[from] ability: Poison Heal
|-end|p2a: Gliscor|Magma Storm|[partiallytrapped]|[silent]
|upkeep
|
|t:|1621982646
|switch|p1a: Weavile|Weavile, M|84\/100
|-ability|p1a: Weavile|Pressure
|turn|52
|
|t:|1621982650
|-activate|p2a: Gliscor|move: Pursuit
|move|p1a: Weavile|Pursuit|p2a: Gliscor|[from]Pursuit
|-damage|p2a: Gliscor|19\/100 tox
|switch|p2a: Alomomola|Alomomola, F|100\/100
|
|upkeep
|turn|53
|
|t:|1621982660
|switch|p1a: Vikavolt|Vikavolt-Mega, F|38\/100
|-start|p1a: Vikavolt|typechange|Bug\/Electric|[silent]
|-ability|p1a: Vikavolt|Download|boost
|-boost|p1a: Vikavolt|spa|1
|move|p2a: Alomomola|Scald|p1a: Vikavolt
|-damage|p1a: Vikavolt|24\/100
|-status|p1a: Vikavolt|brn
|
|-damage|p1a: Vikavolt|18\/100 brn|[from] brn
|upkeep
|turn|54
|
|t:|1621982668
|move|p2a: Alomomola|Protect|p2a: Alomomola
|-singleturn|p2a: Alomomola|Protect
|move|p1a: Vikavolt|Roost|p1a: Vikavolt
|-heal|p1a: Vikavolt|68\/100 brn
|-singleturn|p1a: Vikavolt|move: Roost
|
|-damage|p1a: Vikavolt|62\/100 brn|[from] brn
|upkeep
|turn|55
|
|t:|1621982681
|switch|p2a: Clefable|Clefable, F|100\/100
|move|p1a: Vikavolt|Thunder Cage|p2a: Clefable
|-damage|p2a: Clefable|57\/100
|-activate|p2a: Clefable|move: Thunder Cage|[of] p1a: Vikavolt
|
|-heal|p2a: Clefable|63\/100|[from] item: Leftovers
|-damage|p1a: Vikavolt|56\/100 brn|[from] brn
|-damage|p2a: Clefable|51\/100|[from] move: Thunder Cage|[partiallytrapped]
|upkeep
|turn|56
|
|t:|1621982686
|move|p1a: Vikavolt|Thunder Cage|p2a: Clefable
|-damage|p2a: Clefable|10\/100
|move|p2a: Clefable|Flamethrower|p1a: Vikavolt
|-supereffective|p1a: Vikavolt
|-damage|p1a: Vikavolt|17\/100 brn
|
|-heal|p2a: Clefable|16\/100|[from] item: Leftovers
|-damage|p1a: Vikavolt|11\/100 brn|[from] brn
|-damage|p2a: Clefable|4\/100|[from] move: Thunder Cage|[partiallytrapped]
|upkeep
|turn|57
|
|t:|1621982692
|move|p1a: Vikavolt|Thunder Cage|p2a: Clefable|[miss]
|-miss|p1a: Vikavolt|p2a: Clefable
|move|p2a: Clefable|Flamethrower|p1a: Vikavolt
|-supereffective|p1a: Vikavolt
|-damage|p1a: Vikavolt|0 fnt
|faint|p1a: Vikavolt
|
|-heal|p2a: Clefable|10\/100|[from] item: Leftovers
|-end|p2a: Clefable|Thunder Cage|[partiallytrapped]|[silent]
|upkeep
|c|☆exploziff|u_u
|
|t:|1621982706
|switch|p1a: Keldeo|Keldeo-Resolute|42\/100
|turn|58
|c| harmony96369|oof
|c| Time to chill|What was that
|c|☆Coppersmith|uh, you got the spd drop on gliscor that forced the dnite sack so i dont feel super bad
|c| Time to chill|Miss click?
|c|☆exploziff|i got 2 spe drop
|c|☆Coppersmith|i apologize tho
|
|t:|1621982742
|move|p1a: Keldeo|Scald|p2a: Clefable
|-damage|p2a: Clefable|0 fnt
|faint|p2a: Clefable
|
|upkeep
|c| TheRubySamurai|NO MERCY
|c|☆exploziff|on 14 bug buzz
|c| TheRubySamurai|Sorry exploziff though :[
|c|☆exploziff|you can't call that hax
|c|☆Coppersmith|:\/ technically thats lucky, if it comes at the right time
|
|t:|1621982770
|switch|p2a: Alomomola|Alomomola, F|100\/100
|turn|59
|
|t:|1621982777
|move|p1a: Keldeo|Scald|p2a: Alomomola
|-resisted|p2a: Alomomola
|-damage|p2a: Alomomola|81\/100
|move|p2a: Alomomola|Scald|p1a: Keldeo
|-resisted|p1a: Keldeo
|-damage|p1a: Keldeo|34\/100
|-status|p1a: Keldeo|brn
|
|-damage|p1a: Keldeo|28\/100 brn|[from] brn
|upkeep
|turn|60
|c| TheRubySamurai|scald burn lets goooooo
|
|t:|1621982792
|move|p2a: Alomomola|Protect|p2a: Alomomola
|-singleturn|p2a: Alomomola|Protect
|move|p1a: Keldeo|Scald|p2a: Alomomola
|-activate|p2a: Alomomola|move: Protect
|
|-damage|p1a: Keldeo|22\/100 brn|[from] brn
|upkeep
|turn|61
|c|☆Coppersmith|i feel bad but not so terrible about it, my b tho
|
|t:|1621982817
|move|p1a: Keldeo|Scald|p2a: Alomomola
|-resisted|p2a: Alomomola
|-damage|p2a: Alomomola|60\/100
|move|p2a: Alomomola|Scald|p1a: Keldeo
|-resisted|p1a: Keldeo
|-damage|p1a: Keldeo|14\/100 brn
|
|-damage|p1a: Keldeo|8\/100 brn|[from] brn
|upkeep
|turn|62
|c| harmony96369|COPPER SHUT UP
|
|t:|1621982823
|move|p2a: Alomomola|Protect|p2a: Alomomola
|-singleturn|p2a: Alomomola|Protect
|move|p1a: Keldeo|Scald|p2a: Alomomola
|-activate|p2a: Alomomola|move: Protect
|
|-damage|p1a: Keldeo|2\/100 brn|[from] brn
|upkeep
|turn|63
|c|☆Coppersmith|um
|l| harmony96369
|l| Gravity Monkey
|
|t:|1621982873
|switch|p2a: Garbodor|Garbodor-Mega, F|95\/100 slp
|-start|p2a: Garbodor|typechange|Poison|[silent]
|move|p1a: Keldeo|Scald|p2a: Garbodor
|-damage|p2a: Garbodor|72\/100 slp
|
|-damage|p1a: Keldeo|0 fnt|[from] brn
|faint|p1a: Keldeo
|upkeep
|
|t:|1621982884
|switch|p1a: Weavile|Weavile, M|84\/100
|-ability|p1a: Weavile|Pressure
|turn|64
|
|t:|1621982888
|switch|p2a: Alomomola|Alomomola, F|94\/100
|move|p1a: Weavile|Triple Axel|p2a: Alomomola
|-resisted|p2a: Alomomola
|-damage|p2a: Alomomola|89\/100
|-resisted|p2a: Alomomola
|-crit|p2a: Alomomola
|-damage|p2a: Alomomola|75\/100
|-resisted|p2a: Alomomola
|-damage|p2a: Alomomola|63\/100
|-hitcount|p2a: Alomomola|3
|
|upkeep
|turn|65
|
|t:|1621982892
|move|p1a: Weavile|Triple Axel|p2a: Alomomola
|-resisted|p2a: Alomomola
|-damage|p2a: Alomomola|58\/100
|-resisted|p2a: Alomomola
|-damage|p2a: Alomomola|49\/100
|-resisted|p2a: Alomomola
|-damage|p2a: Alomomola|35\/100
|-hitcount|p2a: Alomomola|3
|move|p2a: Alomomola|Wish|p2a: Alomomola
|
|upkeep
|turn|66
|
|t:|1621982899
|move|p2a: Alomomola|Protect|p2a: Alomomola
|-singleturn|p2a: Alomomola|Protect
|move|p1a: Weavile|Triple Axel|p2a: Alomomola
|-activate|p2a: Alomomola|move: Protect
|
|-heal|p2a: Alomomola|85\/100|[from] move: Wish|[wisher] Alomomola
|upkeep
|turn|67
|c|☆exploziff|well 'gg'
|
|t:|1621982923
|move|p1a: Weavile|Triple Axel|p2a: Alomomola
|-resisted|p2a: Alomomola
|-damage|p2a: Alomomola|80\/100
|-resisted|p2a: Alomomola
|-damage|p2a: Alomomola|71\/100
|-resisted|p2a: Alomomola
|-damage|p2a: Alomomola|58\/100
|-hitcount|p2a: Alomomola|3
|move|p2a: Alomomola|Scald|p1a: Weavile
|-damage|p1a: Weavile|67\/100
|
|upkeep
|turn|68
|
|t:|1621982930
|move|p1a: Weavile|Triple Axel|p2a: Alomomola
|-resisted|p2a: Alomomola
|-damage|p2a: Alomomola|54\/100
|-resisted|p2a: Alomomola
|-damage|p2a: Alomomola|45\/100
|-resisted|p2a: Alomomola
|-damage|p2a: Alomomola|33\/100
|-hitcount|p2a: Alomomola|3
|move|p2a: Alomomola|Wish|p2a: Alomomola
|
|upkeep
|turn|69
|
|t:|1621982937
|move|p2a: Alomomola|Protect|p2a: Alomomola
|-singleturn|p2a: Alomomola|Protect
|move|p1a: Weavile|Triple Axel|p2a: Alomomola
|-activate|p2a: Alomomola|move: Protect
|
|-heal|p2a: Alomomola|82\/100|[from] move: Wish|[wisher] Alomomola
|upkeep
|turn|70
|
|t:|1621982942
|move|p1a: Weavile|Triple Axel|p2a: Alomomola
|-resisted|p2a: Alomomola
|-damage|p2a: Alomomola|78\/100
|-resisted|p2a: Alomomola
|-damage|p2a: Alomomola|69\/100
|-resisted|p2a: Alomomola
|-damage|p2a: Alomomola|56\/100
|-hitcount|p2a: Alomomola|3
|move|p2a: Alomomola|Wish|p2a: Alomomola
|
|upkeep
|turn|71
|
|t:|1621982949
|move|p1a: Weavile|Triple Axel|p2a: Alomomola|[miss]
|-miss|p1a: Weavile|p2a: Alomomola
|move|p2a: Alomomola|Scald|p1a: Weavile
|-damage|p1a: Weavile|49\/100
|
|-heal|p2a: Alomomola|100\/100|[from] move: Wish|[wisher] Alomomola
|upkeep
|turn|72
|
|t:|1621982952
|move|p1a: Weavile|Triple Axel|p2a: Alomomola
|-resisted|p2a: Alomomola
|-damage|p2a: Alomomola|96\/100
|-resisted|p2a: Alomomola
|-damage|p2a: Alomomola|87\/100
|-resisted|p2a: Alomomola
|-damage|p2a: Alomomola|75\/100
|-hitcount|p2a: Alomomola|3
|move|p2a: Alomomola|Scald|p1a: Weavile
|-damage|p1a: Weavile|31\/100
|
|upkeep
|turn|73
|
|t:|1621982956
|move|p1a: Weavile|Triple Axel|p2a: Alomomola
|-resisted|p2a: Alomomola
|-damage|p2a: Alomomola|70\/100
|-resisted|p2a: Alomomola
|-damage|p2a: Alomomola|61\/100
|-hitcount|p2a: Alomomola|2
|move|p2a: Alomomola|Scald|p1a: Weavile
|-damage|p1a: Weavile|14\/100
|
|upkeep
|turn|74
|
|t:|1621982960
|move|p1a: Weavile|Triple Axel|p2a: Alomomola
|-resisted|p2a: Alomomola
|-damage|p2a: Alomomola|57\/100
|-resisted|p2a: Alomomola
|-damage|p2a: Alomomola|47\/100
|-resisted|p2a: Alomomola
|-damage|p2a: Alomomola|34\/100
|-hitcount|p2a: Alomomola|3
|move|p2a: Alomomola|Scald|p1a: Weavile
|-damage|p1a: Weavile|0 fnt
|faint|p1a: Weavile
|
|upkeep
|
|t:|1621982965
|switch|p1a: Gliscor|Gliscor, F|100\/100 tox
|turn|75
|
|t:|1621982968
|switch|p2a: Gliscor|Gliscor, M|19\/100 tox
|move|p1a: Gliscor|Earthquake|p2a: Gliscor
|-immune|p2a: Gliscor
|
|-heal|p2a: Gliscor|31\/100 tox|[from] ability: Poison Heal
|upkeep
|turn|76
|-message|exploziff forfeited.
|
|win|Coppersmith
|c|☆Coppersmith|gg
|j| harmony96369
|c| TheRubySamurai|Lets goooooo
|c| TheRubySamurai|game 1
|c| TheRubySamurai|through
|j| TEST do .bos
|c| harmony96369|pog
|l| TEST do .bos
|l| harmony96369
|l| Not Xed
|c| Time to chill|Download replay, bit
|c| Time to chill|Congratulations to you your first win!
|l| TEST Sticky Fingaa
|j| TEST do .bos
|c|☆Coppersmith|Blue
|c|☆Coppersmith|would you get it? unfortunately my device doesnt allow
|l| Ninjacid</script>
</div>
<div class="battle-log battle-log-inline"><div class="inner"><div class="battle-options"><div style="padding-top: 3px; padding-right: 3px; text-align: right"><button class="icon button" name="openBattleOptions" title="Options">Battle Options</button></div></div><div class="inner message-log"><div class="chat"><small>☆exploziff and ☆Coppersmith joined</small></div><div class=""><small>Format:</small> <br><strong>[Gen 8] Megas for All</strong></div><div class=""><small><em>HP Percentage Mod:</em> HP is shown in percentages</small></div><div class=""><small><em>Endless Battle Clause:</em> Forcing endless battles is banned</small></div><div class=""><small><em>OHKO Clause:</em> OHKO moves are banned</small></div><div class=""><small><em>Evasion Moves Clause:</em> Evasion moves are banned</small></div><div class=""><small><em>Species Clause:</em> Limit one of each Pokémon</small></div><div class=""><small><em>Dynamax Clause:</em> You cannot dynamax</small></div><div class=""><small><em>Sleep Clause Mod:</em> Limit one foe put to sleep</small></div><div class=""><small><em>Freeze Clause Mod:</em> Limit one foe frozen</small></div><div class="chat"><img src="https://www.smogon.com/forums/attachments/banner_2-png.302358/" height="65" width="381"></div><div class="spacer battle-history"><br></div><div class="battle-history"><small>Welcome to Megas for All!</small><br></div><div class="battle-history"><small>This is a National Dex-based format where we aim to give a new Mega Evolution to every Pokémon.</small><br></div><div class="battle-history"><small>Just like any official format, you can still only Mega Evolve one Pokémon per team!</small><br></div><div class="battle-history"><small>You can find our thread and metagame resources here:</small><br></div><div class="battle-history"><small>https://www.smogon.com/forums/threads/3671140/</small><br></div><div class="chat battle-history"><strong>exploziff's team:</strong> <em style="color:#445566;display:block;">Vikavolt / Gliscor / Amoonguss / Heatran / Weavile / Keldeo-Resolute</em></div><div class="chat battle-history"><strong>Coppersmith's team:</strong> <em style="color:#445566;display:block;">Chansey / Dragonite / Gliscor / Garbodor / Alomomola / Clefable</em></div><div class="chat"><small> Ninjacid joined</small></div><div class="chat chatmessage-ninjacid"><strong style="color:#c62447"><small> </small><span class="username" data-name="Ninjacid">Ninjacid</span>:</strong> <em>Good luck both of you, but especially bit!</em></div><div class="chat chatmessage-exploziff"><strong style="color:#70a52f"><small>☆</small><span class="username" data-name="exploziff">exploziff</span>:</strong> <em>gl hf</em></div><div class="chat"><small> TEST Sticky Fingaa joined</small></div><div class="chat chatmessage-teststickyfingaa"><strong style="color:#437bad"><small> </small><span class="username" data-name="TEST Sticky Fingaa">TEST Sticky Fingaa</span>:</strong> <em>glhf both</em></div><div class="chat"><small> Time to chill joined</small></div><div class="chat chatmessage-teststickyfingaa"><strong style="color:#437bad"><small> </small><span class="username" data-name="TEST Sticky Fingaa">TEST Sticky Fingaa</span>:</strong> <em>but also</em></div><div class="chat"><small> kiloude pupu joined</small></div><div class="chat chatmessage-teststickyfingaa"><strong style="color:#437bad"><small> </small><span class="username" data-name="TEST Sticky Fingaa">TEST Sticky Fingaa</span>:</strong> <em>LET'S GO KROOKS</em></div><div class="chat chatmessage-timetochill mine"><strong style="color:#338e9e"><small> </small><span class="username" data-name="Time to chill">Time to chill</span>:</strong> <em>Glhf!</em></div><div class="chat"><small> TheRubySamurai joined</small></div><div class="chat chatmessage-timetochill mine"><strong style="color:#338e9e"><small> </small><span class="username" data-name="Time to chill">Time to chill</span>:</strong> <em>Let's goooo, Bit!!!!</em></div><div class="chat chatmessage-therubysamurai"><strong style="color:#de177a"><small> </small><span class="username" data-name="TheRubySamurai">TheRubySamurai</span>:</strong> <em>glhf both, Lets goooooo Bitio though</em></div><div class="chat chatmessage-kiloudepupu"><strong style="color:#0fa5ca"><small> </small><span class="username" data-name="kiloude pupu">kiloude pupu</span>:</strong> <em>let's go biiiit</em></div><div class="spacer battle-history"><br></div><div class="battle-history">Battle started between exploziff and Coppersmith!<br></div><div class="spacer battle-history"><br></div><div class="battle-history">exploziff sent out <strong>Weavile</strong>!<br></div><div class="spacer battle-history"><br></div><div class="battle-history">Go! <strong>Gliscor</strong>!<br></div><div class="battle-history">[The opposing Weavile's Pressure]<br><small>The opposing Weavile is exerting its pressure!</small><br></div><div class="spacer battle-history"><br></div><h2 class="battle-history">Turn 1</h2><div class="chat chatmessage-ninjacid"><strong style="color:#c62447"><small> </small><span class="username" data-name="Ninjacid">Ninjacid</span>:</strong> <em>Bit</em></div><div class="chat chatmessage-ninjacid"><strong style="color:#c62447"><small> </small><span class="username" data-name="Ninjacid">Ninjacid</span>:</strong> <em>bit</em></div><div class="chat chatmessage-ninjacid"><strong style="color:#c62447"><small> </small><span class="username" data-name="Ninjacid">Ninjacid</span>:</strong> <em>bit</em></div><div class="chat chatmessage-ninjacid"><strong style="color:#c62447"><small> </small><span class="username" data-name="Ninjacid">Ninjacid</span>:</strong> <em>bit</em></div><div class="chat chatmessage-ninjacid"><strong style="color:#c62447"><small> </small><span class="username" data-name="Ninjacid">Ninjacid</span>:</strong> <em>bit</em></div><div class="spacer battle-history"><br></div><div class="battle-history">Gliscor, come back!<br></div><div class="battle-history">Go! <strong>Alomomola</strong>!<br></div><div class="spacer battle-history"><br></div><div class="battle-history">The opposing Weavile used <strong>Knock Off</strong>!<br></div><div class="battle-history"><small>(Alomomola lost 44% of its health!)</small><br></div><div class="battle-history"><small>The opposing Weavile was hurt by the Rocky Helmet!</small><br></div><div class="battle-history"><small>The opposing Weavile knocked off Alomomola's Rocky Helmet!</small><br></div><div class="spacer battle-history"><br></div><h2 class="battle-history">Turn 2</h2><div class="spacer battle-history"><br></div><div class="battle-history">exploziff withdrew Weavile!<br></div><div class="battle-history">exploziff sent out <strong>Amoonguss</strong>!<br></div><div class="spacer battle-history"><br></div><div class="battle-history">Alomomola used <strong>Wish</strong>!<br></div><div class="spacer battle-history"><br></div><h2 class="battle-history">Turn 3</h2><div class="spacer battle-history"><br></div><div class="battle-history">Alomomola used <strong>Protect</strong>!<br></div><div class="battle-history"><small>Alomomola protected itself!</small><br></div><div class="spacer battle-history"><br></div><div class="battle-history">The opposing Amoonguss used <strong>Spore</strong>!<br></div><div class="battle-history"><small>Alomomola protected itself!</small><br></div><div class="spacer battle-history"><br></div><div class="battle-history"><small>Alomomola's wish came true!</small><br></div><div class="spacer battle-history"><br></div><h2 class="battle-history">Turn 4</h2><div class="chat"><small>☆Coppersmith left</small></div><div class="chat chatmessage-therubysamurai"><strong style="color:#de177a"><small> </small><span class="username" data-name="TheRubySamurai">TheRubySamurai</span>:</strong> <em>Wifi do be like that sometimes</em></div><div class="chat chatmessage-exploziff"><strong style="color:#70a52f"><small>☆</small><span class="username" data-name="exploziff">exploziff</span>:</strong> <em>timer is a wincond</em></div><div class="chat chatmessage-ninjacid"><strong style="color:#c62447"><small> </small><span class="username" data-name="Ninjacid">Ninjacid</span>:</strong> <em>XD no</em></div><div class="chat"><small>☆Coppersmith joined</small></div><div class="spacer battle-history"><br></div><div class="battle-history">Alomomola, come back!<br></div><div class="battle-history">Go! <strong>Chansey</strong>!<br></div><div class="spacer battle-history"><br></div><div class="battle-history">The opposing Amoonguss used <strong>Spore</strong>!<br></div><div class="battle-history"><small>Chansey fell asleep!</small><br></div><div class="spacer battle-history"><br></div><h2 class="battle-history">Turn 5</h2><div class="chat"><small> Ninjacid left</small></div><div class="spacer battle-history"><br></div><div class="battle-history">Chansey, come back!<br></div><div class="battle-history">Go! <strong>Dragonite</strong>!<br></div><div class="spacer battle-history"><br></div><div class="battle-history">exploziff withdrew Amoonguss!<br></div><div class="battle-history">exploziff sent out <strong>Weavile</strong>!<br></div><div class="battle-history">[The opposing Weavile's Pressure]<br><small>The opposing Weavile is exerting its pressure!</small><br></div><div class="spacer battle-history"><br></div><h2 class="battle-history">Turn 6</h2><div class="chat"><small> Ninjacid joined</small></div><div class="spacer battle-history"><br></div><div class="battle-history">Dragonite, come back!<br></div><div class="battle-history">Go! <strong>Alomomola</strong>!<br></div><div class="spacer battle-history"><br></div><div class="battle-history">The opposing Weavile used <strong>Triple Axel</strong>!<br></div><div class="battle-history"><small>It's not very effective...</small><br></div><div class="battle-history"><small>A critical hit!</small><br></div><div class="battle-history"><small>(Alomomola lost 6% of its health!)</small><br></div><div class="battle-history"><small>It's not very effective...</small><br></div><div class="battle-history"><small>(Alomomola lost 10% of its health!)</small><br></div><div class="battle-history"><small>It's not very effective...</small><br></div><div class="battle-history"><small>(Alomomola lost 12% of its health!)</small><br></div><div class="battle-history"><small>The Pokémon was hit 3 times!</small><br></div><div class="spacer battle-history"><br></div><h2 class="battle-history">Turn 7</h2><div class="spacer battle-history"><br></div><div class="battle-history">exploziff withdrew Weavile!<br></div><div class="battle-history">exploziff sent out <strong>Amoonguss</strong>!<br></div><div class="spacer battle-history"><br></div><div class="battle-history">Alomomola used <strong>Scald</strong>!<br></div><div class="battle-history"><small>It's not very effective...</small><br></div><div class="battle-history"><small>(The opposing Amoonguss lost 4% of its health!)</small><br></div><div class="battle-history"><small>The opposing Amoonguss was burned!</small><br></div><div class="spacer battle-history"><br></div><div class="battle-history"><small>The opposing Amoonguss restored a little HP using its Black Sludge!</small><br></div><div class="battle-history"><small>The opposing Amoonguss was hurt by its burn!</small><br></div><div class="spacer battle-history"><br></div><h2 class="battle-history">Turn 8</h2><div class="spacer battle-history"><br></div><div class="battle-history">Alomomola, come back!<br></div><div class="battle-history">Go! <strong>Chansey</strong>!<br></div><div class="spacer battle-history"><br></div><div class="battle-history">exploziff withdrew Amoonguss!<br></div><div class="battle-history">exploziff sent out <strong>Vikavolt</strong>!<br></div><div class="spacer battle-history"><br></div><h2 class="battle-history">Turn 9</h2><div class="spacer battle-history"><br></div><div class="battle-history"><small>The opposing Vikavolt's Vikavoltite is reacting to the Key Stone!</small><br>The opposing Vikavolt has Mega Evolved into Mega Vikavolt!<br></div><div class="battle-history">[The opposing Vikavolt's Download]<br></div><div class="battle-history"><small>The opposing Vikavolt's Attack rose!</small><br></div><div class="chat"><ul class="utilichart"><li class="result"><span class="col pokemonnamecol" style="white-space: nowrap">Vikavolt-Mega</span> <span class="col typecol"><img src="https://play.pokemonshowdown.com/sprites/types/Bug.png" alt="Bug" height="14" width="32"><img src="https://play.pokemonshowdown.com/sprites/types/Electric.png" alt="Electric" height="14" width="32"></span> <span style="float: left ; min-height: 26px"><span class="col abilitycol">Download</span><span class="col abilitycol"></span></span><span style="float: left ; min-height: 26px"><span class="col statcol"><em>HP</em><br>77</span> <span class="col statcol"><em>Atk</em><br>70</span> <span class="col statcol"><em>Def</em><br>110</span> <span class="col statcol"><em>SpA</em><br>145</span> <span class="col statcol"><em>SpD</em><br>110</span> <span class="col statcol"><em>Spe</em><br>88</span> </span></li><li style="clear: both"></li></ul></div><div class="spacer battle-history"><br></div><div class="battle-history">The opposing Vikavolt used <strong>U-turn</strong>!<br></div><div class="battle-history"><small>(Chansey lost 16% of its health!)</small><br></div><div class="spacer battle-history"><br></div><div class="battle-history">The opposing Vikavolt went back to exploziff!<br></div><div class="battle-history">exploziff sent out <strong>Gliscor</strong>!<br></div><div class="spacer battle-history"><br></div><div class="battle-history">Chansey used <strong>Toxic</strong>!<br></div><div class="battle-history"><small>The opposing Gliscor was badly poisoned!</small><br></div><div class="spacer battle-history"><br></div><h2 class="battle-history">Turn 10</h2><div class="spacer battle-history"><br></div><div class="battle-history">Chansey, come back!<br></div><div class="battle-history">Go! <strong>Alomomola</strong>!<br></div><div class="spacer battle-history"><br></div><div class="battle-history">The opposing Gliscor used <strong>U-turn</strong>!<br></div><div class="battle-history"><small>(Alomomola lost 9% of its health!)</small><br></div><div class="spacer battle-history"><br></div><div class="battle-history">The opposing Gliscor went back to exploziff!<br></div><div class="battle-history">exploziff sent out Vikavolt (<strong>Vikavolt-Mega</strong>)!<br></div><div class="battle-history">[The opposing Vikavolt's Download]<br></div><div class="battle-history"><small>The opposing Vikavolt's Sp. Atk rose!</small><br></div><div class="spacer battle-history"><br></div><h2 class="battle-history">Turn 11</h2><div class="spacer battle-history"><br></div><div class="battle-history">Alomomola, come back!<br></div><div class="battle-history">Go! <strong>Chansey</strong>!<br></div><div class="spacer battle-history"><br></div><div class="battle-history">The opposing Vikavolt used <strong>Thunder Cage</strong>!<br></div><div class="battle-history"><small>(Chansey lost 19% of its health!)</small><br></div><div class="battle-history"><small>The opposing Vikavolt trapped Chansey!</small><br></div><div class="spacer battle-history"><br></div><div class="battle-history"><small>Chansey is hurt by Thunder Cage!</small><br></div><div class="spacer battle-history"><br></div><h2 class="battle-history">Turn 12</h2><div class="spacer battle-history"><br></div><div class="battle-history">The opposing Vikavolt used <strong>Bug Buzz</strong>!<br></div><div class="battle-history"><small>(Chansey lost 20% of its health!)</small><br></div><div class="spacer battle-history"><br></div><div class="battle-history">Chansey used <strong>Seismic Toss</strong>!<br></div><div class="battle-history"><small>(The opposing Vikavolt lost 28% of its health!)</small><br></div><div class="spacer battle-history"><br></div><div class="battle-history"><small>Chansey is hurt by Thunder Cage!</small><br></div><div class="spacer battle-history"><br></div><h2 class="battle-history">Turn 13</h2><div class="spacer battle-history"><br></div><div class="battle-history">The opposing Vikavolt used <strong>Bug Buzz</strong>!<br></div><div class="battle-history"><small>(Chansey lost 19% of its health!)</small><br></div><div class="spacer battle-history"><br></div><div class="battle-history">Chansey fainted!<br></div><div class="chat"><small> kiloude pupu left</small></div><div class="chat chatmessage-teststickyfingaa"><strong style="color:#437bad"><small> </small><span class="username" data-name="TEST Sticky Fingaa">TEST Sticky Fingaa</span>:</strong> <em>nooo</em></div><div class="spacer battle-history"><br></div><div class="battle-history">Go! <strong>Garbodor</strong>!<br></div><div class="spacer battle-history"><br></div><h2 class="battle-history">Turn 14</h2><div class="spacer battle-history"><br></div><div class="battle-history"><small>Garbodor's Garbodorite is reacting to the Key Stone!</small><br>Garbodor has Mega Evolved into Mega Garbodor!<br></div><div class="chat"><ul class="utilichart"><li class="result"><span class="col pokemonnamecol" style="white-space: nowrap">Garbodor-Mega</span> <span class="col typecol"><img src="https://play.pokemonshowdown.com/sprites/types/Poison.png" alt="Poison" height="14" width="32"></span> <span style="float: left ; min-height: 26px"><span class="col abilitycol">Trash Compactor</span><span class="col abilitycol"></span></span><span style="float: left ; min-height: 26px"><span class="col statcol"><em>HP</em><br>80</span> <span class="col statcol"><em>Atk</em><br>95</span> <span class="col statcol"><em>Def</em><br>132</span> <span class="col statcol"><em>SpA</em><br>95</span> <span class="col statcol"><em>SpD</em><br>132</span> <span class="col statcol"><em>Spe</em><br>40</span> </span></li><li style="clear: both"></li></ul></div><div class="spacer battle-history"><br></div><div class="battle-history">The opposing Vikavolt used <strong>U-turn</strong>!<br></div><div class="battle-history"><small>It's not very effective...</small><br></div><div class="battle-history"><small>(Garbodor lost 5% of its health!)</small><br></div><div class="spacer battle-history"><br></div><div class="battle-history">The opposing Vikavolt went back to exploziff!<br></div><div class="battle-history">exploziff sent out <strong>Amoonguss</strong>!<br></div><div class="spacer battle-history"><br></div><div class="battle-history">Garbodor used <strong>Sludge Bomb</strong>!<br></div><div class="battle-history"><small>(The opposing Amoonguss lost 19% of its health!)</small><br></div><div class="spacer battle-history"><br></div><div class="battle-history"><small>The opposing Amoonguss restored a little HP using its Black Sludge!</small><br></div><div class="battle-history"><small>The opposing Amoonguss was hurt by its burn!</small><br></div><div class="spacer battle-history"><br></div><h2 class="battle-history">Turn 15</h2><div class="spacer battle-history"><br></div><div class="battle-history">Garbodor used <strong>Knock Off</strong>!<br></div><div class="battle-history"><small>(The opposing Amoonguss lost 20% of its health!)</small><br></div><div class="battle-history"><small>Garbodor knocked off the opposing Amoonguss's Black Sludge!</small><br></div><div class="spacer battle-history"><br></div><div class="battle-history">The opposing Amoonguss used <strong>Spore</strong>!<br></div><div class="battle-history"><small>Garbodor fell asleep!</small><br></div><div class="spacer battle-history"><br></div><div class="battle-history"><small>The opposing Amoonguss was hurt by its burn!</small><br></div><div class="spacer battle-history"><br></div><h2 class="battle-history">Turn 16</h2><div class="spacer battle-history"><br></div><div class="battle-history">Garbodor, come back!<br></div><div class="battle-history">Go! <strong>Gliscor</strong>!<br></div><div class="spacer battle-history"><br></div><div class="battle-history">exploziff withdrew Amoonguss!<br></div><div class="battle-history">exploziff sent out <strong>Weavile</strong>!<br></div><div class="battle-history">[The opposing Weavile's Pressure]<br><small>The opposing Weavile is exerting its pressure!</small><br></div><div class="spacer battle-history"><br></div><div class="battle-history"><small>Gliscor was badly poisoned!</small><br></div><div class="spacer battle-history"><br></div><h2 class="battle-history">Turn 17</h2><div class="chat"><small> Kp_volty joined</small></div><div class="spacer battle-history"><br></div><div class="battle-history">exploziff withdrew Weavile!<br></div><div class="battle-history">exploziff sent out Vikavolt (<strong>Vikavolt-Mega</strong>)!<br></div><div class="battle-history">[The opposing Vikavolt's Download]<br></div><div class="battle-history"><small>The opposing Vikavolt's Sp. Atk rose!</small><br></div><div class="spacer battle-history"><br></div><div class="battle-history">Gliscor, come back!<br></div><div class="battle-history">Go! <strong>Alomomola</strong>!<br></div><div class="spacer battle-history"><br></div><h2 class="battle-history">Turn 18</h2><div class="spacer battle-history"><br></div><div class="battle-history">Alomomola used <strong>Protect</strong>!<br></div><div class="battle-history"><small>Alomomola protected itself!</small><br></div><div class="spacer battle-history"><br></div><div class="battle-history">The opposing Vikavolt used <strong>Bug Buzz</strong>!<br></div><div class="battle-history"><small>Alomomola protected itself!</small><br></div><div class="spacer battle-history"><br></div><h2 class="battle-history">Turn 19</h2><div class="chat chatmessage-kpvolty"><strong style="color:#be2328"><small> </small><span class="username" data-name="Kp_volty">Kp_volty</span>:</strong> <em>This is what you call an important battle?</em></div><div class="chat chatmessage-ninjacid"><strong style="color:#c62447"><small> </small><span class="username" data-name="Ninjacid">Ninjacid</span>:</strong> <em>Yes</em></div><div class="chat chatmessage-kpvolty"><strong style="color:#be2328"><small> </small><span class="username" data-name="Kp_volty">Kp_volty</span>:</strong> <em>smh, you guys don’t know the definition of important then,</em></div><div class="chat chatmessage-exploziff"><strong style="color:#70a52f"><small>☆</small><span class="username" data-name="exploziff">exploziff</span>:</strong> <em>ifk it's the first of the week </em></div><div class="chat chatmessage-kpvolty"><strong style="color:#be2328"><small> </small><span class="username" data-name="Kp_volty">Kp_volty</span>:</strong> <em>but the teams are nice</em></div><div class="chat chatmessage-therubysamurai"><strong style="color:#de177a"><small> </small><span class="username" data-name="TheRubySamurai">TheRubySamurai</span>:</strong> <em>/ignore kp_volty</em></div><div class="chat chatmessage-therubysamurai"><strong style="color:#de177a"><small> </small><span class="username" data-name="TheRubySamurai">TheRubySamurai</span>:</strong> <em>type that in</em></div><div class="chat chatmessage-therubysamurai"><strong style="color:#de177a"><small> </small><span class="username" data-name="TheRubySamurai">TheRubySamurai</span>:</strong> <em>and you're good</em></div><div class="chat chatmessage-kpvolty"><strong style="color:#be2328"><small> </small><span class="username" data-name="Kp_volty">Kp_volty</span>:</strong> <em>Haha yeah.</em></div><div class="chat chatmessage-kpvolty"><strong style="color:#be2328"><small> </small><span class="username" data-name="Kp_volty">Kp_volty</span>:</strong> <em>Type that if you want</em></div><div class="chat"><small> Ninjacid left</small></div><div class="spacer battle-history"><br></div><div class="battle-history">Alomomola, come back!<br></div><div class="battle-history">Go! <strong>Gliscor</strong>!<br></div><div class="spacer battle-history"><br></div><div class="battle-history">The opposing Vikavolt used <strong>Bug Buzz</strong>!<br></div><div class="battle-history"><small>It's not very effective...</small><br></div><div class="battle-history"><small>(Gliscor lost 35% of its health!)</small><br></div><div class="battle-history"><small>Gliscor's Sp. Def fell!</small><br></div><div class="spacer battle-history"><br></div><div class="battle-history">[Gliscor's Poison Heal]<br><small>Gliscor had its HP restored.</small><br></div><div class="spacer battle-history"><br></div><h2 class="battle-history">Turn 20</h2><div class="chat"><small> Ninjacid joined</small></div><div class="spacer battle-history"><br></div><div class="battle-history">Gliscor, come back!<br></div><div class="battle-history">Go! <strong>Dragonite</strong>!<br></div><div class="spacer battle-history"><br></div><div class="battle-history">The opposing Vikavolt used <strong>Bug Buzz</strong>!<br></div><div class="battle-history"><small>It's not very effective...</small><br></div><div class="battle-history"><small>(Dragonite lost 16% of its health!)</small><br></div><div class="spacer battle-history"><br></div><h2 class="battle-history">Turn 21</h2><div class="chat"><small> Kp_volty and  Ninjacid left</small></div><div class="spacer battle-history"><br></div><div class="battle-history">exploziff withdrew Vikavolt!<br></div><div class="battle-history">exploziff sent out <strong>Gliscor</strong>!<br></div><div class="spacer battle-history"><br></div><div class="battle-history">Dragonite, come back!<br></div><div class="battle-history">Go! <strong>Gliscor</strong>!<br></div><div class="spacer battle-history"><br></div><div class="battle-history">[Gliscor's Poison Heal]<br><small>Gliscor had its HP restored.</small><br></div><div class="spacer battle-history"><br></div><h2 class="battle-history">Turn 22</h2><div class="spacer battle-history"><br></div><div class="battle-history">The opposing Gliscor used <strong>U-turn</strong>!<br></div><div class="battle-history"><small>It's not very effective...</small><br></div><div class="battle-history"><small>(Gliscor lost 7% of its health!)</small><br></div><div class="spacer battle-history"><br></div><div class="battle-history">The opposing Gliscor went back to exploziff!<br></div><div class="battle-history">exploziff sent out Keldeo (<strong>Keldeo-Resolute</strong>)!<br></div><div class="spacer battle-history"><br></div><div class="battle-history">Gliscor used <strong>Swords Dance</strong>!<br></div><div class="battle-history"><small>Gliscor's Attack rose sharply!</small><br></div><div class="spacer battle-history"><br></div><div class="battle-history">[Gliscor's Poison Heal]<br><small>Gliscor had its HP restored.</small><br></div><div class="spacer battle-history"><br></div><h2 class="battle-history">Turn 23</h2><div class="spacer battle-history"><br></div><div class="battle-history">Gliscor, come back!<br></div><div class="battle-history">Go! <strong>Dragonite</strong>!<br></div><div class="spacer battle-history"><br></div><div class="battle-history">The opposing Keldeo used <strong>Flip Turn</strong>!<br></div><div class="battle-history"><small>It's not very effective...</small><br></div><div class="battle-history"><small>(Dragonite lost 4% of its health!)</small><br></div><div class="spacer battle-history"><br></div><div class="battle-history">exploziff withdrew Keldeo!<br></div><div class="battle-history">exploziff sent out <strong>Weavile</strong>!<br></div><div class="battle-history">[The opposing Weavile's Pressure]<br><small>The opposing Weavile is exerting its pressure!</small><br></div><div class="spacer battle-history"><br></div><h2 class="battle-history">Turn 24</h2><div class="spacer battle-history"><br></div><div class="battle-history"><small>(Dragonite is being withdrawn...)</small><br></div><div class="spacer battle-history"><br></div><div class="battle-history">The opposing Weavile used <strong>Pursuit</strong>!<br></div><div class="battle-history"><small>(Dragonite lost 39% of its health!)</small><br></div><div class="spacer battle-history"><br></div><div class="battle-history">Dragonite, come back!<br></div><div class="battle-history">Go! <strong>Alomomola</strong>!<br></div><div class="spacer battle-history"><br></div><h2 class="battle-history">Turn 25</h2><div class="spacer battle-history"><br></div><div class="battle-history">exploziff withdrew Weavile!<br></div><div class="battle-history">exploziff sent out <strong>Amoonguss</strong>!<br></div><div class="spacer battle-history"><br></div><div class="battle-history">Alomomola used <strong>Wish</strong>!<br></div><div class="spacer battle-history"><br></div><div class="battle-history"><small>The opposing Amoonguss was hurt by its burn!</small><br></div><div class="spacer battle-history"><br></div><h2 class="battle-history">Turn 26</h2><div class="spacer battle-history"><br></div><div class="battle-history">Alomomola, come back!<br></div><div class="battle-history">Go! <strong>Dragonite</strong>!<br></div><div class="spacer battle-history"><br></div><div class="battle-history">exploziff withdrew Amoonguss!<br></div><div class="battle-history">exploziff sent out <strong>Weavile</strong>!<br></div><div class="battle-history">[The opposing Weavile's Pressure]<br><small>The opposing Weavile is exerting its pressure!</small><br></div><div class="spacer battle-history"><br></div><div class="battle-history"><small>Alomomola's wish came true!</small><br></div><div class="spacer battle-history"><br></div><h2 class="battle-history">Turn 27</h2><div class="chat"><small> Ninjacid joined</small></div><div class="spacer battle-history"><br></div><div class="battle-history"><small>(Dragonite is being withdrawn...)</small><br></div><div class="spacer battle-history"><br></div><div class="battle-history">The opposing Weavile used <strong>Pursuit</strong>!<br></div><div class="battle-history"><small>(Dragonite lost 20% of its health!)</small><br></div><div class="spacer battle-history"><br></div><div class="battle-history">Dragonite, come back!<br></div><div class="battle-history">Go! <strong>Alomomola</strong>!<br></div><div class="spacer battle-history"><br></div><h2 class="battle-history">Turn 28</h2><div class="spacer battle-history"><br></div><div class="battle-history">exploziff withdrew Weavile!<br></div><div class="battle-history">exploziff sent out Vikavolt (<strong>Vikavolt-Mega</strong>)!<br></div><div class="battle-history">[The opposing Vikavolt's Download]<br></div><div class="battle-history"><small>The opposing Vikavolt's Sp. Atk rose!</small><br></div><div class="spacer battle-history"><br></div><div class="battle-history">Alomomola used <strong>Wish</strong>!<br></div><div class="spacer battle-history"><br></div><h2 class="battle-history">Turn 29</h2><div class="spacer battle-history"><br></div><div class="battle-history">Alomomola, come back!<br></div><div class="battle-history">Go! <strong>Gliscor</strong>!<br></div><div class="spacer battle-history"><br></div><div class="battle-history">The opposing Vikavolt used <strong>Thunder Cage</strong>!<br></div><div class="battle-history"><small>It doesn't affect Gliscor...</small><br></div><div class="spacer battle-history"><br></div><div class="battle-history"><small>Alomomola's wish came true!</small><br></div><div class="spacer battle-history"><br></div><h2 class="battle-history">Turn 30</h2><div class="chat"><small>☆Coppersmith left</small></div><div class="chat"><small> Not Xed and ☆Coppersmith joined</small></div><div class="chat chatmessage-coppersmith"><strong style="color:#0aa445"><small>☆</small><span class="username" data-name="Coppersmith">Coppersmith</span>:</strong> <em>hi sorry!</em></div><div class="spacer battle-history"><br></div><div class="battle-history">The opposing Vikavolt used <strong>U-turn</strong>!<br></div><div class="battle-history"><small>It's not very effective...</small><br></div><div class="battle-history"><small>(Gliscor lost 6% of its health!)</small><br></div><div class="spacer battle-history"><br></div><div class="battle-history">The opposing Vikavolt went back to exploziff!<br></div><div class="battle-history">exploziff sent out Keldeo (<strong>Keldeo-Resolute</strong>)!<br></div><div class="spacer battle-history"><br></div><div class="battle-history">Gliscor used <strong>Earthquake</strong>!<br></div><div class="battle-history"><small>A critical hit!</small><br></div><div class="battle-history"><small>(The opposing Keldeo lost 58% of its health!)</small><br></div><div class="spacer battle-history"><br></div><div class="battle-history">[Gliscor's Poison Heal]<br><small>Gliscor had its HP restored.</small><br></div><div class="spacer battle-history"><br></div><h2 class="battle-history">Turn 31</h2><div class="spacer battle-history"><br></div><div class="battle-history">Gliscor, come back!<br></div><div class="battle-history">Go! <strong>Alomomola</strong>!<br></div><div class="spacer battle-history"><br></div><div class="battle-history">The opposing Keldeo used <strong>Flip Turn</strong>!<br></div><div class="battle-history"><small>It's not very effective...</small><br></div><div class="battle-history"><small>(Alomomola lost 4% of its health!)</small><br></div><div class="spacer battle-history"><br></div><div class="battle-history">exploziff withdrew Keldeo!<br></div><div class="battle-history">exploziff sent out Vikavolt (<strong>Vikavolt-Mega</strong>)!<br></div><div class="battle-history">[The opposing Vikavolt's Download]<br></div><div class="battle-history"><small>The opposing Vikavolt's Sp. Atk rose!</small><br></div><div class="spacer battle-history"><br></div><h2 class="battle-history">Turn 32</h2><div class="spacer battle-history"><br></div><div class="battle-history">Alomomola, come back!<br></div><div class="battle-history">Go! <strong>Gliscor</strong>!<br></div><div class="spacer battle-history"><br></div><div class="battle-history">The opposing Vikavolt used <strong>Bug Buzz</strong>!<br></div><div class="battle-history"><small>It's not very effective...</small><br></div><div class="battle-history"><small>(Gliscor lost 34% of its health!)</small><br></div><div class="spacer battle-history"><br></div><div class="battle-history">[Gliscor's Poison Heal]<br><small>Gliscor had its HP restored.</small><br></div><div class="spacer battle-history"><br></div><h2 class="battle-history">Turn 33</h2><div class="spacer battle-history"><br></div><div class="battle-history">The opposing Vikavolt used <strong>Bug Buzz</strong>!<br></div><div class="battle-history"><small>It's not very effective...</small><br></div><div class="battle-history"><small>(Gliscor lost 37% of its health!)</small><br></div><div class="spacer battle-history"><br></div><div class="battle-history">Gliscor used <strong>Earthquake</strong>!<br></div><div class="battle-history"><small>(The opposing Vikavolt lost 26% of its health!)</small><br></div><div class="spacer battle-history"><br></div><div class="battle-history">[Gliscor's Poison Heal]<br><small>Gliscor had its HP restored.</small><br></div><div class="spacer battle-history"><br></div><h2 class="battle-history">Turn 34</h2><div class="spacer battle-history"><br></div><div class="battle-history">The opposing Vikavolt used <strong>Bug Buzz</strong>!<br></div><div class="battle-history"><small>It's not very effective...</small><br></div><div class="battle-history"><small>(Gliscor lost 39% of its health!)</small><br></div><div class="spacer battle-history"><br></div><div class="battle-history">Gliscor used <strong>Roost</strong>!<br></div><div class="battle-history"><small>Gliscor had its HP restored.</small><br></div><div class="battle-history"><small>(Gliscor loses Flying type this turn.)</small><br></div><div class="spacer battle-history"><br></div><div class="battle-history">[Gliscor's Poison Heal]<br><small>Gliscor had its HP restored.</small><br></div><div class="spacer battle-history"><br></div><h2 class="battle-history">Turn 35</h2><div class="spacer battle-history"><br></div><div class="battle-history">The opposing Vikavolt used <strong>Bug Buzz</strong>!<br></div><div class="battle-history"><small>It's not very effective...</small><br></div><div class="battle-history"><small>(Gliscor lost 34% of its health!)</small><br></div><div class="spacer battle-history"><br></div><div class="battle-history">Gliscor used <strong>Earthquake</strong>!<br></div><div class="battle-history"><small>(The opposing Vikavolt lost 31% of its health!)</small><br></div><div class="spacer battle-history"><br></div><div class="battle-history">[Gliscor's Poison Heal]<br><small>Gliscor had its HP restored.</small><br></div><div class="spacer battle-history"><br></div><h2 class="battle-history">Turn 36</h2><div class="spacer battle-history"><br></div><div class="battle-history">The opposing Vikavolt used <strong>Roost</strong>!<br></div><div class="battle-history"><small>The opposing Vikavolt had its HP restored.</small><br></div><div class="spacer battle-history"><br></div><div class="battle-history">Gliscor used <strong>Roost</strong>!<br></div><div class="battle-history"><small>Gliscor had its HP restored.</small><br></div><div class="battle-history"><small>(Gliscor loses Flying type this turn.)</small><br></div><div class="spacer battle-history"><br></div><h2 class="battle-history">Turn 37</h2><div class="spacer battle-history"><br></div><div class="battle-history">The opposing Vikavolt used <strong>Bug Buzz</strong>!<br></div><div class="battle-history"><small>It's not very effective...</small><br></div><div class="battle-history"><small>(Gliscor lost 34% of its health!)</small><br></div><div class="spacer battle-history"><br></div><div class="battle-history">Gliscor used <strong>Swords Dance</strong>!<br></div><div class="battle-history"><small>Gliscor's Attack rose sharply!</small><br></div><div class="spacer battle-history"><br></div><div class="battle-history">[Gliscor's Poison Heal]<br><small>Gliscor had its HP restored.</small><br></div><div class="spacer battle-history"><br></div><h2 class="battle-history">Turn 38</h2><div class="spacer battle-history"><br></div><div class="battle-history">exploziff withdrew Vikavolt!<br></div><div class="battle-history">exploziff sent out <strong>Gliscor</strong>!<br></div><div class="spacer battle-history"><br></div><div class="battle-history">Gliscor used <strong>Earthquake</strong>!<br></div><div class="battle-history"><small>It doesn't affect the opposing Gliscor...</small><br></div><div class="spacer battle-history"><br></div><div class="battle-history">[Gliscor's Poison Heal]<br><small>Gliscor had its HP restored.</small><br></div><div class="spacer battle-history"><br></div><h2 class="battle-history">Turn 39</h2><div class="spacer battle-history"><br></div><div class="battle-history">The opposing Gliscor used <strong>U-turn</strong>!<br></div><div class="battle-history"><small>It's not very effective...</small><br></div><div class="battle-history"><small>(Gliscor lost 7% of its health!)</small><br></div><div class="spacer battle-history"><br></div><div class="battle-history">The opposing Gliscor went back to exploziff!<br></div><div class="battle-history">exploziff sent out <strong>Amoonguss</strong>!<br></div><div class="spacer battle-history"><br></div><div class="battle-history">Gliscor used <strong>Facade</strong>!<br></div><div class="battle-history"><small>(The opposing Amoonguss lost 60% of its health!)</small><br></div><div class="spacer battle-history"><br></div><div class="battle-history">[Gliscor's Poison Heal]<br><small>Gliscor had its HP restored.</small><br></div><div class="battle-history"><small>The opposing Amoonguss was hurt by its burn!</small><br></div><div class="spacer battle-history"><br></div><h2 class="battle-history">Turn 40</h2><div class="spacer battle-history"><br></div><div class="battle-history">Gliscor used <strong>Facade</strong>!<br></div><div class="battle-history"><small>(The opposing Amoonguss lost 34% of its health!)</small><br></div><div class="spacer battle-history"><br></div><div class="battle-history">The opposing Amoonguss fainted!<br></div><div class="spacer battle-history"><br></div><div class="battle-history">[Gliscor's Poison Heal]<br><small>Gliscor had its HP restored.</small><br></div><div class="spacer battle-history"><br></div><div class="battle-history">exploziff sent out <strong>Weavile</strong>!<br></div><div class="battle-history">[The opposing Weavile's Pressure]<br><small>The opposing Weavile is exerting its pressure!</small><br></div><div class="spacer battle-history"><br></div><h2 class="battle-history">Turn 41</h2><div class="spacer battle-history"><br></div><div class="battle-history">exploziff withdrew Weavile!<br></div><div class="battle-history">exploziff sent out Vikavolt (<strong>Vikavolt-Mega</strong>)!<br></div><div class="battle-history">[The opposing Vikavolt's Download]<br></div><div class="battle-history"><small>The opposing Vikavolt's Sp. Atk rose!</small><br></div><div class="spacer battle-history"><br></div><div class="battle-history">Gliscor, come back!<br></div><div class="battle-history">Go! <strong>Alomomola</strong>!<br></div><div class="spacer battle-history"><br></div><h2 class="battle-history">Turn 42</h2><div class="spacer battle-history"><br></div><div class="battle-history">Alomomola, come back!<br></div><div class="battle-history">Go! <strong>Gliscor</strong>!<br></div><div class="spacer battle-history"><br></div><div class="battle-history">The opposing Vikavolt used <strong>Bug Buzz</strong>!<br></div><div class="battle-history"><small>It's not very effective...</small><br></div><div class="battle-history"><small>(Gliscor lost 33% of its health!)</small><br></div><div class="spacer battle-history"><br></div><div class="battle-history">[Gliscor's Poison Heal]<br><small>Gliscor had its HP restored.</small><br></div><div class="spacer battle-history"><br></div><h2 class="battle-history">Turn 43</h2><div class="spacer battle-history"><br></div><div class="battle-history">The opposing Vikavolt used <strong>Bug Buzz</strong>!<br></div><div class="battle-history"><small>It's not very effective...</small><br></div><div class="battle-history"><small>(Gliscor lost 38% of its health!)</small><br></div><div class="spacer battle-history"><br></div><div class="battle-history">Gliscor used <strong>Earthquake</strong>!<br></div><div class="battle-history"><small>(The opposing Vikavolt lost 27% of its health!)</small><br></div><div class="spacer battle-history"><br></div><div class="battle-history">[Gliscor's Poison Heal]<br><small>Gliscor had its HP restored.</small><br></div><div class="spacer battle-history"><br></div><h2 class="battle-history">Turn 44</h2><div class="spacer battle-history"><br></div><div class="battle-history">The opposing Vikavolt used <strong>Bug Buzz</strong>!<br></div><div class="battle-history"><small>It's not very effective...</small><br></div><div class="battle-history"><small>(Gliscor lost 36% of its health!)</small><br></div><div class="spacer battle-history"><br></div><div class="battle-history">Gliscor used <strong>Roost</strong>!<br></div><div class="battle-history"><small>Gliscor had its HP restored.</small><br></div><div class="battle-history"><small>(Gliscor loses Flying type this turn.)</small><br></div><div class="spacer battle-history"><br></div><div class="battle-history">[Gliscor's Poison Heal]<br><small>Gliscor had its HP restored.</small><br></div><div class="spacer battle-history"><br></div><h2 class="battle-history">Turn 45</h2><div class="spacer battle-history"><br></div><div class="battle-history">The opposing Vikavolt used <strong>Bug Buzz</strong>!<br></div><div class="battle-history"><small>It's not very effective...</small><br></div><div class="battle-history"><small>(Gliscor lost 38% of its health!)</small><br></div><div class="battle-history"><small>Gliscor's Sp. Def fell!</small><br></div><div class="spacer battle-history"><br></div><div class="battle-history">Gliscor used <strong>Swords Dance</strong>!<br></div><div class="battle-history"><small>Gliscor's Attack rose sharply!</small><br></div><div class="spacer battle-history"><br></div><div class="battle-history">[Gliscor's Poison Heal]<br><small>Gliscor had its HP restored.</small><br></div><div class="spacer battle-history"><br></div><h2 class="battle-history">Turn 46</h2><div class="chat"><small> harmony96369 joined</small></div><div class="spacer battle-history"><br></div><div class="battle-history">Gliscor, come back!<br></div><div class="battle-history">Go! <strong>Dragonite</strong>!<br></div><div class="spacer battle-history"><br></div><div class="battle-history">The opposing Vikavolt used <strong>Thunder Cage</strong>!<br></div><div class="battle-history"><small>(Dragonite lost 63% of its health!)</small><br></div><div class="battle-history"><small>The opposing Vikavolt trapped Dragonite!</small><br></div><div class="spacer battle-history"><br></div><div class="battle-history"><small>Dragonite is hurt by Thunder Cage!</small><br></div><div class="spacer battle-history"><br></div><h2 class="battle-history">Turn 47</h2><div class="chat chatmessage-harmony96369"><strong style="color:#b06d27"><small> </small><span class="username" data-name="harmony96369">harmony96369</span>:</strong> <em>should i be here?</em></div><div class="spacer battle-history"><br></div><div class="battle-history">The opposing Vikavolt used <strong>Thunder Cage</strong>!<br></div><div class="battle-history"><small>(Dragonite lost 4% of its health!)</small><br></div><div class="spacer battle-history"><br></div><div class="battle-history">Dragonite fainted!<br></div><div class="spacer battle-history"><br></div><div class="battle-history">Go! <strong>Gliscor</strong>!<br></div><div class="spacer battle-history"><br></div><h2 class="battle-history">Turn 48</h2><div class="chat"><small> Gravity Monkey joined</small></div><div class="spacer battle-history"><br></div><div class="battle-history">exploziff withdrew Vikavolt!<br></div><div class="battle-history">exploziff sent out <strong>Weavile</strong>!<br></div><div class="battle-history">[The opposing Weavile's Pressure]<br><small>The opposing Weavile is exerting its pressure!</small><br></div><div class="spacer battle-history"><br></div><div class="battle-history">Gliscor used <strong>Roost</strong>!<br></div><div class="battle-history"><small>Gliscor had its HP restored.</small><br></div><div class="battle-history"><small>(Gliscor loses Flying type this turn.)</small><br></div><div class="spacer battle-history"><br></div><h2 class="battle-history">Turn 49</h2><div class="spacer battle-history"><br></div><div class="battle-history">exploziff withdrew Weavile!<br></div><div class="battle-history">exploziff sent out <strong>Heatran</strong>!<br></div><div class="spacer battle-history"><br></div><div class="battle-history">Gliscor, come back!<br></div><div class="battle-history">Go! <strong>Alomomola</strong>!<br></div><div class="spacer battle-history"><br></div><h2 class="battle-history">Turn 50</h2><div class="chat chatmessage-gravitymonkey"><strong style="color:#a3742e"><small> </small><span class="username" data-name="Gravity Monkey">Gravity Monkey</span>:</strong> <em>EE EZ WIN</em></div><div class="spacer battle-history"><br></div><div class="battle-history">Alomomola, come back!<br></div><div class="battle-history">Go! <strong>Gliscor</strong>!<br></div><div class="spacer battle-history"><br></div><div class="battle-history">The opposing Heatran used <strong>Magma Storm</strong>!<br></div><div class="battle-history"><small>(Gliscor lost 45% of its health!)</small><br></div><div class="battle-history"><small>Gliscor became trapped by swirling magma!</small><br></div><div class="spacer battle-history"><br></div><div class="battle-history">[Gliscor's Poison Heal]<br><small>Gliscor had its HP restored.</small><br></div><div class="battle-history"><small>Gliscor is hurt by Magma Storm!</small><br></div><div class="spacer battle-history"><br></div><h2 class="battle-history">Turn 51</h2><div class="spacer battle-history"><br></div><div class="battle-history">Gliscor used <strong>Earthquake</strong>!<br></div><div class="battle-history"><small>It's super effective!</small><br></div><div class="battle-history"><small>(The opposing Heatran lost 100% of its health!)</small><br></div><div class="spacer battle-history"><br></div><div class="battle-history">The opposing Heatran fainted!<br></div><div class="spacer battle-history"><br></div><div class="battle-history">[Gliscor's Poison Heal]<br><small>Gliscor had its HP restored.</small><br></div><div class="spacer battle-history"><br></div><div class="battle-history">exploziff sent out <strong>Weavile</strong>!<br></div><div class="battle-history">[The opposing Weavile's Pressure]<br><small>The opposing Weavile is exerting its pressure!</small><br></div><div class="spacer battle-history"><br></div><h2 class="battle-history">Turn 52</h2><div class="spacer battle-history"><br></div><div class="battle-history"><small>(Gliscor is being withdrawn...)</small><br></div><div class="spacer battle-history"><br></div><div class="battle-history">The opposing Weavile used <strong>Pursuit</strong>!<br></div><div class="battle-history"><small>(Gliscor lost 49% of its health!)</small><br></div><div class="spacer battle-history"><br></div><div class="battle-history">Gliscor, come back!<br></div><div class="battle-history">Go! <strong>Alomomola</strong>!<br></div><div class="spacer battle-history"><br></div><h2 class="battle-history">Turn 53</h2><div class="spacer battle-history"><br></div><div class="battle-history">exploziff withdrew Weavile!<br></div><div class="battle-history">exploziff sent out Vikavolt (<strong>Vikavolt-Mega</strong>)!<br></div><div class="battle-history">[The opposing Vikavolt's Download]<br></div><div class="battle-history"><small>The opposing Vikavolt's Sp. Atk rose!</small><br></div><div class="spacer battle-history"><br></div><div class="battle-history">Alomomola used <strong>Scald</strong>!<br></div><div class="battle-history"><small>(The opposing Vikavolt lost 14% of its health!)</small><br></div><div class="battle-history"><small>The opposing Vikavolt was burned!</small><br></div><div class="spacer battle-history"><br></div><div class="battle-history"><small>The opposing Vikavolt was hurt by its burn!</small><br></div><div class="spacer battle-history"><br></div><h2 class="battle-history">Turn 54</h2><div class="spacer battle-history"><br></div><div class="battle-history">Alomomola used <strong>Protect</strong>!<br></div><div class="battle-history"><small>Alomomola protected itself!</small><br></div><div class="spacer battle-history"><br></div><div class="battle-history">The opposing Vikavolt used <strong>Roost</strong>!<br></div><div class="battle-history"><small>The opposing Vikavolt had its HP restored.</small><br></div><div class="spacer battle-history"><br></div><div class="battle-history"><small>The opposing Vikavolt was hurt by its burn!</small><br></div><div class="spacer battle-history"><br></div><h2 class="battle-history">Turn 55</h2><div class="spacer battle-history"><br></div><div class="battle-history">Alomomola, come back!<br></div><div class="battle-history">Go! <strong>Clefable</strong>!<br></div><div class="spacer battle-history"><br></div><div class="battle-history">The opposing Vikavolt used <strong>Thunder Cage</strong>!<br></div><div class="battle-history"><small>(Clefable lost 43% of its health!)</small><br></div><div class="battle-history"><small>The opposing Vikavolt trapped Clefable!</small><br></div><div class="spacer battle-history"><br></div><div class="battle-history"><small>Clefable restored a little HP using its Leftovers!</small><br></div><div class="battle-history"><small>The opposing Vikavolt was hurt by its burn!</small><br></div><div class="battle-history"><small>Clefable is hurt by Thunder Cage!</small><br></div><div class="spacer battle-history"><br></div><h2 class="battle-history">Turn 56</h2><div class="spacer battle-history"><br></div><div class="battle-history">The opposing Vikavolt used <strong>Thunder Cage</strong>!<br></div><div class="battle-history"><small>(Clefable lost 41% of its health!)</small><br></div><div class="spacer battle-history"><br></div><div class="battle-history">Clefable used <strong>Flamethrower</strong>!<br></div><div class="battle-history"><small>It's super effective!</small><br></div><div class="battle-history"><small>(The opposing Vikavolt lost 39% of its health!)</small><br></div><div class="spacer battle-history"><br></div><div class="battle-history"><small>Clefable restored a little HP using its Leftovers!</small><br></div><div class="battle-history"><small>The opposing Vikavolt was hurt by its burn!</small><br></div><div class="battle-history"><small>Clefable is hurt by Thunder Cage!</small><br></div><div class="spacer battle-history"><br></div><h2 class="battle-history">Turn 57</h2><div class="spacer battle-history"><br></div><div class="battle-history">The opposing Vikavolt used <strong>Thunder Cage</strong>!<br></div><div class="battle-history"><small>Clefable avoided the attack!</small><br></div><div class="spacer battle-history"><br></div><div class="battle-history">Clefable used <strong>Flamethrower</strong>!<br></div><div class="battle-history"><small>It's super effective!</small><br></div><div class="battle-history"><small>(The opposing Vikavolt lost 11% of its health!)</small><br></div><div class="spacer battle-history"><br></div><div class="battle-history">The opposing Vikavolt fainted!<br></div><div class="spacer battle-history"><br></div><div class="battle-history"><small>Clefable restored a little HP using its Leftovers!</small><br></div><div class="chat chatmessage-exploziff"><strong style="color:#70a52f"><small>☆</small><span class="username" data-name="exploziff">exploziff</span>:</strong> <em>u_u</em></div><div class="spacer battle-history"><br></div><div class="battle-history">exploziff sent out Keldeo (<strong>Keldeo-Resolute</strong>)!<br></div><div class="spacer battle-history"><br></div><h2 class="battle-history">Turn 58</h2><div class="chat chatmessage-harmony96369"><strong style="color:#b06d27"><small> </small><span class="username" data-name="harmony96369">harmony96369</span>:</strong> <em>oof</em></div><div class="chat chatmessage-timetochill mine"><strong style="color:#338e9e"><small> </small><span class="username" data-name="Time to chill">Time to chill</span>:</strong> <em>What was that</em></div><div class="chat chatmessage-coppersmith"><strong style="color:#0aa445"><small>☆</small><span class="username" data-name="Coppersmith">Coppersmith</span>:</strong> <em>uh, you got the spd drop on gliscor that forced the dnite sack so i dont feel super bad</em></div><div class="chat chatmessage-timetochill mine"><strong style="color:#338e9e"><small> </small><span class="username" data-name="Time to chill">Time to chill</span>:</strong> <em>Miss click?</em></div><div class="chat chatmessage-exploziff"><strong style="color:#70a52f"><small>☆</small><span class="username" data-name="exploziff">exploziff</span>:</strong> <em>i got 2 spe drop</em></div><div class="chat chatmessage-coppersmith"><strong style="color:#0aa445"><small>☆</small><span class="username" data-name="Coppersmith">Coppersmith</span>:</strong> <em>i apologize tho</em></div><div class="spacer battle-history"><br></div><div class="battle-history">The opposing Keldeo used <strong>Scald</strong>!<br></div><div class="battle-history"><small>(Clefable lost 10% of its health!)</small><br></div><div class="spacer battle-history"><br></div><div class="battle-history">Clefable fainted!<br></div><div class="chat chatmessage-therubysamurai"><strong style="color:#de177a"><small> </small><span class="username" data-name="TheRubySamurai">TheRubySamurai</span>:</strong> <em>NO MERCY</em></div><div class="chat chatmessage-exploziff"><strong style="color:#70a52f"><small>☆</small><span class="username" data-name="exploziff">exploziff</span>:</strong> <em>on 14 bug buzz</em></div><div class="chat chatmessage-therubysamurai"><strong style="color:#de177a"><small> </small><span class="username" data-name="TheRubySamurai">TheRubySamurai</span>:</strong> <em>Sorry exploziff though :[</em></div><div class="chat chatmessage-exploziff"><strong style="color:#70a52f"><small>☆</small><span class="username" data-name="exploziff">exploziff</span>:</strong> <em>you can't call that hax</em></div><div class="chat chatmessage-coppersmith"><strong style="color:#0aa445"><small>☆</small><span class="username" data-name="Coppersmith">Coppersmith</span>:</strong> <em>:/ technically thats lucky, if it comes at the right time</em></div><div class="spacer battle-history"><br></div><div class="battle-history">Go! <strong>Alomomola</strong>!<br></div><div class="spacer battle-history"><br></div><h2 class="battle-history">Turn 59</h2><div class="spacer battle-history"><br></div><div class="battle-history">The opposing Keldeo used <strong>Scald</strong>!<br></div><div class="battle-history"><small>It's not very effective...</small><br></div><div class="battle-history"><small>(Alomomola lost 19% of its health!)</small><br></div><div class="spacer battle-history"><br></div><div class="battle-history">Alomomola used <strong>Scald</strong>!<br></div><div class="battle-history"><small>It's not very effective...</small><br></div><div class="battle-history"><small>(The opposing Keldeo lost 8% of its health!)</small><br></div><div class="battle-history"><small>The opposing Keldeo was burned!</small><br></div><div class="spacer battle-history"><br></div><div class="battle-history"><small>The opposing Keldeo was hurt by its burn!</small><br></div><div class="spacer battle-history"><br></div><h2 class="battle-history">Turn 60</h2><div class="chat chatmessage-therubysamurai"><strong style="color:#de177a"><small> </small><span class="username" data-name="TheRubySamurai">TheRubySamurai</span>:</strong> <em>scald burn lets goooooo</em></div><div class="spacer battle-history"><br></div><div class="battle-history">Alomomola used <strong>Protect</strong>!<br></div><div class="battle-history"><small>Alomomola protected itself!</small><br></div><div class="spacer battle-history"><br></div><div class="battle-history">The opposing Keldeo used <strong>Scald</strong>!<br></div><div class="battle-history"><small>Alomomola protected itself!</small><br></div><div class="spacer battle-history"><br></div><div class="battle-history"><small>The opposing Keldeo was hurt by its burn!</small><br></div><div class="spacer battle-history"><br></div><h2 class="battle-history">Turn 61</h2><div class="chat chatmessage-coppersmith"><strong style="color:#0aa445"><small>☆</small><span class="username" data-name="Coppersmith">Coppersmith</span>:</strong> <em>i feel bad but not so terrible about it, my b tho</em></div><div class="spacer battle-history"><br></div><div class="battle-history">The opposing Keldeo used <strong>Scald</strong>!<br></div><div class="battle-history"><small>It's not very effective...</small><br></div><div class="battle-history"><small>(Alomomola lost 21% of its health!)</small><br></div><div class="spacer battle-history"><br></div><div class="battle-history">Alomomola used <strong>Scald</strong>!<br></div><div class="battle-history"><small>It's not very effective...</small><br></div><div class="battle-history"><small>(The opposing Keldeo lost 8% of its health!)</small><br></div><div class="spacer battle-history"><br></div><div class="battle-history"><small>The opposing Keldeo was hurt by its burn!</small><br></div><div class="spacer battle-history"><br></div><h2 class="battle-history">Turn 62</h2><div class="chat chatmessage-harmony96369"><strong style="color:#b06d27"><small> </small><span class="username" data-name="harmony96369">harmony96369</span>:</strong> <em>COPPER SHUT UP</em></div><div class="spacer battle-history"><br></div><div class="battle-history">Alomomola used <strong>Protect</strong>!<br></div><div class="battle-history"><small>Alomomola protected itself!</small><br></div><div class="spacer battle-history"><br></div><div class="battle-history">The opposing Keldeo used <strong>Scald</strong>!<br></div><div class="battle-history"><small>Alomomola protected itself!</small><br></div><div class="spacer battle-history"><br></div><div class="battle-history"><small>The opposing Keldeo was hurt by its burn!</small><br></div><div class="spacer battle-history"><br></div><h2 class="battle-history">Turn 63</h2><div class="chat chatmessage-coppersmith"><strong style="color:#0aa445"><small>☆</small><span class="username" data-name="Coppersmith">Coppersmith</span>:</strong> <em>um</em></div><div class="chat"><small> harmony96369 and  Gravity Monkey left</small></div><div class="spacer battle-history"><br></div><div class="battle-history">Alomomola, come back!<br></div><div class="battle-history">Go! Garbodor (<strong>Garbodor-Mega</strong>)!<br></div><div class="spacer battle-history"><br></div><div class="battle-history">The opposing Keldeo used <strong>Scald</strong>!<br></div><div class="battle-history"><small>(Garbodor lost 23% of its health!)</small><br></div><div class="spacer battle-history"><br></div><div class="battle-history"><small>The opposing Keldeo was hurt by its burn!</small><br></div><div class="spacer battle-history"><br></div><div class="battle-history">The opposing Keldeo fainted!<br></div><div class="spacer battle-history"><br></div><div class="battle-history">exploziff sent out <strong>Weavile</strong>!<br></div><div class="battle-history">[The opposing Weavile's Pressure]<br><small>The opposing Weavile is exerting its pressure!</small><br></div><div class="spacer battle-history"><br></div><h2 class="battle-history">Turn 64</h2><div class="spacer battle-history"><br></div><div class="battle-history">Garbodor, come back!<br></div><div class="battle-history">Go! <strong>Alomomola</strong>!<br></div><div class="spacer battle-history"><br></div><div class="battle-history">The opposing Weavile used <strong>Triple Axel</strong>!<br></div><div class="battle-history"><small>It's not very effective...</small><br></div><div class="battle-history"><small>(Alomomola lost 5% of its health!)</small><br></div><div class="battle-history"><small>It's not very effective...</small><br></div><div class="battle-history"><small>A critical hit!</small><br></div><div class="battle-history"><small>(Alomomola lost 14% of its health!)</small><br></div><div class="battle-history"><small>It's not very effective...</small><br></div><div class="battle-history"><small>(Alomomola lost 12% of its health!)</small><br></div><div class="battle-history"><small>The Pokémon was hit 3 times!</small><br></div><div class="spacer battle-history"><br></div><h2 class="battle-history">Turn 65</h2><div class="spacer battle-history"><br></div><div class="battle-history">The opposing Weavile used <strong>Triple Axel</strong>!<br></div><div class="battle-history"><small>It's not very effective...</small><br></div><div class="battle-history"><small>(Alomomola lost 5% of its health!)</small><br></div><div class="battle-history"><small>It's not very effective...</small><br></div><div class="battle-history"><small>(Alomomola lost 9% of its health!)</small><br></div><div class="battle-history"><small>It's not very effective...</small><br></div><div class="battle-history"><small>(Alomomola lost 14% of its health!)</small><br></div><div class="battle-history"><small>The Pokémon was hit 3 times!</small><br></div><div class="spacer battle-history"><br></div><div class="battle-history">Alomomola used <strong>Wish</strong>!<br></div><div class="spacer battle-history"><br></div><h2 class="battle-history">Turn 66</h2><div class="spacer battle-history"><br></div><div class="battle-history">Alomomola used <strong>Protect</strong>!<br></div><div class="battle-history"><small>Alomomola protected itself!</small><br></div><div class="spacer battle-history"><br></div><div class="battle-history">The opposing Weavile used <strong>Triple Axel</strong>!<br></div><div class="battle-history"><small>Alomomola protected itself!</small><br></div><div class="spacer battle-history"><br></div><div class="battle-history"><small>Alomomola's wish came true!</small><br></div><div class="spacer battle-history"><br></div><h2 class="battle-history">Turn 67</h2><div class="chat chatmessage-exploziff"><strong style="color:#70a52f"><small>☆</small><span class="username" data-name="exploziff">exploziff</span>:</strong> <em>well 'gg'</em></div><div class="spacer battle-history"><br></div><div class="battle-history">The opposing Weavile used <strong>Triple Axel</strong>!<br></div><div class="battle-history"><small>It's not very effective...</small><br></div><div class="battle-history"><small>(Alomomola lost 5% of its health!)</small><br></div><div class="battle-history"><small>It's not very effective...</small><br></div><div class="battle-history"><small>(Alomomola lost 9% of its health!)</small><br></div><div class="battle-history"><small>It's not very effective...</small><br></div><div class="battle-history"><small>(Alomomola lost 13% of its health!)</small><br></div><div class="battle-history"><small>The Pokémon was hit 3 times!</small><br></div><div class="spacer battle-history"><br></div><div class="battle-history">Alomomola used <strong>Scald</strong>!<br></div><div class="battle-history"><small>(The opposing Weavile lost 17% of its health!)</small><br></div><div class="spacer battle-history"><br></div><h2 class="battle-history">Turn 68</h2><div class="spacer battle-history"><br></div><div class="battle-history">The opposing Weavile used <strong>Triple Axel</strong>!<br></div><div class="battle-history"><small>It's not very effective...</small><br></div><div class="battle-history"><small>(Alomomola lost 4% of its health!)</small><br></div><div class="battle-history"><small>It's not very effective...</small><br></div><div class="battle-history"><small>(Alomomola lost 9% of its health!)</small><br></div><div class="battle-history"><small>It's not very effective...</small><br></div><div class="battle-history"><small>(Alomomola lost 12% of its health!)</small><br></div><div class="battle-history"><small>The Pokémon was hit 3 times!</small><br></div><div class="spacer battle-history"><br></div><div class="battle-history">Alomomola used <strong>Wish</strong>!<br></div><div class="spacer battle-history"><br></div><h2 class="battle-history">Turn 69</h2><div class="spacer battle-history"><br></div><div class="battle-history">Alomomola used <strong>Protect</strong>!<br></div><div class="battle-history"><small>Alomomola protected itself!</small><br></div><div class="spacer battle-history"><br></div><div class="battle-history">The opposing Weavile used <strong>Triple Axel</strong>!<br></div><div class="battle-history"><small>Alomomola protected itself!</small><br></div><div class="spacer battle-history"><br></div><div class="battle-history"><small>Alomomola's wish came true!</small><br></div><div class="spacer battle-history"><br></div><h2 class="battle-history">Turn 70</h2><div class="spacer battle-history"><br></div><div class="battle-history">The opposing Weavile used <strong>Triple Axel</strong>!<br></div><div class="battle-history"><small>It's not very effective...</small><br></div><div class="battle-history"><small>(Alomomola lost 4% of its health!)</small><br></div><div class="battle-history"><small>It's not very effective...</small><br></div><div class="battle-history"><small>(Alomomola lost 9% of its health!)</small><br></div><div class="battle-history"><small>It's not very effective...</small><br></div><div class="battle-history"><small>(Alomomola lost 13% of its health!)</small><br></div><div class="battle-history"><small>The Pokémon was hit 3 times!</small><br></div><div class="spacer battle-history"><br></div><div class="battle-history">Alomomola used <strong>Wish</strong>!<br></div><div class="spacer battle-history"><br></div><h2 class="battle-history">Turn 71</h2><div class="spacer battle-history"><br></div><div class="battle-history">The opposing Weavile used <strong>Triple Axel</strong>!<br></div><div class="battle-history"><small>Alomomola avoided the attack!</small><br></div><div class="spacer battle-history"><br></div><div class="battle-history">Alomomola used <strong>Scald</strong>!<br></div><div class="battle-history"><small>(The opposing Weavile lost 18% of its health!)</small><br></div><div class="spacer battle-history"><br></div><div class="battle-history"><small>Alomomola's wish came true!</small><br></div><div class="spacer battle-history"><br></div><h2 class="battle-history">Turn 72</h2><div class="spacer battle-history"><br></div><div class="battle-history">The opposing Weavile used <strong>Triple Axel</strong>!<br></div><div class="battle-history"><small>It's not very effective...</small><br></div><div class="battle-history"><small>(Alomomola lost 4% of its health!)</small><br></div><div class="battle-history"><small>It's not very effective...</small><br></div><div class="battle-history"><small>(Alomomola lost 9% of its health!)</small><br></div><div class="battle-history"><small>It's not very effective...</small><br></div><div class="battle-history"><small>(Alomomola lost 12% of its health!)</small><br></div><div class="battle-history"><small>The Pokémon was hit 3 times!</small><br></div><div class="spacer battle-history"><br></div><div class="battle-history">Alomomola used <strong>Scald</strong>!<br></div><div class="battle-history"><small>(The opposing Weavile lost 18% of its health!)</small><br></div><div class="spacer battle-history"><br></div><h2 class="battle-history">Turn 73</h2><div class="spacer battle-history"><br></div><div class="battle-history">The opposing Weavile used <strong>Triple Axel</strong>!<br></div><div class="battle-history"><small>It's not very effective...</small><br></div><div class="battle-history"><small>(Alomomola lost 5% of its health!)</small><br></div><div class="battle-history"><small>It's not very effective...</small><br></div><div class="battle-history"><small>(Alomomola lost 9% of its health!)</small><br></div><div class="battle-history"><small>The Pokémon was hit 2 times!</small><br></div><div class="spacer battle-history"><br></div><div class="battle-history">Alomomola used <strong>Scald</strong>!<br></div><div class="battle-history"><small>(The opposing Weavile lost 17% of its health!)</small><br></div><div class="spacer battle-history"><br></div><h2 class="battle-history">Turn 74</h2><div class="spacer battle-history"><br></div><div class="battle-history">The opposing Weavile used <strong>Triple Axel</strong>!<br></div><div class="battle-history"><small>It's not very effective...</small><br></div><div class="battle-history"><small>(Alomomola lost 4% of its health!)</small><br></div><div class="battle-history"><small>It's not very effective...</small><br></div><div class="battle-history"><small>(Alomomola lost 10% of its health!)</small><br></div><div class="battle-history"><small>It's not very effective...</small><br></div><div class="battle-history"><small>(Alomomola lost 13% of its health!)</small><br></div><div class="battle-history"><small>The Pokémon was hit 3 times!</small><br></div><div class="spacer battle-history"><br></div><div class="battle-history">Alomomola used <strong>Scald</strong>!<br></div><div class="battle-history"><small>(The opposing Weavile lost 14% of its health!)</small><br></div><div class="spacer battle-history"><br></div><div class="battle-history">The opposing Weavile fainted!<br></div><div class="spacer battle-history"><br></div><div class="battle-history">exploziff sent out <strong>Gliscor</strong>!<br></div><div class="spacer battle-history"><br></div><h2 class="battle-history">Turn 75</h2><div class="spacer battle-history"><br></div><div class="battle-history">Alomomola, come back!<br></div><div class="battle-history">Go! <strong>Gliscor</strong>!<br></div><div class="spacer battle-history"><br></div><div class="battle-history">The opposing Gliscor used <strong>Earthquake</strong>!<br></div><div class="battle-history"><small>It doesn't affect Gliscor...</small><br></div><div class="spacer battle-history"><br></div><div class="battle-history">[Gliscor's Poison Heal]<br><small>Gliscor had its HP restored.</small><br></div><div class="spacer battle-history"><br></div><h2 class="battle-history">Turn 76</h2><div class="spacer battle-history"><br></div><div class="battle-history"><small>exploziff forfeited.</small><br></div><div class="spacer battle-history"><br></div><div class="battle-history"><strong>Coppersmith</strong> won the battle!<br></div><div class="chat chatmessage-coppersmith"><strong style="color:#0aa445"><small>☆</small><span class="username" data-name="Coppersmith">Coppersmith</span>:</strong> <em>gg</em></div><div class="chat chatmessage-therubysamurai"><strong style="color:#de177a"><small> </small><span class="username" data-name="TheRubySamurai">TheRubySamurai</span>:</strong> <em>Lets goooooo</em></div><div class="chat chatmessage-therubysamurai"><strong style="color:#de177a"><small> </small><span class="username" data-name="TheRubySamurai">TheRubySamurai</span>:</strong> <em>game 1</em></div><div class="chat chatmessage-therubysamurai"><strong style="color:#de177a"><small> </small><span class="username" data-name="TheRubySamurai">TheRubySamurai</span>:</strong> <em>through</em></div><div class="chat chatmessage-harmony96369"><strong style="color:#b06d27"><small> </small><span class="username" data-name="harmony96369">harmony96369</span>:</strong> <em>pog</em></div><div class="chat"><small> harmony96369 and  TEST do .bos joined;  TEST do .bos,  harmony96369, and  Not Xed left</small></div><div class="chat chatmessage-timetochill mine"><strong style="color:#338e9e"><small> </small><span class="username" data-name="Time to chill">Time to chill</span>:</strong> <em>Download replay, bit</em></div><div class="chat chatmessage-timetochill mine"><strong style="color:#338e9e"><small> </small><span class="username" data-name="Time to chill">Time to chill</span>:</strong> <em>Congratulations to you your first win!</em></div><div class="chat chatmessage-coppersmith"><strong style="color:#0aa445"><small>☆</small><span class="username" data-name="Coppersmith">Coppersmith</span>:</strong> <em>Blue</em></div><div class="chat chatmessage-coppersmith"><strong style="color:#0aa445"><small>☆</small><span class="username" data-name="Coppersmith">Coppersmith</span>:</strong> <em>would you get it? unfortunately my device doesnt allow</em></div><div class="chat"><small> TEST do .bos joined;  TEST Sticky Fingaa and  Ninjacid left</small></div></div><div class="inner-preempt message-log"></div></div></div>
</div>
<script>
let daily = Math.floor(Date.now()/1000/60/60/24);document.write('<script src="https://dragonheaven.herokuapp.com/js/replay-embed.js?version'+daily+'"></'+'script>');
</script>
