<!DOCTYPE html>
<meta charset="utf-8" />
<!-- version 1 -->
<title>[Gen 8] Megas for All replay: Keurbi vs. Iknowup</title>
<style>
html,body {font-family:Verdana, sans-serif;font-size:10pt;margin:0;padding:0;}body{padding:12px 0;} .battle-log {font-family:Verdana, sans-serif;font-size:10pt;} .battle-log-inline {border:1px solid #AAAAAA;background:#EEF2F5;color:black;max-width:640px;margin:0 auto 80px;padding-bottom:5px;} .battle-log .inner {padding:4px 8px 0px 8px;} .battle-log .inner-preempt {padding:0 8px 4px 8px;} .battle-log .inner-after {margin-top:0.5em;} .battle-log h2 {margin:0.5em -8px;padding:4px 8px;border:1px solid #AAAAAA;background:#E0E7EA;border-left:0;border-right:0;font-family:Verdana, sans-serif;font-size:13pt;} .battle-log .chat {vertical-align:middle;padding:3px 0 3px 0;font-size:8pt;} .battle-log .chat strong {color:#40576A;} .battle-log .chat em {padding:1px 4px 1px 3px;color:#000000;font-style:normal;} .chat.mine {background:rgba(0,0,0,0.05);margin-left:-8px;margin-right:-8px;padding-left:8px;padding-right:8px;} .spoiler {color:#BBBBBB;background:#BBBBBB;padding:0px 3px;} .spoiler:hover, .spoiler:active, .spoiler-shown {color:#000000;background:#E2E2E2;padding:0px 3px;} .spoiler a {color:#BBBBBB;} .spoiler:hover a, .spoiler:active a, .spoiler-shown a {color:#2288CC;} .chat code, .chat .spoiler:hover code, .chat .spoiler:active code, .chat .spoiler-shown code {border:1px solid #C0C0C0;background:#EEEEEE;color:black;padding:0 2px;} .chat .spoiler code {border:1px solid #CCCCCC;background:#CCCCCC;color:#CCCCCC;} .battle-log .rated {padding:3px 4px;} .battle-log .rated strong {color:white;background:#89A;padding:1px 4px;border-radius:4px;} .spacer {margin-top:0.5em;} .message-announce {background:#6688AA;color:white;padding:1px 4px 2px;} .message-announce a, .broadcast-green a, .broadcast-blue a, .broadcast-red a {color:#DDEEFF;} .broadcast-green {background-color:#559955;color:white;padding:2px 4px;} .broadcast-blue {background-color:#6688AA;color:white;padding:2px 4px;} .infobox {border:1px solid #6688AA;padding:2px 4px;} .infobox-limited {max-height:200px;overflow:auto;overflow-x:hidden;} .broadcast-red {background-color:#AA5544;color:white;padding:2px 4px;} .message-learn-canlearn {font-weight:bold;color:#228822;text-decoration:underline;} .message-learn-cannotlearn {font-weight:bold;color:#CC2222;text-decoration:underline;} .message-effect-weak {font-weight:bold;color:#CC2222;} .message-effect-resist {font-weight:bold;color:#6688AA;} .message-effect-immune {font-weight:bold;color:#666666;} .message-learn-list {margin-top:0;margin-bottom:0;} .message-throttle-notice, .message-error {color:#992222;} .message-overflow, .chat small.message-overflow {font-size:0pt;} .message-overflow::before {font-size:9pt;content:'...';} .subtle {color:#3A4A66;}
</style>
<div class="wrapper replay-wrapper" style="max-width:1180px;margin:0 auto">
<input type="hidden" name="replayid" value="dragonheaven-gen8megasforall-263" />
<div class="battle"></div><div class="battle-log"></div><div class="replay-controls"></div><div class="replay-controls-2"></div>
<h1 style="font-weight:normal;text-align:center"><strong>[Gen 8] Megas for All</strong><br /><a href="http://pokemonshowdown.com/users/keurbi" class="subtle" target="_blank">Keurbi</a> vs. <a href="http://pokemonshowdown.com/users/iknowup" class="subtle" target="_blank">Iknowup</a></h1>
<script type="text/plain" class="battle-log-data">|j|☆Keurbi
|j|☆Iknowup
|t:|1612639606
|player|p1|Keurbi|pokekid|
|player|p2|Iknowup|169|
|teamsize|p1|6
|teamsize|p2|6
|gametype|singles
|gen|8
|tier|[Gen 8] Megas for All
|rated|Tournament battle
|clearpoke
|poke|p1|Sawsbuck, M|
|poke|p1|Rillaboom, F|
|poke|p1|Hawlucha, F|
|poke|p1|Excadrill, M|
|poke|p1|Latios, M|
|poke|p1|Greninja, M|
|poke|p2|Hoopa-Unbound|
|poke|p2|Greninja, M|
|poke|p2|Volcanion|
|poke|p2|Marowak-Alola, M|
|poke|p2|Manectric, F|
|poke|p2|Landorus-Therian, M|
|rule|HP Percentage Mod: HP is shown in percentages
|rule|Endless Battle Clause: Forcing endless battles is banned
|rule|OHKO Clause: OHKO moves are banned
|rule|Evasion Moves Clause: Evasion moves are banned
|rule|Species Clause: Limit one of each Pokémon
|rule|Dynamax Clause: You cannot dynamax
|rule|Sleep Clause Mod: Limit one foe put to sleep
|rule|Freeze Clause Mod: Limit one foe frozen
|teampreview
|c|☆Keurbi|Idk who is the mega-
|
|t:|1612639637
|start
|switch|p1a: Sawsbuck|Sawsbuck, M|100\/100
|switch|p2a: Manectric|Manectric, F|100\/100
|turn|1
|inactive|Battle timer is ON: inactive players will automatically lose when time's up. (requested by Iknowup)
|j|#inkbug1

|
|t:|1612639646
|detailschange|p2a: Manectric|Manectric-Mega, F
|-mega|p2a: Manectric|Manectric|Manectite
|-ability|p2a: Manectric|Intimidate|boost
|-unboost|p1a: Sawsbuck|atk|1
|-start|p2a: Manectric|typechange|Electric|[silent]
|raw|<ul class="utilichart"><li class="result"><span class="col pokemonnamecol" style="white-space: nowrap">Manectric-Mega<\/span> <span class="col typecol"><img src="https:\/\/play.pokemonshowdown.com\/sprites\/types\/Electric.png" alt="Electric" height="14" width="32"><\/span> <span style="float: left ; min-height: 26px"><span class="col abilitycol">Intimidate<\/span><span class="col abilitycol"><\/span><\/span><span style="float: left ; min-height: 26px"><span class="col statcol"><em>HP<\/em><br>70<\/span> <span class="col statcol"><em>Atk<\/em><br>75<\/span> <span class="col statcol"><em>Def<\/em><br>80<\/span> <span class="col statcol"><em>SpA<\/em><br>135<\/span> <span class="col statcol"><em>SpD<\/em><br>80<\/span> <span class="col statcol"><em>Spe<\/em><br>135<\/span> <\/span><\/li><li style="clear: both"><\/li><\/ul>
|detailschange|p1a: Sawsbuck|Sawsbuck-Mega, M
|-mega|p1a: Sawsbuck|Sawsbuck|Sawsbuckite
|-message|Sawsbuck fills the air with explosive powder!
|-start|p1a: Sawsbuck|typechange|Fairy\/Grass|[silent]
|raw|<ul class="utilichart"><li class="result"><span class="col pokemonnamecol" style="white-space: nowrap">Sawsbuck-Mega<\/span> <span class="col typecol"><img src="https:\/\/play.pokemonshowdown.com\/sprites\/types\/Fairy.png" alt="Fairy" height="14" width="32"><img src="https:\/\/play.pokemonshowdown.com\/sprites\/types\/Grass.png" alt="Grass" height="14" width="32"><\/span> <span style="float: left ; min-height: 26px"><span class="col abilitycol">Spring Fever<\/span><span class="col abilitycol"><\/span><\/span><span style="float: left ; min-height: 26px"><span class="col statcol"><em>HP<\/em><br>80<\/span> <span class="col statcol"><em>Atk<\/em><br>120<\/span> <span class="col statcol"><em>Def<\/em><br>80<\/span> <span class="col statcol"><em>SpA<\/em><br>100<\/span> <span class="col statcol"><em>SpD<\/em><br>80<\/span> <span class="col statcol"><em>Spe<\/em><br>115<\/span> <\/span><\/li><li style="clear: both"><\/li><\/ul>
|move|p2a: Manectric|Volt Switch|p1a: Sawsbuck
|-resisted|p1a: Sawsbuck
|-damage|p1a: Sawsbuck|75\/100
|c|☆Keurbi|hf btw
|
|t:|1612639656
|switch|p2a: Marowak|Marowak-Alola, M|100\/100|[from]move: Volt Switch
|move|p1a: Sawsbuck|Stomping Tantrum|p2a: Marowak
|-supereffective|p2a: Marowak
|-damage|p2a: Marowak|66\/100
|
|upkeep
|turn|2
|
|t:|1612639667
|move|p1a: Sawsbuck|Swords Dance|p1a: Sawsbuck
|-boost|p1a: Sawsbuck|atk|2
|move|p2a: Marowak|Poltergeist|p1a: Sawsbuck
|-activate|p1a: Sawsbuck|move: Poltergeist|Sawsbuckite
|-damage|p1a: Sawsbuck|0 fnt
|faint|p1a: Sawsbuck
|
|upkeep
|
|t:|1612639671
|switch|p1a: Greninja|Greninja, M|100\/100
|turn|3
|c|☆Iknowup|u2
|
|t:|1612639684
|switch|p2a: Volcanion|Volcanion|100\/100
|move|p1a: Greninja|Dark Pulse|p2a: Volcanion
|-damage|p2a: Volcanion|48\/100
|
|-heal|p2a: Volcanion|54\/100|[from] item: Leftovers
|upkeep
|turn|4
|
|t:|1612639689
|switch|p2a: Greninja|Greninja, M|100\/100
|move|p1a: Greninja|Dark Pulse|p2a: Greninja
|-resisted|p2a: Greninja
|-damage|p2a: Greninja|56\/100
|
|upkeep
|turn|5
|
|t:|1612639703
|move|p2a: Greninja|U-turn|p1a: Greninja
|-start|p2a: Greninja|typechange|Bug|[from] ability: Protean
|-supereffective|p1a: Greninja
|-damage|p1a: Greninja|0 fnt
|faint|p1a: Greninja
|
|t:|1612639722
|switch|p2a: Manectric|Manectric-Mega, F|100\/100|[from]move: U-turn
|-start|p2a: Manectric|typechange|Electric|[silent]
|
|upkeep
|
|t:|1612639729
|switch|p1a: Excadrill|Excadrill, M|100\/100
|-ability|p1a: Excadrill|Mold Breaker
|turn|6
|
|t:|1612639733
|switch|p2a: Landorus|Landorus-Therian, M, shiny|100\/100
|-ability|p2a: Landorus|Intimidate|boost
|-unboost|p1a: Excadrill|atk|1
|move|p1a: Excadrill|Iron Head|p2a: Landorus
|-damage|p2a: Landorus|85\/100
|-damage|p1a: Excadrill|84\/100|[from] item: Rocky Helmet|[of] p2a: Landorus
|
|-heal|p1a: Excadrill|90\/100|[from] item: Leftovers
|upkeep
|turn|7
|
|t:|1612639738
|move|p1a: Excadrill|Iron Head|p2a: Landorus
|-damage|p2a: Landorus|68\/100
|-damage|p1a: Excadrill|73\/100|[from] item: Rocky Helmet|[of] p2a: Landorus
|move|p2a: Landorus|Earthquake|p1a: Excadrill
|-supereffective|p1a: Excadrill
|-damage|p1a: Excadrill|0 fnt
|faint|p1a: Excadrill
|
|upkeep
|
|t:|1612639742
|switch|p1a: Rillaboom|Rillaboom, F|100\/100
|-fieldstart|move: Grassy Terrain|[from] ability: Grassy Surge|[of] p1a: Rillaboom
|turn|8
|
|t:|1612639748
|move|p1a: Rillaboom|Knock Off|p2a: Landorus
|-damage|p2a: Landorus|35\/100
|-damage|p1a: Rillaboom|84\/100|[from] item: Rocky Helmet|[of] p2a: Landorus
|-enditem|p2a: Landorus|Rocky Helmet|[from] move: Knock Off|[of] p1a: Rillaboom
|move|p2a: Landorus|U-turn|p1a: Rillaboom
|-supereffective|p1a: Rillaboom
|-damage|p1a: Rillaboom|31\/100
|
|t:|1612639754
|switch|p2a: Manectric|Manectric-Mega, F|100\/100|[from]move: U-turn
|-start|p2a: Manectric|typechange|Electric|[silent]
|-ability|p2a: Manectric|Intimidate|boost
|-unboost|p1a: Rillaboom|atk|1
|
|-heal|p1a: Rillaboom|37\/100|[from] Grassy Terrain
|upkeep
|turn|9
|
|t:|1612639763
|switch|p1a: Latios|Latios, M|100\/100
|move|p2a: Manectric|Flamethrower|p1a: Latios
|-resisted|p1a: Latios
|-damage|p1a: Latios|85\/100
|
|upkeep
|turn|10
|
|t:|1612639785
|switch|p2a: Hoopa|Hoopa-Unbound|100\/100
|move|p1a: Latios|Aura Sphere|p2a: Hoopa
|-damage|p2a: Hoopa|66\/100
|
|-heal|p2a: Hoopa|72\/100|[from] Grassy Terrain
|upkeep
|turn|11
|
|t:|1612639790
|move|p1a: Latios|Aura Sphere|p2a: Hoopa
|-damage|p2a: Hoopa|33\/100
|move|p2a: Hoopa|Hyperspace Fury|p1a: Latios
|-supereffective|p1a: Latios
|-damage|p1a: Latios|0 fnt
|-unboost|p2a: Hoopa|def|1
|faint|p1a: Latios
|
|-heal|p2a: Hoopa|39\/100|[from] Grassy Terrain
|upkeep
|
|t:|1612639797
|switch|p1a: Hawlucha|Hawlucha, F|100\/100
|-enditem|p1a: Hawlucha|Grassy Seed
|-boost|p1a: Hawlucha|def|1|[from] item: Grassy Seed
|turn|12
|
|t:|1612639809
|move|p1a: Hawlucha|Swords Dance|p1a: Hawlucha
|-boost|p1a: Hawlucha|atk|2
|move|p2a: Hoopa|Hyperspace Fury|p1a: Hawlucha
|-resisted|p1a: Hawlucha
|-damage|p1a: Hawlucha|52\/100
|-unboost|p2a: Hoopa|def|1
|
|-heal|p2a: Hoopa|45\/100|[from] Grassy Terrain
|-fieldend|move: Grassy Terrain
|upkeep
|turn|13
|
|t:|1612639813
|switch|p2a: Landorus|Landorus-Therian, M, shiny|35\/100
|-ability|p2a: Landorus|Intimidate|boost
|-unboost|p1a: Hawlucha|atk|1
|move|p1a: Hawlucha|Acrobatics|p2a: Landorus
|-damage|p2a: Landorus|0 fnt
|faint|p2a: Landorus
|
|upkeep
|
|t:|1612639816
|switch|p2a: Manectric|Manectric-Mega, F|100\/100
|-start|p2a: Manectric|typechange|Electric|[silent]
|-ability|p2a: Manectric|Intimidate|boost
|-unboost|p1a: Hawlucha|atk|1
|turn|14
|
|t:|1612639825
|move|p1a: Hawlucha|Close Combat|p2a: Manectric
|-damage|p2a: Manectric|25\/100
|-unboost|p1a: Hawlucha|def|1
|-unboost|p1a: Hawlucha|spd|1
|move|p2a: Manectric|Volt Switch|p1a: Hawlucha
|-supereffective|p1a: Hawlucha
|-damage|p1a: Hawlucha|0 fnt
|faint|p1a: Hawlucha
|c|☆Keurbi|Gg
|
|t:|1612639832
|switch|p2a: Marowak|Marowak-Alola, M|66\/100|[from]move: Volt Switch
|
|upkeep
|
|t:|1612639834
|switch|p1a: Rillaboom|Rillaboom, F|37\/100
|-fieldstart|move: Grassy Terrain|[from] ability: Grassy Surge|[of] p1a: Rillaboom
|turn|15
|
|t:|1612639842
|switch|p2a: Manectric|Manectric-Mega, F|25\/100
|-start|p2a: Manectric|typechange|Electric|[silent]
|-ability|p2a: Manectric|Intimidate|boost
|-unboost|p1a: Rillaboom|atk|1
|move|p1a: Rillaboom|Knock Off|p2a: Manectric
|-damage|p2a: Manectric|0 fnt
|faint|p2a: Manectric
|
|-heal|p1a: Rillaboom|44\/100|[from] Grassy Terrain
|upkeep
|
|t:|1612639852
|switch|p2a: Volcanion|Volcanion|54\/100
|turn|16
|
|t:|1612639855
|move|p1a: Rillaboom|Knock Off|p2a: Volcanion
|-damage|p2a: Volcanion|28\/100
|-enditem|p2a: Volcanion|Leftovers|[from] move: Knock Off|[of] p1a: Rillaboom
|move|p2a: Volcanion|Flamethrower|p1a: Rillaboom
|-supereffective|p1a: Rillaboom
|-damage|p1a: Rillaboom|0 fnt
|faint|p1a: Rillaboom
|
|win|Iknowup
|l|☆Keurbi</script>
</div>
<div class="battle-log battle-log-inline"><div class="inner"><div class="battle-options"><div style="padding-top: 3px; padding-right: 3px; text-align: right"><button class="icon button" name="openBattleOptions" title="Options">Battle Options</button></div></div><div class="inner message-log"><div class="chat"><small>☆Keurbi and ☆Iknowup joined</small></div><div class=""><small>Format:</small> <br><strong>[Gen 8] Megas for All</strong></div><div class="rated"><strong>Tournament battle</strong></div><div class=""><small><em>HP Percentage Mod:</em> HP is shown in percentages</small></div><div class=""><small><em>Endless Battle Clause:</em> Forcing endless battles is banned</small></div><div class=""><small><em>OHKO Clause:</em> OHKO moves are banned</small></div><div class=""><small><em>Evasion Moves Clause:</em> Evasion moves are banned</small></div><div class=""><small><em>Species Clause:</em> Limit one of each Pokémon</small></div><div class=""><small><em>Dynamax Clause:</em> You cannot dynamax</small></div><div class=""><small><em>Sleep Clause Mod:</em> Limit one foe put to sleep</small></div><div class=""><small><em>Freeze Clause Mod:</em> Limit one foe frozen</small></div><div class="chat battle-history"><strong>Keurbi's team:</strong> <em style="color:#445566;display:block;">Sawsbuck / Rillaboom / Hawlucha / Excadrill / Latios / Greninja</em></div><div class="chat battle-history"><strong>Iknowup's team:</strong> <em style="color:#445566;display:block;">Hoopa-Unbound / Greninja / Volcanion / Marowak-Alola / Manectric / Landorus-Therian</em></div><div class="chat chatmessage-keurbi"><strong style="color:#258336"><small>☆</small><span class="username" data-name="Keurbi">Keurbi</span>:</strong> <em>Idk who is the mega-</em></div><div class="spacer battle-history"><br></div><div class="battle-history">Battle started between Keurbi and Iknowup!<br></div><div class="spacer battle-history"><br></div><div class="battle-history">Go! <strong>Sawsbuck</strong>!<br></div><div class="spacer battle-history"><br></div><div class="battle-history">Iknowup sent out <strong>Manectric</strong>!<br></div><div class="spacer battle-history"><br></div><h2 class="battle-history">Turn 1</h2><div class="chat message-error">Battle timer is ON: inactive players will automatically lose when time's up. (requested by Iknowup)</div><div class="chat"><small>#inkbug1 joined</small></div><div class="spacer battle-history"><br></div><div class="battle-history"><small>The opposing Manectric's Manectite is reacting to the Key Stone!</small><br>The opposing Manectric has Mega Evolved into Mega Manectric!<br></div><div class="battle-history">[The opposing Manectric's Intimidate]<br></div><div class="battle-history"><small>Sawsbuck's Attack fell!</small><br></div><div class="chat"><ul class="utilichart"><li class="result"><span class="col pokemonnamecol" style="white-space: nowrap">Manectric-Mega</span> <span class="col typecol"><img src="https://play.pokemonshowdown.com/sprites/types/Electric.png" alt="Electric" height="14" width="32"></span> <span style="float: left ; min-height: 26px"><span class="col abilitycol">Intimidate</span><span class="col abilitycol"></span></span><span style="float: left ; min-height: 26px"><span class="col statcol"><em>HP</em><br>70</span> <span class="col statcol"><em>Atk</em><br>75</span> <span class="col statcol"><em>Def</em><br>80</span> <span class="col statcol"><em>SpA</em><br>135</span> <span class="col statcol"><em>SpD</em><br>80</span> <span class="col statcol"><em>Spe</em><br>135</span> </span></li><li style="clear: both"></li></ul></div><div class="spacer battle-history"><br></div><div class="battle-history"><small>Sawsbuck's Sawsbuckite is reacting to the Key Stone!</small><br>Sawsbuck has Mega Evolved into Mega Sawsbuck!<br></div><div class="battle-history"><small>Sawsbuck fills the air with explosive powder!</small><br></div><div class="chat"><ul class="utilichart"><li class="result"><span class="col pokemonnamecol" style="white-space: nowrap">Sawsbuck-Mega</span> <span class="col typecol"><img src="https://play.pokemonshowdown.com/sprites/types/Fairy.png" alt="Fairy" height="14" width="32"><img src="https://play.pokemonshowdown.com/sprites/types/Grass.png" alt="Grass" height="14" width="32"></span> <span style="float: left ; min-height: 26px"><span class="col abilitycol">Spring Fever</span><span class="col abilitycol"></span></span><span style="float: left ; min-height: 26px"><span class="col statcol"><em>HP</em><br>80</span> <span class="col statcol"><em>Atk</em><br>120</span> <span class="col statcol"><em>Def</em><br>80</span> <span class="col statcol"><em>SpA</em><br>100</span> <span class="col statcol"><em>SpD</em><br>80</span> <span class="col statcol"><em>Spe</em><br>115</span> </span></li><li style="clear: both"></li></ul></div><div class="spacer battle-history"><br></div><div class="battle-history">The opposing Manectric used <strong>Volt Switch</strong>!<br></div><div class="battle-history"><small>It's not very effective...</small><br></div><div class="battle-history"><small>(Sawsbuck lost 25% of its health!)</small><br></div><div class="chat chatmessage-keurbi"><strong style="color:#258336"><small>☆</small><span class="username" data-name="Keurbi">Keurbi</span>:</strong> <em>hf btw</em></div><div class="spacer battle-history"><br></div><div class="battle-history">The opposing Manectric went back to Iknowup!<br></div><div class="battle-history">Iknowup sent out Marowak (<strong>Marowak-Alola</strong>)!<br></div><div class="spacer battle-history"><br></div><div class="battle-history">Sawsbuck used <strong>Stomping Tantrum</strong>!<br></div><div class="battle-history"><small>It's super effective!</small><br></div><div class="battle-history"><small>(The opposing Marowak lost 34% of its health!)</small><br></div><div class="spacer battle-history"><br></div><h2 class="battle-history">Turn 2</h2><div class="spacer battle-history"><br></div><div class="battle-history">Sawsbuck used <strong>Swords Dance</strong>!<br></div><div class="battle-history"><small>Sawsbuck's Attack rose sharply!</small><br></div><div class="spacer battle-history"><br></div><div class="battle-history">The opposing Marowak used <strong>Poltergeist</strong>!<br></div><div class="battle-history"><small>Sawsbuck is about to be attacked by its Sawsbuckite!</small><br></div><div class="battle-history"><small>(Sawsbuck lost 75% of its health!)</small><br></div><div class="spacer battle-history"><br></div><div class="battle-history">Sawsbuck fainted!<br></div><div class="spacer battle-history"><br></div><div class="battle-history">Go! <strong>Greninja</strong>!<br></div><div class="spacer battle-history"><br></div><h2 class="battle-history">Turn 3</h2><div class="chat chatmessage-iknowup"><strong style="color:#139a79"><small>☆</small><span class="username" data-name="Iknowup">Iknowup</span>:</strong> <em>u2</em></div><div class="spacer battle-history"><br></div><div class="battle-history">Iknowup withdrew Marowak!<br></div><div class="battle-history">Iknowup sent out <strong>Volcanion</strong>!<br></div><div class="spacer battle-history"><br></div><div class="battle-history">Greninja used <strong>Dark Pulse</strong>!<br></div><div class="battle-history"><small>(The opposing Volcanion lost 52% of its health!)</small><br></div><div class="spacer battle-history"><br></div><div class="battle-history"><small>The opposing Volcanion restored a little HP using its Leftovers!</small><br></div><div class="spacer battle-history"><br></div><h2 class="battle-history">Turn 4</h2><div class="spacer battle-history"><br></div><div class="battle-history">Iknowup withdrew Volcanion!<br></div><div class="battle-history">Iknowup sent out <strong>Greninja</strong>!<br></div><div class="spacer battle-history"><br></div><div class="battle-history">Greninja used <strong>Dark Pulse</strong>!<br></div><div class="battle-history"><small>It's not very effective...</small><br></div><div class="battle-history"><small>(The opposing Greninja lost 44% of its health!)</small><br></div><div class="spacer battle-history"><br></div><h2 class="battle-history">Turn 5</h2><div class="spacer battle-history"><br></div><div class="battle-history">The opposing Greninja used <strong>U-turn</strong>!<br></div><div class="spacer battle-history"><br></div><div class="battle-history">[The opposing Greninja's Protean]<br><small>The opposing Greninja's type changed to Bug!</small><br></div><div class="battle-history"><small>It's super effective!</small><br></div><div class="battle-history"><small>(Greninja lost 100% of its health!)</small><br></div><div class="spacer battle-history"><br></div><div class="battle-history">Greninja fainted!<br></div><div class="spacer battle-history"><br></div><div class="battle-history">The opposing Greninja went back to Iknowup!<br></div><div class="battle-history">Iknowup sent out Manectric (<strong>Manectric-Mega</strong>)!<br></div><div class="spacer battle-history"><br></div><div class="battle-history">Go! <strong>Excadrill</strong>!<br></div><div class="battle-history">[Excadrill's Mold Breaker]<br><small>Excadrill breaks the mold!</small><br></div><div class="spacer battle-history"><br></div><h2 class="battle-history">Turn 6</h2><div class="spacer battle-history"><br></div><div class="battle-history">Iknowup withdrew Manectric!<br></div><div class="battle-history">Iknowup sent out Landorus (<strong>Landorus-Therian</strong>)!<br></div><div class="battle-history">[The opposing Landorus's Intimidate]<br></div><div class="battle-history"><small>Excadrill's Attack fell!</small><br></div><div class="spacer battle-history"><br></div><div class="battle-history">Excadrill used <strong>Iron Head</strong>!<br></div><div class="battle-history"><small>(The opposing Landorus lost 15% of its health!)</small><br></div><div class="battle-history"><small>Excadrill was hurt by the Rocky Helmet!</small><br></div><div class="spacer battle-history"><br></div><div class="battle-history"><small>Excadrill restored a little HP using its Leftovers!</small><br></div><div class="spacer battle-history"><br></div><h2 class="battle-history">Turn 7</h2><div class="spacer battle-history"><br></div><div class="battle-history">Excadrill used <strong>Iron Head</strong>!<br></div><div class="battle-history"><small>(The opposing Landorus lost 17% of its health!)</small><br></div><div class="battle-history"><small>Excadrill was hurt by the Rocky Helmet!</small><br></div><div class="spacer battle-history"><br></div><div class="battle-history">The opposing Landorus used <strong>Earthquake</strong>!<br></div><div class="battle-history"><small>It's super effective!</small><br></div><div class="battle-history"><small>(Excadrill lost 73% of its health!)</small><br></div><div class="spacer battle-history"><br></div><div class="battle-history">Excadrill fainted!<br></div><div class="spacer battle-history"><br></div><div class="battle-history">Go! <strong>Rillaboom</strong>!<br></div><div class="battle-history">[Rillaboom's Grassy Surge]<br><small>Grass grew to cover the battlefield!</small><br></div><div class="spacer battle-history"><br></div><h2 class="battle-history">Turn 8</h2><div class="spacer battle-history"><br></div><div class="battle-history">Rillaboom used <strong>Knock Off</strong>!<br></div><div class="battle-history"><small>(The opposing Landorus lost 33% of its health!)</small><br></div><div class="battle-history"><small>Rillaboom was hurt by the Rocky Helmet!</small><br></div><div class="battle-history"><small>Rillaboom knocked off the opposing Landorus's Rocky Helmet!</small><br></div><div class="spacer battle-history"><br></div><div class="battle-history">The opposing Landorus used <strong>U-turn</strong>!<br></div><div class="battle-history"><small>It's super effective!</small><br></div><div class="battle-history"><small>(Rillaboom lost 53% of its health!)</small><br></div><div class="spacer battle-history"><br></div><div class="battle-history">The opposing Landorus went back to Iknowup!<br></div><div class="battle-history">Iknowup sent out Manectric (<strong>Manectric-Mega</strong>)!<br></div><div class="battle-history">[The opposing Manectric's Intimidate]<br></div><div class="battle-history"><small>Rillaboom's Attack fell!</small><br></div><div class="spacer battle-history"><br></div><div class="battle-history"><small>Rillaboom's HP was restored.</small><br></div><div class="spacer battle-history"><br></div><h2 class="battle-history">Turn 9</h2><div class="spacer battle-history"><br></div><div class="battle-history">Rillaboom, come back!<br></div><div class="battle-history">Go! <strong>Latios</strong>!<br></div><div class="spacer battle-history"><br></div><div class="battle-history">The opposing Manectric used <strong>Flamethrower</strong>!<br></div><div class="battle-history"><small>It's not very effective...</small><br></div><div class="battle-history"><small>(Latios lost 15% of its health!)</small><br></div><div class="spacer battle-history"><br></div><h2 class="battle-history">Turn 10</h2><div class="spacer battle-history"><br></div><div class="battle-history">Iknowup withdrew Manectric!<br></div><div class="battle-history">Iknowup sent out Hoopa (<strong>Hoopa-Unbound</strong>)!<br></div><div class="spacer battle-history"><br></div><div class="battle-history">Latios used <strong>Aura Sphere</strong>!<br></div><div class="battle-history"><small>(The opposing Hoopa lost 34% of its health!)</small><br></div><div class="spacer battle-history"><br></div><div class="battle-history"><small>The opposing Hoopa's HP was restored.</small><br></div><div class="spacer battle-history"><br></div><h2 class="battle-history">Turn 11</h2><div class="spacer battle-history"><br></div><div class="battle-history">Latios used <strong>Aura Sphere</strong>!<br></div><div class="battle-history"><small>(The opposing Hoopa lost 39% of its health!)</small><br></div><div class="spacer battle-history"><br></div><div class="battle-history">The opposing Hoopa used <strong>Hyperspace Fury</strong>!<br></div><div class="battle-history"><small>It's super effective!</small><br></div><div class="battle-history"><small>(Latios lost 85% of its health!)</small><br></div><div class="battle-history"><small>The opposing Hoopa's Defense fell!</small><br></div><div class="spacer battle-history"><br></div><div class="battle-history">Latios fainted!<br></div><div class="spacer battle-history"><br></div><div class="battle-history"><small>The opposing Hoopa's HP was restored.</small><br></div><div class="spacer battle-history"><br></div><div class="battle-history">Go! <strong>Hawlucha</strong>!<br></div><div class="battle-history"><small>(Hawlucha used its Grassy Seed!)</small><br></div><div class="battle-history"><small>The Grassy Seed raised Hawlucha's Defense!</small><br></div><div class="spacer battle-history"><br></div><h2 class="battle-history">Turn 12</h2><div class="spacer battle-history"><br></div><div class="battle-history">Hawlucha used <strong>Swords Dance</strong>!<br></div><div class="battle-history"><small>Hawlucha's Attack rose sharply!</small><br></div><div class="spacer battle-history"><br></div><div class="battle-history">The opposing Hoopa used <strong>Hyperspace Fury</strong>!<br></div><div class="battle-history"><small>It's not very effective...</small><br></div><div class="battle-history"><small>(Hawlucha lost 48% of its health!)</small><br></div><div class="battle-history"><small>The opposing Hoopa's Defense fell!</small><br></div><div class="spacer battle-history"><br></div><div class="battle-history"><small>The opposing Hoopa's HP was restored.</small><br></div><div class="battle-history"><small>The grass disappeared from the battlefield.</small><br></div><div class="spacer battle-history"><br></div><h2 class="battle-history">Turn 13</h2><div class="spacer battle-history"><br></div><div class="battle-history">Iknowup withdrew Hoopa!<br></div><div class="battle-history">Iknowup sent out Landorus (<strong>Landorus-Therian</strong>)!<br></div><div class="battle-history">[The opposing Landorus's Intimidate]<br></div><div class="battle-history"><small>Hawlucha's Attack fell!</small><br></div><div class="spacer battle-history"><br></div><div class="battle-history">Hawlucha used <strong>Acrobatics</strong>!<br></div><div class="battle-history"><small>(The opposing Landorus lost 35% of its health!)</small><br></div><div class="spacer battle-history"><br></div><div class="battle-history">The opposing Landorus fainted!<br></div><div class="spacer battle-history"><br></div><div class="battle-history">Iknowup sent out Manectric (<strong>Manectric-Mega</strong>)!<br></div><div class="battle-history">[The opposing Manectric's Intimidate]<br></div><div class="battle-history"><small>Hawlucha's Attack fell!</small><br></div><div class="spacer battle-history"><br></div><h2 class="battle-history">Turn 14</h2><div class="spacer battle-history"><br></div><div class="battle-history">Hawlucha used <strong>Close Combat</strong>!<br></div><div class="battle-history"><small>(The opposing Manectric lost 75% of its health!)</small><br></div><div class="battle-history"><small>Hawlucha's Defense fell!</small><br></div><div class="battle-history"><small>Hawlucha's Sp. Def fell!</small><br></div><div class="spacer battle-history"><br></div><div class="battle-history">The opposing Manectric used <strong>Volt Switch</strong>!<br></div><div class="battle-history"><small>It's super effective!</small><br></div><div class="battle-history"><small>(Hawlucha lost 52% of its health!)</small><br></div><div class="spacer battle-history"><br></div><div class="battle-history">Hawlucha fainted!<br></div><div class="chat chatmessage-keurbi"><strong style="color:#258336"><small>☆</small><span class="username" data-name="Keurbi">Keurbi</span>:</strong> <em>Gg</em></div><div class="spacer battle-history"><br></div><div class="battle-history">The opposing Manectric went back to Iknowup!<br></div><div class="battle-history">Iknowup sent out Marowak (<strong>Marowak-Alola</strong>)!<br></div><div class="spacer battle-history"><br></div><div class="battle-history">Go! <strong>Rillaboom</strong>!<br></div><div class="battle-history">[Rillaboom's Grassy Surge]<br><small>Grass grew to cover the battlefield!</small><br></div><div class="spacer battle-history"><br></div><h2 class="battle-history">Turn 15</h2><div class="spacer battle-history"><br></div><div class="battle-history">Iknowup withdrew Marowak!<br></div><div class="battle-history">Iknowup sent out Manectric (<strong>Manectric-Mega</strong>)!<br></div><div class="battle-history">[The opposing Manectric's Intimidate]<br></div><div class="battle-history"><small>Rillaboom's Attack fell!</small><br></div><div class="spacer battle-history"><br></div><div class="battle-history">Rillaboom used <strong>Knock Off</strong>!<br></div><div class="battle-history"><small>(The opposing Manectric lost 25% of its health!)</small><br></div><div class="spacer battle-history"><br></div><div class="battle-history">The opposing Manectric fainted!<br></div><div class="spacer battle-history"><br></div><div class="battle-history"><small>Rillaboom's HP was restored.</small><br></div><div class="spacer battle-history"><br></div><div class="battle-history">Iknowup sent out <strong>Volcanion</strong>!<br></div><div class="spacer battle-history"><br></div><h2 class="battle-history">Turn 16</h2><div class="spacer battle-history"><br></div><div class="battle-history">Rillaboom used <strong>Knock Off</strong>!<br></div><div class="battle-history"><small>(The opposing Volcanion lost 26% of its health!)</small><br></div><div class="battle-history"><small>Rillaboom knocked off the opposing Volcanion's Leftovers!</small><br></div><div class="spacer battle-history"><br></div><div class="battle-history">The opposing Volcanion used <strong>Flamethrower</strong>!<br></div><div class="battle-history"><small>It's super effective!</small><br></div><div class="battle-history"><small>(Rillaboom lost 44% of its health!)</small><br></div><div class="spacer battle-history"><br></div><div class="battle-history">Rillaboom fainted!<br></div><div class="spacer battle-history"><br></div><div class="battle-history"><strong>Iknowup</strong> won the battle!<br></div><div class="chat"><small>☆Keurbi left</small></div></div><div class="inner-preempt message-log"></div></div></div>
</div>
<script>
let daily = Math.floor(Date.now()/1000/60/60/24);document.write('<script src="https://dragonheaven.herokuapp.com/js/replay-embed.js?version'+daily+'"></'+'script>');
</script>
