<!DOCTYPE html>
<meta charset="utf-8" />
<!-- version 1 -->
<title>[Gen 8] Megas For All replay: BotwNerd745 vs. inkbug1</title>
<style>
html,body {font-family:Verdana, sans-serif;font-size:10pt;margin:0;padding:0;}body{padding:12px 0;} .battle-log {font-family:Verdana, sans-serif;font-size:10pt;} .battle-log-inline {border:1px solid #AAAAAA;background:#EEF2F5;color:black;max-width:640px;margin:0 auto 80px;padding-bottom:5px;} .battle-log .inner {padding:4px 8px 0px 8px;} .battle-log .inner-preempt {padding:0 8px 4px 8px;} .battle-log .inner-after {margin-top:0.5em;} .battle-log h2 {margin:0.5em -8px;padding:4px 8px;border:1px solid #AAAAAA;background:#E0E7EA;border-left:0;border-right:0;font-family:Verdana, sans-serif;font-size:13pt;} .battle-log .chat {vertical-align:middle;padding:3px 0 3px 0;font-size:8pt;} .battle-log .chat strong {color:#40576A;} .battle-log .chat em {padding:1px 4px 1px 3px;color:#000000;font-style:normal;} .chat.mine {background:rgba(0,0,0,0.05);margin-left:-8px;margin-right:-8px;padding-left:8px;padding-right:8px;} .spoiler {color:#BBBBBB;background:#BBBBBB;padding:0px 3px;} .spoiler:hover, .spoiler:active, .spoiler-shown {color:#000000;background:#E2E2E2;padding:0px 3px;} .spoiler a {color:#BBBBBB;} .spoiler:hover a, .spoiler:active a, .spoiler-shown a {color:#2288CC;} .chat code, .chat .spoiler:hover code, .chat .spoiler:active code, .chat .spoiler-shown code {border:1px solid #C0C0C0;background:#EEEEEE;color:black;padding:0 2px;} .chat .spoiler code {border:1px solid #CCCCCC;background:#CCCCCC;color:#CCCCCC;} .battle-log .rated {padding:3px 4px;} .battle-log .rated strong {color:white;background:#89A;padding:1px 4px;border-radius:4px;} .spacer {margin-top:0.5em;} .message-announce {background:#6688AA;color:white;padding:1px 4px 2px;} .message-announce a, .broadcast-green a, .broadcast-blue a, .broadcast-red a {color:#DDEEFF;} .broadcast-green {background-color:#559955;color:white;padding:2px 4px;} .broadcast-blue {background-color:#6688AA;color:white;padding:2px 4px;} .infobox {border:1px solid #6688AA;padding:2px 4px;} .infobox-limited {max-height:200px;overflow:auto;overflow-x:hidden;} .broadcast-red {background-color:#AA5544;color:white;padding:2px 4px;} .message-learn-canlearn {font-weight:bold;color:#228822;text-decoration:underline;} .message-learn-cannotlearn {font-weight:bold;color:#CC2222;text-decoration:underline;} .message-effect-weak {font-weight:bold;color:#CC2222;} .message-effect-resist {font-weight:bold;color:#6688AA;} .message-effect-immune {font-weight:bold;color:#666666;} .message-learn-list {margin-top:0;margin-bottom:0;} .message-throttle-notice, .message-error {color:#992222;} .message-overflow, .chat small.message-overflow {font-size:0pt;} .message-overflow::before {font-size:9pt;content:'...';} .subtle {color:#3A4A66;}
</style>
<div class="wrapper replay-wrapper" style="max-width:1180px;margin:0 auto">
<input type="hidden" name="replayid" value="dragonheaven-gen8megasforall-4584" />
<div class="battle"></div><div class="battle-log"></div><div class="replay-controls"></div><div class="replay-controls-2"></div>
<h1 style="font-weight:normal;text-align:center"><strong>[Gen 8] Megas For All</strong><br /><a href="http://pokemonshowdown.com/users/botwnerd745" class="subtle" target="_blank">BotwNerd745</a> vs. <a href="http://pokemonshowdown.com/users/inkbug1" class="subtle" target="_blank">inkbug1</a></h1>
<script type="text/plain" class="battle-log-data">|j|☆BotwNerd745
|j|☆inkbug1


|player|p1|BotwNerd745|lyra|


|player|p2|inkbug1|burgh|
|teamsize|p1|6
|teamsize|p2|6
|gametype|singles
|gen|8
|tier|[Gen 8] Megas For All
|clearpoke
|poke|p1|Rillaboom, M|
|poke|p1|Golem-Alola, M|
|poke|p1|Gardevoir, F|
|poke|p1|Incineroar, M|
|poke|p1|Scyther, F|
|poke|p1|Pyukumuku, F|
|poke|p2|Durant, F|
|poke|p2|Boltund, M|
|poke|p2|Froslass, F|
|poke|p2|Zorua, F|
|poke|p2|Toucannon, M|
|poke|p2|Claydol|
|rule|HP Percentage Mod: HP is shown in percentages
|rule|Endless Battle Clause: Forcing endless battles is banned
|rule|OHKO Clause: OHKO moves are banned
|rule|Evasion Moves Clause: Evasion moves are banned
|rule|Species Clause: Limit one of each Pokémon
|rule|Dynamax Clause: You cannot dynamax
|rule|Sleep Clause Mod: Limit one foe put to sleep
|teampreview


|
|start
|switch|p1a: Bonky|Rillaboom, M|100\/100
|switch|p2a: Froslass|Froslass, F|281\/281
|-fieldstart|move: Grassy Terrain|[from] ability: Grassy Surge|[of] p1a: Bonky
|turn|1


|
|switch|p1a: Grapefruit|Golem-Alola, M|100\/100
|move|p2a: Froslass|Spikes|p1a: Grapefruit
|-sidestart|p1: BotwNerd745|Spikes
|
|upkeep
|turn|2


|
|move|p2a: Froslass|Spikes|p1a: Grapefruit
|-sidestart|p1: BotwNerd745|Spikes
|move|p1a: Grapefruit|Stone Edge|p2a: Froslass|[miss]
|-miss|p1a: Grapefruit|p2a: Froslass
|
|upkeep
|turn|3


|
|move|p2a: Froslass|Spikes|p1a: Grapefruit
|-sidestart|p1: BotwNerd745|Spikes
|move|p1a: Grapefruit|Stone Edge|p2a: Froslass|[miss]
|-miss|p1a: Grapefruit|p2a: Froslass
|
|upkeep
|turn|4


|c|☆inkbug1|f


|
|switch|p2a: Lantern|Claydol|324\/324
|move|p1a: Grapefruit|Roar|p2a: Lantern
|drag|p2a: Ram|Toucannon, M|302\/302
|
|upkeep
|turn|5


|
|switch|p2a: Lantern|Claydol|324\/324
|move|p1a: Grapefruit|Return|p2a: Lantern
|-immune|p2a: Lantern
|
|-fieldend|move: Grassy Terrain
|upkeep
|turn|6


|c|☆inkbug1|w


|c|☆inkbug1|oh


|
|move|p2a: Lantern|Toxic|p1a: Grapefruit
|-status|p1a: Grapefruit|tox
|move|p1a: Grapefruit|Counter||[still]
|-fail|p1a: Grapefruit
|
|-damage|p1a: Grapefruit|94\/100 tox|[from] psn
|upkeep
|turn|7


|
|switch|p1a: Bonky|Rillaboom, M|100\/100
|-damage|p1a: Bonky|76\/100|[from] Spikes
|-fieldstart|move: Grassy Terrain|[from] ability: Grassy Surge|[of] p1a: Bonky
|move|p2a: Lantern|Hex|p1a: Bonky
|-damage|p1a: Bonky|63\/100
|
|-heal|p1a: Bonky|69\/100|[from] Grassy Terrain
|upkeep
|turn|8


|c|☆inkbug1|one of my pokemon is missing a move asdasdasd


|c|☆BotwNerd745|Oh rip


|
|switch|p2a: Ram|Toucannon, M|302\/302
|detailschange|p1a: Bonky|Rillaboom-Mega, M
|-mega|p1a: Bonky|Rillaboom|Rillaboomite
|-fieldend|move: Grassy Terrain
|-fieldstart|move: Grassy Terrain|[from] ability: Arena Rock|[of] p1a: Bonky
|move|p1a: Bonky|Swords Dance|p1a: Bonky
|-boost|p1a: Bonky|atk|2
|
|-heal|p1a: Bonky|75\/100|[from] Grassy Terrain
|upkeep
|turn|9


|
|-singleturn|p2a: Ram|move: Beak Blast
|detailschange|p2a: Ram|Toucannon-Mega, M
|-mega|p2a: Ram|Toucannon|Toucannonite
|move|p1a: Bonky|Grassy Glide|p2a: Ram
|-resisted|p2a: Ram
|-damage|p2a: Ram|220\/302
|-status|p1a: Bonky|brn
|move|p2a: Ram|Beak Blast|p1a: Bonky
|-supereffective|p1a: Bonky
|-damage|p1a: Bonky|0 fnt
|faint|p1a: Bonky
|-fieldend|move: Grassy Terrain
|
|upkeep


|
|switch|p1a: Slashy|Scyther, F|100\/100
|turn|10


|
|move|p1a: Slashy|Defog|p2a: Ram
|-unboost|p2a: Ram|evasion|1
|-sideend|p1: BotwNerd745|Spikes|[from] move: Defog|[of] p1a: Slashy
|move|p2a: Ram|Boomburst|p1a: Slashy
|-supereffective|p1a: Slashy
|-damage|p1a: Slashy|0 fnt
|faint|p1a: Slashy
|
|upkeep


|c|☆BotwNerd745|Haha ok


|c|☆BotwNerd745|But what if


|
|switch|p1a: Gummy|Pyukumuku, F|100\/100
|turn|11


|c|☆inkbug1|oh boy


|
|switch|p2a: Lantern|Claydol|324\/324
|move|p1a: Gummy|Mirror Coat||[still]
|-fail|p1a: Gummy
|
|upkeep
|turn|12


|
|move|p2a: Lantern|Toxic|p1a: Gummy
|-status|p1a: Gummy|tox
|move|p1a: Gummy|Toxic|p2a: Lantern|[miss]
|-miss|p1a: Gummy|p2a: Lantern
|
|-damage|p1a: Gummy|94\/100 tox|[from] psn
|upkeep
|turn|13


|
|switch|p2a: Celia|Durant, F|257\/257
|move|p1a: Gummy|Toxic|p2a: Celia
|-immune|p2a: Celia
|
|-heal|p1a: Gummy|100\/100 tox|[from] item: Leftovers
|-damage|p1a: Gummy|88\/100 tox|[from] psn
|upkeep
|turn|14


|
|switch|p1a: Gardevoir|Gardevoir, F|100\/100
|-ability|p1a: Gardevoir|Hustle|[from] ability: Trace|[of] p2a: Celia
|move|p2a: Celia|Hone Claws|p2a: Celia
|-boost|p2a: Celia|atk|1
|-boost|p2a: Celia|accuracy|1
|
|upkeep
|turn|15


|c|☆BotwNerd745|Help she needs a name


|
|move|p2a: Celia|Iron Head|p1a: Gardevoir
|-supereffective|p1a: Gardevoir
|-damage|p1a: Gardevoir|0 fnt
|faint|p1a: Gardevoir
|
|upkeep


|c|☆inkbug1|hmmm


|
|switch|p1a: Mittens|Incineroar, M|100\/100
|-ability|p1a: Mittens|Intimidate|boost
|-unboost|p2a: Celia|atk|1
|turn|16


|
|-zpower|p2a: Celia
|move|p2a: Celia|Savage Spin-Out|p1a: Mittens|[zeffect]
|-damage|p1a: Mittens|0 fnt
|faint|p1a: Mittens
|
|upkeep


|
|switch|p1a: Grapefruit|Golem-Alola, M|94\/100 tox
|turn|17


|
|move|p2a: Celia|Iron Head|p1a: Grapefruit
|-damage|p1a: Grapefruit|49\/100 tox
|move|p1a: Grapefruit|Counter|p2a: Celia
|-damage|p2a: Celia|0 fnt
|faint|p2a: Celia
|
|-damage|p1a: Grapefruit|43\/100 tox|[from] psn
|upkeep


|c|☆inkbug1|yeah fair


|
|switch|p2a: Froslass|Froslass, F|284\/284
|turn|18


|
|move|p2a: Froslass|Foul Play|p1a: Grapefruit
|-damage|p1a: Grapefruit|8\/100 tox
|move|p1a: Grapefruit|Stone Edge|p2a: Froslass|[miss]
|-miss|p1a: Grapefruit|p2a: Froslass
|
|-damage|p1a: Grapefruit|0 fnt|[from] psn
|faint|p1a: Grapefruit
|upkeep


|c|☆BotwNerd745|WHY


|
|switch|p1a: Gummy|Pyukumuku, F|88\/100 tox
|turn|19


|c|☆inkbug1|wow thats 


|c|☆inkbug1|really horrible luck


|
|move|p2a: Froslass|U-turn|p1a: Gummy
|-damage|p1a: Gummy|82\/100 tox


|
|switch|p2a: Bolton|Boltund, M|342\/342
|move|p1a: Gummy|Mirror Coat||[still]
|-fail|p1a: Gummy
|
|-heal|p1a: Gummy|88\/100 tox|[from] item: Leftovers
|-damage|p1a: Gummy|82\/100 tox|[from] psn
|upkeep
|turn|20


|
|move|p2a: Bolton|Thunderbolt|p1a: Gummy
|-supereffective|p1a: Gummy
|-damage|p1a: Gummy|23\/100 tox
|move|p1a: Gummy|Toxic|p2a: Bolton
|-status|p2a: Bolton|tox
|
|-heal|p1a: Gummy|29\/100 tox|[from] item: Leftovers
|-damage|p2a: Bolton|321\/342 tox|[from] psn
|-damage|p1a: Gummy|17\/100 tox|[from] psn
|upkeep
|turn|21


|
|move|p2a: Bolton|Thunderbolt|p1a: Gummy
|-supereffective|p1a: Gummy
|-damage|p1a: Gummy|0 fnt
|-damage|p2a: Bolton|270\/342 tox|[from] ability: Innards Out|[of] p1a: Gummy
|faint|p1a: Gummy
|
|win|inkbug1


|c|☆BotwNerd745|gg


|c|☆inkbug1|gg ! 
</script>
</div>
<div class="battle-log battle-log-inline"><div class="inner"><div class="battle-options"><div style="padding-top: 3px; padding-right: 3px; text-align: right"><button class="icon button" name="openBattleOptions" title="Options">Battle Options</button></div></div><div class="inner message-log"><div class="chat"><small>☆BotwNerd745 and ☆inkbug1 joined</small></div><div class=""><small>Format:</small> <br><strong>[Gen 8] Megas For All</strong></div><div class=""><small><em>HP Percentage Mod:</em> HP is shown in percentages</small></div><div class=""><small><em>Endless Battle Clause:</em> Forcing endless battles is banned</small></div><div class=""><small><em>OHKO Clause:</em> OHKO moves are banned</small></div><div class=""><small><em>Evasion Moves Clause:</em> Evasion moves are banned</small></div><div class=""><small><em>Species Clause:</em> Limit one of each Pokémon</small></div><div class=""><small><em>Dynamax Clause:</em> You cannot dynamax</small></div><div class=""><small><em>Sleep Clause Mod:</em> Limit one foe put to sleep</small></div><div class="chat battle-history"><strong>inkbug1's team:</strong> <em style="color:#445566;display:block;">Durant / Boltund / Froslass / Zorua / Toucannon / Claydol</em></div><div class="chat battle-history"><strong>BotwNerd745's team:</strong> <em style="color:#445566;display:block;">Rillaboom / Golem-Alola / Gardevoir / Incineroar / Scyther / Pyukumuku</em></div><div class="spacer battle-history"><br></div><div class="battle-history">Battle started between BotwNerd745 and inkbug1!<br></div><div class="spacer battle-history"><br></div><div class="battle-history">BotwNerd745 sent out Bonky (<strong>Rillaboom</strong>)!<br></div><div class="spacer battle-history"><br></div><div class="battle-history">Go! <strong>Froslass</strong>!<br></div><div class="battle-history">[The opposing Bonky's Grassy Surge]<br><small>Grass grew to cover the battlefield!</small><br></div><div class="spacer battle-history"><br></div><h2 class="battle-history">Turn 1</h2><div class="spacer battle-history"><br></div><div class="battle-history">BotwNerd745 withdrew Bonky!<br></div><div class="battle-history">BotwNerd745 sent out Grapefruit (<strong>Golem-Alola</strong>)!<br></div><div class="spacer battle-history"><br></div><div class="battle-history">Froslass used <strong>Spikes</strong>!<br></div><div class="battle-history"><small>Spikes were scattered on the ground all around the opposing team!</small><br></div><div class="spacer battle-history"><br></div><h2 class="battle-history">Turn 2</h2><div class="spacer battle-history"><br></div><div class="battle-history">Froslass used <strong>Spikes</strong>!<br></div><div class="battle-history"><small>Spikes were scattered on the ground all around the opposing team!</small><br></div><div class="spacer battle-history"><br></div><div class="battle-history">The opposing Grapefruit used <strong>Stone Edge</strong>!<br></div><div class="battle-history"><small>Froslass avoided the attack!</small><br></div><div class="spacer battle-history"><br></div><h2 class="battle-history">Turn 3</h2><div class="spacer battle-history"><br></div><div class="battle-history">Froslass used <strong>Spikes</strong>!<br></div><div class="battle-history"><small>Spikes were scattered on the ground all around the opposing team!</small><br></div><div class="spacer battle-history"><br></div><div class="battle-history">The opposing Grapefruit used <strong>Stone Edge</strong>!<br></div><div class="battle-history"><small>Froslass avoided the attack!</small><br></div><div class="spacer battle-history"><br></div><h2 class="battle-history">Turn 4</h2><div class="chat chatmessage-inkbug1 mine"><strong style="color:#e46e0f"><small>☆</small><span class="username" data-name="inkbug1">inkbug1</span>:</strong> <em>f</em></div><div class="spacer battle-history"><br></div><div class="battle-history">Froslass, come back!<br></div><div class="battle-history">Go! Lantern (<strong>Claydol</strong>)!<br></div><div class="spacer battle-history"><br></div><div class="battle-history">The opposing Grapefruit used <strong>Roar</strong>!<br></div><div class="spacer battle-history"><br></div><div class="battle-history">Ram (<strong>Toucannon</strong>) was dragged out!<br></div><div class="spacer battle-history"><br></div><h2 class="battle-history">Turn 5</h2><div class="spacer battle-history"><br></div><div class="battle-history">Ram, come back!<br></div><div class="battle-history">Go! Lantern (<strong>Claydol</strong>)!<br></div><div class="spacer battle-history"><br></div><div class="battle-history">The opposing Grapefruit used <strong>Return</strong>!<br></div><div class="battle-history"><small>It doesn't affect Lantern...</small><br></div><div class="spacer battle-history"><br></div><div class="battle-history"><small>The grass disappeared from the battlefield.</small><br></div><div class="spacer battle-history"><br></div><h2 class="battle-history">Turn 6</h2><div class="chat chatmessage-inkbug1 mine"><strong style="color:#e46e0f"><small>☆</small><span class="username" data-name="inkbug1">inkbug1</span>:</strong> <em>w</em></div><div class="chat chatmessage-inkbug1 mine"><strong style="color:#e46e0f"><small>☆</small><span class="username" data-name="inkbug1">inkbug1</span>:</strong> <em>oh</em></div><div class="spacer battle-history"><br></div><div class="battle-history">Lantern used <strong>Toxic</strong>!<br></div><div class="battle-history"><small>The opposing Grapefruit was badly poisoned!</small><br></div><div class="spacer battle-history"><br></div><div class="battle-history">The opposing Grapefruit used <strong>Counter</strong>!<br></div><div class="battle-history"><small>But it failed!</small><br></div><div class="spacer battle-history"><br></div><div class="battle-history"><small>The opposing Grapefruit was hurt by poison!</small><br></div><div class="spacer battle-history"><br></div><h2 class="battle-history">Turn 7</h2><div class="spacer battle-history"><br></div><div class="battle-history">BotwNerd745 withdrew Grapefruit!<br></div><div class="battle-history">BotwNerd745 sent out Bonky (<strong>Rillaboom</strong>)!<br></div><div class="battle-history"><small>The opposing Bonky was hurt by the spikes!</small><br></div><div class="battle-history">[The opposing Bonky's Grassy Surge]<br><small>Grass grew to cover the battlefield!</small><br></div><div class="spacer battle-history"><br></div><div class="battle-history">Lantern used <strong>Hex</strong>!<br></div><div class="battle-history"><small>(The opposing Bonky lost 13% of its health!)</small><br></div><div class="spacer battle-history"><br></div><div class="battle-history"><small>The opposing Bonky's HP was restored.</small><br></div><div class="spacer battle-history"><br></div><h2 class="battle-history">Turn 8</h2><div class="chat chatmessage-inkbug1 mine"><strong style="color:#e46e0f"><small>☆</small><span class="username" data-name="inkbug1">inkbug1</span>:</strong> <em>one of my pokemon is missing a move asdasdasd</em></div><div class="chat chatmessage-botwnerd745"><strong style="color:#9835de"><small>☆</small><span class="username" data-name="BotwNerd745">BotwNerd745</span>:</strong> <em>Oh rip</em></div><div class="spacer battle-history"><br></div><div class="battle-history">Lantern, come back!<br></div><div class="battle-history">Go! Ram (<strong>Toucannon</strong>)!<br></div><div class="spacer battle-history"><br></div><div class="battle-history"><small>The opposing Bonky's Rillaboomite is reacting to the Key Stone!</small><br>The opposing Bonky has Mega Evolved into Mega Rillaboom!<br></div><div class="battle-history"><small>The grass disappeared from the battlefield.</small><br></div><div class="battle-history">[The opposing Bonky's Arena Rock]<br><small>Grass grew to cover the battlefield!</small><br></div><div class="spacer battle-history"><br></div><div class="battle-history">The opposing Bonky used <strong>Swords Dance</strong>!<br></div><div class="battle-history"><small>The opposing Bonky's Attack rose sharply!</small><br></div><div class="spacer battle-history"><br></div><div class="battle-history"><small>The opposing Bonky's HP was restored.</small><br></div><div class="spacer battle-history"><br></div><h2 class="battle-history">Turn 9</h2><div class="spacer battle-history"><br></div><div class="battle-history"><small>Ram started heating up its beak!</small><br></div><div class="spacer battle-history"><br></div><div class="battle-history"><small>Ram's Toucannonite is reacting to the Key Stone!</small><br>Ram has Mega Evolved into Mega Toucannon!<br></div><div class="spacer battle-history"><br></div><div class="battle-history">The opposing Bonky used <strong>Grassy Glide</strong>!<br></div><div class="battle-history"><small>It's not very effective...</small><br></div><div class="battle-history"><small>(Ram lost <abbr title="−82/302">27.2%</abbr> of its health!)</small><br></div><div class="battle-history"><small>The opposing Bonky was burned!</small><br></div><div class="spacer battle-history"><br></div><div class="battle-history">Ram used <strong>Beak Blast</strong>!<br></div><div class="battle-history"><small>It's super effective!</small><br></div><div class="battle-history"><small>(The opposing Bonky lost 75% of its health!)</small><br></div><div class="spacer battle-history"><br></div><div class="battle-history">The opposing Bonky fainted!<br></div><div class="battle-history"><small>The grass disappeared from the battlefield.</small><br></div><div class="spacer battle-history"><br></div><div class="battle-history">BotwNerd745 sent out Slashy (<strong>Scyther</strong>)!<br></div><div class="spacer battle-history"><br></div><h2 class="battle-history">Turn 10</h2><div class="spacer battle-history"><br></div><div class="battle-history">The opposing Slashy used <strong>Defog</strong>!<br></div><div class="battle-history"><small>Ram's evasiveness fell!</small><br></div><div class="battle-history"><small>The spikes disappeared from the ground around the opposing team!</small><br></div><div class="spacer battle-history"><br></div><div class="battle-history">Ram used <strong>Boomburst</strong>!<br></div><div class="battle-history"><small>It's super effective!</small><br></div><div class="battle-history"><small>(The opposing Slashy lost 100% of its health!)</small><br></div><div class="spacer battle-history"><br></div><div class="battle-history">The opposing Slashy fainted!<br></div><div class="chat chatmessage-botwnerd745"><strong style="color:#9835de"><small>☆</small><span class="username" data-name="BotwNerd745">BotwNerd745</span>:</strong> <em>Haha ok</em></div><div class="chat chatmessage-botwnerd745"><strong style="color:#9835de"><small>☆</small><span class="username" data-name="BotwNerd745">BotwNerd745</span>:</strong> <em>But what if</em></div><div class="spacer battle-history"><br></div><div class="battle-history">BotwNerd745 sent out Gummy (<strong>Pyukumuku</strong>)!<br></div><div class="spacer battle-history"><br></div><h2 class="battle-history">Turn 11</h2><div class="chat chatmessage-inkbug1 mine"><strong style="color:#e46e0f"><small>☆</small><span class="username" data-name="inkbug1">inkbug1</span>:</strong> <em>oh boy</em></div><div class="spacer battle-history"><br></div><div class="battle-history">Ram, come back!<br></div><div class="battle-history">Go! Lantern (<strong>Claydol</strong>)!<br></div><div class="spacer battle-history"><br></div><div class="battle-history">The opposing Gummy used <strong>Mirror Coat</strong>!<br></div><div class="battle-history"><small>But it failed!</small><br></div><div class="spacer battle-history"><br></div><h2 class="battle-history">Turn 12</h2><div class="spacer battle-history"><br></div><div class="battle-history">Lantern used <strong>Toxic</strong>!<br></div><div class="battle-history"><small>The opposing Gummy was badly poisoned!</small><br></div><div class="spacer battle-history"><br></div><div class="battle-history">The opposing Gummy used <strong>Toxic</strong>!<br></div><div class="battle-history"><small>Lantern avoided the attack!</small><br></div><div class="spacer battle-history"><br></div><div class="battle-history"><small>The opposing Gummy was hurt by poison!</small><br></div><div class="spacer battle-history"><br></div><h2 class="battle-history">Turn 13</h2><div class="spacer battle-history"><br></div><div class="battle-history">Lantern, come back!<br></div><div class="battle-history">Go! Celia (<strong>Durant</strong>)!<br></div><div class="spacer battle-history"><br></div><div class="battle-history">The opposing Gummy used <strong>Toxic</strong>!<br></div><div class="battle-history"><small>It doesn't affect Celia...</small><br></div><div class="spacer battle-history"><br></div><div class="battle-history"><small>The opposing Gummy restored a little HP using its Leftovers!</small><br></div><div class="battle-history"><small>The opposing Gummy was hurt by poison!</small><br></div><div class="spacer battle-history"><br></div><h2 class="battle-history">Turn 14</h2><div class="spacer battle-history"><br></div><div class="battle-history">BotwNerd745 withdrew Gummy!<br></div><div class="battle-history">BotwNerd745 sent out <strong>Gardevoir</strong>!<br></div><div class="battle-history">[The opposing Gardevoir's Trace]<br>[The opposing Gardevoir's Hustle]<br><small>The opposing Gardevoir traced Celia's Hustle!</small><br></div><div class="spacer battle-history"><br></div><div class="battle-history">Celia used <strong>Hone Claws</strong>!<br></div><div class="battle-history"><small>Celia's Attack rose!</small><br></div><div class="battle-history"><small>Celia's accuracy rose!</small><br></div><div class="spacer battle-history"><br></div><h2 class="battle-history">Turn 15</h2><div class="chat chatmessage-botwnerd745"><strong style="color:#9835de"><small>☆</small><span class="username" data-name="BotwNerd745">BotwNerd745</span>:</strong> <em>Help she needs a name</em></div><div class="spacer battle-history"><br></div><div class="battle-history">Celia used <strong>Iron Head</strong>!<br></div><div class="battle-history"><small>It's super effective!</small><br></div><div class="battle-history"><small>(The opposing Gardevoir lost 100% of its health!)</small><br></div><div class="spacer battle-history"><br></div><div class="battle-history">The opposing Gardevoir fainted!<br></div><div class="chat chatmessage-inkbug1 mine"><strong style="color:#e46e0f"><small>☆</small><span class="username" data-name="inkbug1">inkbug1</span>:</strong> <em>hmmm</em></div><div class="spacer battle-history"><br></div><div class="battle-history">BotwNerd745 sent out Mittens (<strong>Incineroar</strong>)!<br></div><div class="battle-history">[The opposing Mittens's Intimidate]<br></div><div class="battle-history"><small>Celia's Attack fell!</small><br></div><div class="spacer battle-history"><br></div><h2 class="battle-history">Turn 16</h2><div class="spacer battle-history"><br></div><div class="battle-history"><small>Celia surrounded itself with its Z-Power!</small><br></div><div class="spacer battle-history"><br></div><div class="battle-history"><small>Celia unleashes its full-force Z-Move!</small><br>Celia used <strong>Savage Spin-Out</strong>!<br></div><div class="battle-history"><small>(The opposing Mittens lost 100% of its health!)</small><br></div><div class="spacer battle-history"><br></div><div class="battle-history">The opposing Mittens fainted!<br></div><div class="spacer battle-history"><br></div><div class="battle-history">BotwNerd745 sent out Grapefruit (<strong>Golem-Alola</strong>)!<br></div><div class="spacer battle-history"><br></div><h2 class="battle-history">Turn 17</h2><div class="spacer battle-history"><br></div><div class="battle-history">Celia used <strong>Iron Head</strong>!<br></div><div class="battle-history"><small>(The opposing Grapefruit lost 45% of its health!)</small><br></div><div class="spacer battle-history"><br></div><div class="battle-history">The opposing Grapefruit used <strong>Counter</strong>!<br></div><div class="battle-history"><small>(Celia lost <abbr title="−257/257">100%</abbr> of its health!)</small><br></div><div class="spacer battle-history"><br></div><div class="battle-history">Celia fainted!<br></div><div class="spacer battle-history"><br></div><div class="battle-history"><small>The opposing Grapefruit was hurt by poison!</small><br></div><div class="chat chatmessage-inkbug1 mine"><strong style="color:#e46e0f"><small>☆</small><span class="username" data-name="inkbug1">inkbug1</span>:</strong> <em>yeah fair</em></div><div class="spacer battle-history"><br></div><div class="battle-history">Go! <strong>Froslass</strong>!<br></div><div class="spacer battle-history"><br></div><h2 class="battle-history">Turn 18</h2><div class="spacer battle-history"><br></div><div class="battle-history">Froslass used <strong>Foul Play</strong>!<br></div><div class="battle-history"><small>(The opposing Grapefruit lost 35% of its health!)</small><br></div><div class="spacer battle-history"><br></div><div class="battle-history">The opposing Grapefruit used <strong>Stone Edge</strong>!<br></div><div class="battle-history"><small>Froslass avoided the attack!</small><br></div><div class="spacer battle-history"><br></div><div class="battle-history"><small>The opposing Grapefruit was hurt by poison!</small><br></div><div class="spacer battle-history"><br></div><div class="battle-history">The opposing Grapefruit fainted!<br></div><div class="chat chatmessage-botwnerd745"><strong style="color:#9835de"><small>☆</small><span class="username" data-name="BotwNerd745">BotwNerd745</span>:</strong> <em>WHY</em></div><div class="spacer battle-history"><br></div><div class="battle-history">BotwNerd745 sent out Gummy (<strong>Pyukumuku</strong>)!<br></div><div class="spacer battle-history"><br></div><h2 class="battle-history">Turn 19</h2><div class="chat chatmessage-inkbug1 mine"><strong style="color:#e46e0f"><small>☆</small><span class="username" data-name="inkbug1">inkbug1</span>:</strong> <em>wow thats </em></div><div class="chat chatmessage-inkbug1 mine"><strong style="color:#e46e0f"><small>☆</small><span class="username" data-name="inkbug1">inkbug1</span>:</strong> <em>really horrible luck</em></div><div class="spacer battle-history"><br></div><div class="battle-history">Froslass used <strong>U-turn</strong>!<br></div><div class="battle-history"><small>(The opposing Gummy lost 6% of its health!)</small><br></div><div class="spacer battle-history"><br></div><div class="battle-history">Froslass went back to inkbug1!<br></div><div class="battle-history">Go! Bolton (<strong>Boltund</strong>)!<br></div><div class="spacer battle-history"><br></div><div class="battle-history">The opposing Gummy used <strong>Mirror Coat</strong>!<br></div><div class="battle-history"><small>But it failed!</small><br></div><div class="spacer battle-history"><br></div><div class="battle-history"><small>The opposing Gummy restored a little HP using its Leftovers!</small><br></div><div class="battle-history"><small>The opposing Gummy was hurt by poison!</small><br></div><div class="spacer battle-history"><br></div><h2 class="battle-history">Turn 20</h2><div class="spacer battle-history"><br></div><div class="battle-history">Bolton used <strong>Thunderbolt</strong>!<br></div><div class="battle-history"><small>It's super effective!</small><br></div><div class="battle-history"><small>(The opposing Gummy lost 59% of its health!)</small><br></div><div class="spacer battle-history"><br></div><div class="battle-history">The opposing Gummy used <strong>Toxic</strong>!<br></div><div class="battle-history"><small>Bolton was badly poisoned!</small><br></div><div class="spacer battle-history"><br></div><div class="battle-history"><small>The opposing Gummy restored a little HP using its Leftovers!</small><br></div><div class="battle-history"><small>Bolton was hurt by poison!</small><br></div><div class="battle-history"><small>The opposing Gummy was hurt by poison!</small><br></div><div class="spacer battle-history"><br></div><h2 class="battle-history">Turn 21</h2><div class="spacer battle-history"><br></div><div class="battle-history">Bolton used <strong>Thunderbolt</strong>!<br></div><div class="battle-history"><small>It's super effective!</small><br></div><div class="battle-history"><small>(The opposing Gummy lost 17% of its health!)</small><br></div><div class="battle-history">[The opposing Gummy's Innards Out]<br><small>Bolton was hurt!</small><br></div><div class="spacer battle-history"><br></div><div class="battle-history">The opposing Gummy fainted!<br></div><div class="spacer battle-history"><br></div><div class="battle-history"><strong>inkbug1</strong> won the battle!<br></div><div class="chat chatmessage-botwnerd745"><strong style="color:#9835de"><small>☆</small><span class="username" data-name="BotwNerd745">BotwNerd745</span>:</strong> <em>gg</em></div><div class="chat chatmessage-inkbug1 mine"><strong style="color:#e46e0f"><small>☆</small><span class="username" data-name="inkbug1">inkbug1</span>:</strong> <em>gg ! </em></div></div><div class="inner-preempt message-log"></div></div></div>
</div>
<script>
let daily = Math.floor(Date.now()/1000/60/60/24);document.write('<script src="https://play.pokemonshowdown.com/js/replay-embed.js?version'+daily+'"></'+'script>');
</script>
