<!DOCTYPE html>
<meta charset="utf-8" />
<!-- version 1 -->
<title>[Gen 8] M4A: Mega Spooky Cup replay: TheUltraFinder vs. CCMegaFlareon</title>
<style>
html,body {font-family:Verdana, sans-serif;font-size:10pt;margin:0;padding:0;}body{padding:12px 0;} .battle-log {font-family:Verdana, sans-serif;font-size:10pt;} .battle-log-inline {border:1px solid #AAAAAA;background:#EEF2F5;color:black;max-width:640px;margin:0 auto 80px;padding-bottom:5px;} .battle-log .inner {padding:4px 8px 0px 8px;} .battle-log .inner-preempt {padding:0 8px 4px 8px;} .battle-log .inner-after {margin-top:0.5em;} .battle-log h2 {margin:0.5em -8px;padding:4px 8px;border:1px solid #AAAAAA;background:#E0E7EA;border-left:0;border-right:0;font-family:Verdana, sans-serif;font-size:13pt;} .battle-log .chat {vertical-align:middle;padding:3px 0 3px 0;font-size:8pt;} .battle-log .chat strong {color:#40576A;} .battle-log .chat em {padding:1px 4px 1px 3px;color:#000000;font-style:normal;} .chat.mine {background:rgba(0,0,0,0.05);margin-left:-8px;margin-right:-8px;padding-left:8px;padding-right:8px;} .spoiler {color:#BBBBBB;background:#BBBBBB;padding:0px 3px;} .spoiler:hover, .spoiler:active, .spoiler-shown {color:#000000;background:#E2E2E2;padding:0px 3px;} .spoiler a {color:#BBBBBB;} .spoiler:hover a, .spoiler:active a, .spoiler-shown a {color:#2288CC;} .chat code, .chat .spoiler:hover code, .chat .spoiler:active code, .chat .spoiler-shown code {border:1px solid #C0C0C0;background:#EEEEEE;color:black;padding:0 2px;} .chat .spoiler code {border:1px solid #CCCCCC;background:#CCCCCC;color:#CCCCCC;} .battle-log .rated {padding:3px 4px;} .battle-log .rated strong {color:white;background:#89A;padding:1px 4px;border-radius:4px;} .spacer {margin-top:0.5em;} .message-announce {background:#6688AA;color:white;padding:1px 4px 2px;} .message-announce a, .broadcast-green a, .broadcast-blue a, .broadcast-red a {color:#DDEEFF;} .broadcast-green {background-color:#559955;color:white;padding:2px 4px;} .broadcast-blue {background-color:#6688AA;color:white;padding:2px 4px;} .infobox {border:1px solid #6688AA;padding:2px 4px;} .infobox-limited {max-height:200px;overflow:auto;overflow-x:hidden;} .broadcast-red {background-color:#AA5544;color:white;padding:2px 4px;} .message-learn-canlearn {font-weight:bold;color:#228822;text-decoration:underline;} .message-learn-cannotlearn {font-weight:bold;color:#CC2222;text-decoration:underline;} .message-effect-weak {font-weight:bold;color:#CC2222;} .message-effect-resist {font-weight:bold;color:#6688AA;} .message-effect-immune {font-weight:bold;color:#666666;} .message-learn-list {margin-top:0;margin-bottom:0;} .message-throttle-notice, .message-error {color:#992222;} .message-overflow, .chat small.message-overflow {font-size:0pt;} .message-overflow::before {font-size:9pt;content:'...';} .subtle {color:#3A4A66;}
</style>
<div class="wrapper replay-wrapper" style="max-width:1180px;margin:0 auto">
<input type="hidden" name="replayid" value="dragonheaven-gen8m4amegaspookycup-5755" />
<div class="battle"></div><div class="battle-log"></div><div class="replay-controls"></div><div class="replay-controls-2"></div>
<h1 style="font-weight:normal;text-align:center"><strong>[Gen 8] M4A: Mega Spooky Cup</strong><br /><a href="http://pokemonshowdown.com/users/theultrafinder" class="subtle" target="_blank">TheUltraFinder</a> vs. <a href="http://pokemonshowdown.com/users/ccmegaflareon" class="subtle" target="_blank">CCMegaFlareon</a></h1>
<script type="text/plain" class="battle-log-data">|j|☆TheUltraFinder
|j|☆CCMegaFlareon


|player|p1|TheUltraFinder|1|


|player|p2|CCMegaFlareon|giovanni|
|teamsize|p1|6
|teamsize|p2|6
|gametype|singles
|gen|8
|tier|[Gen 8] M4A: Mega Spooky Cup
|clearpoke
|poke|p1|Marowak-Alola, M|
|poke|p1|Rotom-Wash|
|poke|p1|Shiinotic, F|
|poke|p1|Spectrier|
|poke|p1|Golurk|
|poke|p1|Mimikyu, M|
|poke|p2|Grimmsnarl, M|
|poke|p2|Clefable, M|
|poke|p2|Tentacruel, F|
|poke|p2|Aerodactyl, M|
|poke|p2|Articuno-Galar|
|poke|p2|Bisharp, M|
|rule|HP Percentage Mod: HP is shown in percentages
|rule|Endless Battle Clause: Forcing endless battles is banned
|rule|OHKO Clause: OHKO moves are banned
|rule|Evasion Moves Clause: Evasion moves are banned
|rule|Species Clause: Limit one of each Pokémon
|rule|Dynamax Clause: You cannot dynamax
|rule|Sleep Clause Mod: Limit one foe put to sleep
|teampreview


|c|☆TheUltraFinder|gl hf


|inactive|Battle timer is ON: inactive players will automatically lose when time's up. (requested by CCMegaFlareon)

|inactive|Time left: 300 sec this turn | 300 sec total | 60 sec grace

|inactiveoff|Battle timer is now OFF.


|
|start
|switch|p1a: Spectrier|Spectrier|100\/100
|switch|p2a: Clefable|Clefable, M|394\/394
|turn|1


|
|move|p1a: Spectrier|Nasty Plot|p1a: Spectrier
|-boost|p1a: Spectrier|spa|2
|move|p2a: Clefable|Thunder Wave|p1a: Spectrier
|-status|p1a: Spectrier|par
|
|upkeep
|turn|2


|
|cant|p1a: Spectrier|par
|move|p2a: Clefable|Stealth Rock|p1a: Spectrier
|-sidestart|p1: TheUltraFinder|move: Stealth Rock
|
|upkeep
|turn|3


|
|switch|p2a: Grimmsnarl|Grimmsnarl, M|394\/394
|move|p1a: Spectrier|Shadow Ball|p2a: Grimmsnarl
|-resisted|p2a: Grimmsnarl
|-damage|p2a: Grimmsnarl|207\/394
|-unboost|p2a: Grimmsnarl|spd|1
|
|upkeep
|turn|4


|
|move|p2a: Grimmsnarl|Light Screen|p2a: Grimmsnarl
|-sidestart|p2: CCMegaFlareon|move: Light Screen
|cant|p1a: Spectrier|par
|
|upkeep
|turn|5


|
|move|p2a: Grimmsnarl|Taunt|p1a: Spectrier
|-start|p1a: Spectrier|move: Taunt
|move|p1a: Spectrier|Shadow Ball|p2a: Grimmsnarl
|-resisted|p2a: Grimmsnarl
|-damage|p2a: Grimmsnarl|55\/394
|
|upkeep
|turn|6


|
|move|p2a: Grimmsnarl|Reflect|p2a: Grimmsnarl
|-sidestart|p2: CCMegaFlareon|Reflect
|move|p1a: Spectrier|Shadow Ball|p2a: Grimmsnarl
|-resisted|p2a: Grimmsnarl
|-damage|p2a: Grimmsnarl|0 fnt
|faint|p2a: Grimmsnarl
|-ability|p1a: Spectrier|Grim Neigh|boost
|-boost|p1a: Spectrier|spa|1
|
|upkeep


|
|switch|p2a: Bisharp|Bisharp, M|271\/271
|turn|7


|
|switch|p1a: Mimikyu|Mimikyu, M|100\/100
|-damage|p1a: Mimikyu|88\/100|[from] Stealth Rock
|move|p2a: Bisharp|Swords Dance|p2a: Bisharp
|-boost|p2a: Bisharp|atk|2
|
|upkeep
|turn|8


|
|move|p1a: Mimikyu|Drain Punch|p2a: Bisharp
|-supereffective|p2a: Bisharp
|-damage|p2a: Bisharp|137\/271
|-heal|p1a: Mimikyu|100\/100|[from] drain|[of] p2a: Bisharp
|move|p2a: Bisharp|Iron Head|p1a: Mimikyu
|-activate|p1a: Mimikyu|ability: Disguise
|-damage|p1a: Mimikyu|100\/100
|detailschange|p1a: Mimikyu|Mimikyu-Busted, M
|-damage|p1a: Mimikyu|88\/100|[from] pokemon: Mimikyu-Busted
|
|upkeep
|turn|9


|
|detailschange|p1a: Mimikyu|Mimikyu-Busted-Mega, M
|-mega|p1a: Mimikyu|Mimikyu|Mimikyunite
|raw|<ul class="utilichart"><li class="result"><span class="col numcol">UU<\/span> <span class="col pokemonnamecol" style="white-space: nowrap">Mimikyu-Busted-Mega<\/span> <span class="col typecol"><img src="https:\/\/play.pokemonshowdown.com\/sprites\/types\/Ghost.png" alt="Ghost" height="14" width="32"><img src="https:\/\/play.pokemonshowdown.com\/sprites\/types\/Bug.png" alt="Bug" height="14" width="32"><\/span> <span style="float: left ; min-height: 26px"><span class="col abilitycol">Spectral Anger<\/span><span class="col abilitycol"><\/span><\/span><span style="float: left ; min-height: 26px"><span class="col statcol"><em>HP<\/em><br>55<\/span> <span class="col statcol"><em>Atk<\/em><br>130<\/span> <span class="col statcol"><em>Def<\/em><br>80<\/span> <span class="col statcol"><em>SpA<\/em><br>80<\/span> <span class="col statcol"><em>SpD<\/em><br>105<\/span> <span class="col statcol"><em>Spe<\/em><br>126<\/span> <\/span><\/li><li style="clear: both"><\/li><\/ul>
|move|p2a: Bisharp|Sucker Punch|p1a: Mimikyu
|-supereffective|p1a: Mimikyu
|-damage|p1a: Mimikyu|0 fnt
|faint|p1a: Mimikyu
|
|upkeep


|
|switch|p1a: Golurk|Golurk|100\/100
|-damage|p1a: Golurk|94\/100|[from] Stealth Rock
|turn|10


|
|move|p2a: Bisharp|Knock Off|p1a: Golurk
|-supereffective|p1a: Golurk
|-damage|p1a: Golurk|0 fnt
|-enditem|p1a: Golurk|Life Orb|[from] move: Knock Off|[of] p2a: Bisharp
|faint|p1a: Golurk
|
|upkeep


|
|switch|p1a: Shiinotic|Shiinotic, F|100\/100
|-damage|p1a: Shiinotic|88\/100|[from] Stealth Rock
|turn|11


|
|move|p2a: Bisharp|Iron Head|p1a: Shiinotic
|-supereffective|p1a: Shiinotic
|-damage|p1a: Shiinotic|0 fnt
|faint|p1a: Shiinotic
|
|-sideend|p2: CCMegaFlareon|move: Light Screen
|upkeep


|
|switch|p1a: Marowak|Marowak-Alola, M|100\/100
|-damage|p1a: Marowak|76\/100|[from] Stealth Rock
|turn|12


|
|move|p2a: Bisharp|Knock Off|p1a: Marowak
|-supereffective|p1a: Marowak
|-damage|p1a: Marowak|0 fnt
|-enditem|p1a: Marowak|Thick Club|[from] move: Knock Off|[of] p2a: Bisharp
|faint|p1a: Marowak
|
|upkeep


|
|switch|p1a: Rotom|Rotom-Wash|100\/100
|turn|13


|
|move|p2a: Bisharp|Sucker Punch|p1a: Rotom
|-crit|p1a: Rotom
|-damage|p1a: Rotom|0 fnt
|faint|p1a: Rotom
|
|-sideend|p2: CCMegaFlareon|Reflect
|upkeep


|
|switch|p1a: Spectrier|Spectrier|100\/100 par
|-damage|p1a: Spectrier|88\/100 par|[from] Stealth Rock
|turn|14


|
|move|p2a: Bisharp|Knock Off|p1a: Spectrier
|-supereffective|p1a: Spectrier
|-damage|p1a: Spectrier|0 fnt
|-enditem|p1a: Spectrier|Expert Belt|[from] move: Knock Off|[of] p2a: Bisharp
|faint|p1a: Spectrier
|
|win|CCMegaFlareon


|c|☆TheUltraFinder|gg


|c|☆CCMegaFlareon|gg


|c|☆CCMegaFlareon|Can you save a replay?
</script>
</div>
<div class="battle-log battle-log-inline"><div class="inner"><div class="battle-options"><div style="padding-top: 3px; padding-right: 3px; text-align: right"><button class="icon button" name="openBattleOptions" title="Options">Battle Options</button></div></div><div class="inner message-log"><div class="chat"><small>☆TheUltraFinder and ☆CCMegaFlareon joined</small></div><div class=""><small>Format:</small> <br><strong>[Gen 8] M4A: Mega Spooky Cup</strong></div><div class=""><small><em>HP Percentage Mod:</em> HP is shown in percentages</small></div><div class=""><small><em>Endless Battle Clause:</em> Forcing endless battles is banned</small></div><div class=""><small><em>OHKO Clause:</em> OHKO moves are banned</small></div><div class=""><small><em>Evasion Moves Clause:</em> Evasion moves are banned</small></div><div class=""><small><em>Species Clause:</em> Limit one of each Pokémon</small></div><div class=""><small><em>Dynamax Clause:</em> You cannot dynamax</small></div><div class=""><small><em>Sleep Clause Mod:</em> Limit one foe put to sleep</small></div><div class="chat battle-history"><strong>CCMegaFlareon's team:</strong> <em style="color:#445566;display:block;">Grimmsnarl / Clefable / Tentacruel / Aerodactyl / Articuno-Galar / Bisharp</em></div><div class="chat battle-history"><strong>TheUltraFinder's team:</strong> <em style="color:#445566;display:block;">Marowak-Alola / Rotom-Wash / Shiinotic / Spectrier / Golurk / Mimikyu</em></div><div class="chat chatmessage-theultrafinder"><strong style="color:#946524"><small>☆</small><span class="username" data-name="TheUltraFinder">TheUltraFinder</span>:</strong> <em>gl hf</em></div><div class="chat message-error">Battle timer is ON: inactive players will automatically lose when time's up. (requested by CCMegaFlareon)</div><div class="chat message-error">Battle timer is now OFF.</div><div class="spacer battle-history"><br></div><div class="battle-history">Battle started between TheUltraFinder and CCMegaFlareon!<br></div><div class="spacer battle-history"><br></div><div class="battle-history">TheUltraFinder sent out <strong>Spectrier</strong>!<br></div><div class="spacer battle-history"><br></div><div class="battle-history">Go! <strong>Clefable</strong>!<br></div><div class="spacer battle-history"><br></div><h2 class="battle-history">Turn 1</h2><div class="spacer battle-history"><br></div><div class="battle-history">The opposing Spectrier used <strong>Nasty Plot</strong>!<br></div><div class="battle-history"><small>The opposing Spectrier's Sp. Atk rose sharply!</small><br></div><div class="spacer battle-history"><br></div><div class="battle-history">Clefable used <strong>Thunder Wave</strong>!<br></div><div class="battle-history"><small>The opposing Spectrier is paralyzed! It may be unable to move!</small><br></div><div class="spacer battle-history"><br></div><h2 class="battle-history">Turn 2</h2><div class="spacer battle-history"><br></div><div class="battle-history">The opposing Spectrier is paralyzed! It can't move!<br></div><div class="spacer battle-history"><br></div><div class="battle-history">Clefable used <strong>Stealth Rock</strong>!<br></div><div class="battle-history"><small>Pointed stones float in the air around the opposing team!</small><br></div><div class="spacer battle-history"><br></div><h2 class="battle-history">Turn 3</h2><div class="spacer battle-history"><br></div><div class="battle-history">Clefable, come back!<br></div><div class="battle-history">Go! <strong>Grimmsnarl</strong>!<br></div><div class="spacer battle-history"><br></div><div class="battle-history">The opposing Spectrier used <strong>Shadow Ball</strong>!<br></div><div class="battle-history"><small>It's not very effective...</small><br></div><div class="battle-history"><small>(Grimmsnarl lost <abbr title="−187/394">47.5%</abbr> of its health!)</small><br></div><div class="battle-history"><small>Grimmsnarl's Sp. Def fell!</small><br></div><div class="spacer battle-history"><br></div><h2 class="battle-history">Turn 4</h2><div class="spacer battle-history"><br></div><div class="battle-history">Grimmsnarl used <strong>Light Screen</strong>!<br></div><div class="battle-history"><small>Light Screen made your team stronger against special moves!</small><br></div><div class="spacer battle-history"><br></div><div class="battle-history">The opposing Spectrier is paralyzed! It can't move!<br></div><div class="spacer battle-history"><br></div><h2 class="battle-history">Turn 5</h2><div class="spacer battle-history"><br></div><div class="battle-history">Grimmsnarl used <strong>Taunt</strong>!<br></div><div class="battle-history"><small>The opposing Spectrier fell for the taunt!</small><br></div><div class="spacer battle-history"><br></div><div class="battle-history">The opposing Spectrier used <strong>Shadow Ball</strong>!<br></div><div class="battle-history"><small>It's not very effective...</small><br></div><div class="battle-history"><small>(Grimmsnarl lost <abbr title="−152/394">38.6%</abbr> of its health!)</small><br></div><div class="spacer battle-history"><br></div><h2 class="battle-history">Turn 6</h2><div class="spacer battle-history"><br></div><div class="battle-history">Grimmsnarl used <strong>Reflect</strong>!<br></div><div class="battle-history"><small>Reflect made your team stronger against physical moves!</small><br></div><div class="spacer battle-history"><br></div><div class="battle-history">The opposing Spectrier used <strong>Shadow Ball</strong>!<br></div><div class="battle-history"><small>It's not very effective...</small><br></div><div class="battle-history"><small>(Grimmsnarl lost <abbr title="−55/394">14.0%</abbr> of its health!)</small><br></div><div class="spacer battle-history"><br></div><div class="battle-history">Grimmsnarl fainted!<br></div><div class="battle-history">[The opposing Spectrier's Grim Neigh]<br></div><div class="battle-history"><small>The opposing Spectrier's Sp. Atk rose!</small><br></div><div class="spacer battle-history"><br></div><div class="battle-history">Go! <strong>Bisharp</strong>!<br></div><div class="spacer battle-history"><br></div><h2 class="battle-history">Turn 7</h2><div class="spacer battle-history"><br></div><div class="battle-history">TheUltraFinder withdrew Spectrier!<br></div><div class="battle-history">TheUltraFinder sent out <strong>Mimikyu</strong>!<br></div><div class="battle-history"><small>Pointed stones dug into the opposing Mimikyu!</small><br></div><div class="spacer battle-history"><br></div><div class="battle-history">Bisharp used <strong>Swords Dance</strong>!<br></div><div class="battle-history"><small>Bisharp's Attack rose sharply!</small><br></div><div class="spacer battle-history"><br></div><h2 class="battle-history">Turn 8</h2><div class="spacer battle-history"><br></div><div class="battle-history">The opposing Mimikyu used <strong>Drain Punch</strong>!<br></div><div class="battle-history"><small>It's super effective!</small><br></div><div class="battle-history"><small>(Bisharp lost <abbr title="−134/271">49.4%</abbr> of its health!)</small><br></div><div class="battle-history"><small>Bisharp had its energy drained!</small><br></div><div class="spacer battle-history"><br></div><div class="battle-history">Bisharp used <strong>Iron Head</strong>!<br></div><div class="battle-history">[The opposing Mimikyu's Disguise]<br><small>Its disguise served it as a decoy!</small><br></div><div class="battle-history"><small>(The opposing Mimikyu lost 0% of its health!)</small><br></div><div class="battle-history">The opposing Mimikyu's disguise was busted!<br></div><div class="battle-history"><small>(The opposing Mimikyu was hurt!)</small><br></div><div class="spacer battle-history"><br></div><h2 class="battle-history">Turn 9</h2><div class="spacer battle-history"><br></div><div class="battle-history"><small>The opposing Mimikyu's Mimikyunite is reacting to the Key Stone!</small><br>The opposing Mimikyu has Mega Evolved into Mega Mimikyu!<br></div><div class="chat"><ul class="utilichart"><li class="result"><span class="col numcol">UU</span> <span class="col pokemonnamecol" style="white-space: nowrap">Mimikyu-Busted-Mega</span> <span class="col typecol"><img src="https://play.pokemonshowdown.com/sprites/types/Ghost.png" alt="Ghost" height="14" width="32"><img src="https://play.pokemonshowdown.com/sprites/types/Bug.png" alt="Bug" height="14" width="32"></span> <span style="float: left ; min-height: 26px"><span class="col abilitycol">Spectral Anger</span><span class="col abilitycol"></span></span><span style="float: left ; min-height: 26px"><span class="col statcol"><em>HP</em><br>55</span> <span class="col statcol"><em>Atk</em><br>130</span> <span class="col statcol"><em>Def</em><br>80</span> <span class="col statcol"><em>SpA</em><br>80</span> <span class="col statcol"><em>SpD</em><br>105</span> <span class="col statcol"><em>Spe</em><br>126</span> </span></li><li style="clear: both"></li></ul></div><div class="spacer battle-history"><br></div><div class="battle-history">Bisharp used <strong>Sucker Punch</strong>!<br></div><div class="battle-history"><small>It's super effective!</small><br></div><div class="battle-history"><small>(The opposing Mimikyu lost 88% of its health!)</small><br></div><div class="spacer battle-history"><br></div><div class="battle-history">The opposing Mimikyu fainted!<br></div><div class="spacer battle-history"><br></div><div class="battle-history">TheUltraFinder sent out <strong>Golurk</strong>!<br></div><div class="battle-history"><small>Pointed stones dug into the opposing Golurk!</small><br></div><div class="spacer battle-history"><br></div><h2 class="battle-history">Turn 10</h2><div class="spacer battle-history"><br></div><div class="battle-history">Bisharp used <strong>Knock Off</strong>!<br></div><div class="battle-history"><small>It's super effective!</small><br></div><div class="battle-history"><small>(The opposing Golurk lost 94% of its health!)</small><br></div><div class="battle-history"><small>Bisharp knocked off the opposing Golurk's Life Orb!</small><br></div><div class="spacer battle-history"><br></div><div class="battle-history">The opposing Golurk fainted!<br></div><div class="spacer battle-history"><br></div><div class="battle-history">TheUltraFinder sent out <strong>Shiinotic</strong>!<br></div><div class="battle-history"><small>Pointed stones dug into the opposing Shiinotic!</small><br></div><div class="spacer battle-history"><br></div><h2 class="battle-history">Turn 11</h2><div class="spacer battle-history"><br></div><div class="battle-history">Bisharp used <strong>Iron Head</strong>!<br></div><div class="battle-history"><small>It's super effective!</small><br></div><div class="battle-history"><small>(The opposing Shiinotic lost 88% of its health!)</small><br></div><div class="spacer battle-history"><br></div><div class="battle-history">The opposing Shiinotic fainted!<br></div><div class="spacer battle-history"><br></div><div class="battle-history"><small>Your team's Light Screen wore off!</small><br></div><div class="spacer battle-history"><br></div><div class="battle-history">TheUltraFinder sent out Marowak (<strong>Marowak-Alola</strong>)!<br></div><div class="battle-history"><small>Pointed stones dug into the opposing Marowak!</small><br></div><div class="spacer battle-history"><br></div><h2 class="battle-history">Turn 12</h2><div class="spacer battle-history"><br></div><div class="battle-history">Bisharp used <strong>Knock Off</strong>!<br></div><div class="battle-history"><small>It's super effective!</small><br></div><div class="battle-history"><small>(The opposing Marowak lost 76% of its health!)</small><br></div><div class="battle-history"><small>Bisharp knocked off the opposing Marowak's Thick Club!</small><br></div><div class="spacer battle-history"><br></div><div class="battle-history">The opposing Marowak fainted!<br></div><div class="spacer battle-history"><br></div><div class="battle-history">TheUltraFinder sent out Rotom (<strong>Rotom-Wash</strong>)!<br></div><div class="spacer battle-history"><br></div><h2 class="battle-history">Turn 13</h2><div class="spacer battle-history"><br></div><div class="battle-history">Bisharp used <strong>Sucker Punch</strong>!<br></div><div class="battle-history"><small>A critical hit!</small><br></div><div class="battle-history"><small>(The opposing Rotom lost 100% of its health!)</small><br></div><div class="spacer battle-history"><br></div><div class="battle-history">The opposing Rotom fainted!<br></div><div class="spacer battle-history"><br></div><div class="battle-history"><small>Your team's Reflect wore off!</small><br></div><div class="spacer battle-history"><br></div><div class="battle-history">TheUltraFinder sent out <strong>Spectrier</strong>!<br></div><div class="battle-history"><small>Pointed stones dug into the opposing Spectrier!</small><br></div><div class="spacer battle-history"><br></div><h2 class="battle-history">Turn 14</h2><div class="spacer battle-history"><br></div><div class="battle-history">Bisharp used <strong>Knock Off</strong>!<br></div><div class="battle-history"><small>It's super effective!</small><br></div><div class="battle-history"><small>(The opposing Spectrier lost 88% of its health!)</small><br></div><div class="battle-history"><small>Bisharp knocked off the opposing Spectrier's Expert Belt!</small><br></div><div class="spacer battle-history"><br></div><div class="battle-history">The opposing Spectrier fainted!<br></div><div class="spacer battle-history"><br></div><div class="battle-history"><strong>CCMegaFlareon</strong> won the battle!<br></div><div class="chat chatmessage-theultrafinder"><strong style="color:#946524"><small>☆</small><span class="username" data-name="TheUltraFinder">TheUltraFinder</span>:</strong> <em>gg</em></div><div class="chat chatmessage-ccmegaflareon mine"><strong style="color:#ac36b5"><small>☆</small><span class="username" data-name="CCMegaFlareon">CCMegaFlareon</span>:</strong> <em>gg</em></div><div class="chat chatmessage-ccmegaflareon mine"><strong style="color:#ac36b5"><small>☆</small><span class="username" data-name="CCMegaFlareon">CCMegaFlareon</span>:</strong> <em>Can you save a replay?</em></div></div><div class="inner-preempt message-log"></div></div></div>
</div>
<script>
let daily = Math.floor(Date.now()/1000/60/60/24);document.write('<script src="https://play.pokemonshowdown.com/js/replay-embed.js?version'+daily+'"></'+'script>');
</script>
