<!DOCTYPE html>
<meta charset="utf-8" />
<!-- version 1 -->
<title>[Gen 8] M4A Monotype replay: kakaks vs. Mossy Sandwich</title>
<style>
html,body {font-family:Verdana, sans-serif;font-size:10pt;margin:0;padding:0;}body{padding:12px 0;} .battle-log {font-family:Verdana, sans-serif;font-size:10pt;} .battle-log-inline {border:1px solid #AAAAAA;background:#EEF2F5;color:black;max-width:640px;margin:0 auto 80px;padding-bottom:5px;} .battle-log .inner {padding:4px 8px 0px 8px;} .battle-log .inner-preempt {padding:0 8px 4px 8px;} .battle-log .inner-after {margin-top:0.5em;} .battle-log h2 {margin:0.5em -8px;padding:4px 8px;border:1px solid #AAAAAA;background:#E0E7EA;border-left:0;border-right:0;font-family:Verdana, sans-serif;font-size:13pt;} .battle-log .chat {vertical-align:middle;padding:3px 0 3px 0;font-size:8pt;} .battle-log .chat strong {color:#40576A;} .battle-log .chat em {padding:1px 4px 1px 3px;color:#000000;font-style:normal;} .chat.mine {background:rgba(0,0,0,0.05);margin-left:-8px;margin-right:-8px;padding-left:8px;padding-right:8px;} .spoiler {color:#BBBBBB;background:#BBBBBB;padding:0px 3px;} .spoiler:hover, .spoiler:active, .spoiler-shown {color:#000000;background:#E2E2E2;padding:0px 3px;} .spoiler a {color:#BBBBBB;} .spoiler:hover a, .spoiler:active a, .spoiler-shown a {color:#2288CC;} .chat code, .chat .spoiler:hover code, .chat .spoiler:active code, .chat .spoiler-shown code {border:1px solid #C0C0C0;background:#EEEEEE;color:black;padding:0 2px;} .chat .spoiler code {border:1px solid #CCCCCC;background:#CCCCCC;color:#CCCCCC;} .battle-log .rated {padding:3px 4px;} .battle-log .rated strong {color:white;background:#89A;padding:1px 4px;border-radius:4px;} .spacer {margin-top:0.5em;} .message-announce {background:#6688AA;color:white;padding:1px 4px 2px;} .message-announce a, .broadcast-green a, .broadcast-blue a, .broadcast-red a {color:#DDEEFF;} .broadcast-green {background-color:#559955;color:white;padding:2px 4px;} .broadcast-blue {background-color:#6688AA;color:white;padding:2px 4px;} .infobox {border:1px solid #6688AA;padding:2px 4px;} .infobox-limited {max-height:200px;overflow:auto;overflow-x:hidden;} .broadcast-red {background-color:#AA5544;color:white;padding:2px 4px;} .message-learn-canlearn {font-weight:bold;color:#228822;text-decoration:underline;} .message-learn-cannotlearn {font-weight:bold;color:#CC2222;text-decoration:underline;} .message-effect-weak {font-weight:bold;color:#CC2222;} .message-effect-resist {font-weight:bold;color:#6688AA;} .message-effect-immune {font-weight:bold;color:#666666;} .message-learn-list {margin-top:0;margin-bottom:0;} .message-throttle-notice, .message-error {color:#992222;} .message-overflow, .chat small.message-overflow {font-size:0pt;} .message-overflow::before {font-size:9pt;content:'...';} .subtle {color:#3A4A66;}
</style>
<div class="wrapper replay-wrapper" style="max-width:1180px;margin:0 auto">
<input type="hidden" name="replayid" value="dragonheaven-gen8m4amonotype-893" />
<div class="battle"></div><div class="battle-log"></div><div class="replay-controls"></div><div class="replay-controls-2"></div>
<h1 style="font-weight:normal;text-align:center"><strong>[Gen 8] M4A Monotype</strong><br /><a href="http://pokemonshowdown.com/users/kakaks" class="subtle" target="_blank">kakaks</a> vs. <a href="http://pokemonshowdown.com/users/mossysandwich" class="subtle" target="_blank">Mossy Sandwich</a></h1>
<script type="text/plain" class="battle-log-data">|j|☆kakaks
|j|☆Mossy Sandwich

|t:|1609276471
|player|p1|kakaks|1|
|player|p2|Mossy Sandwich|265|
|teamsize|p1|6
|teamsize|p2|6
|gametype|singles
|gen|8
|tier|[Gen 8] M4A Monotype
|rule|Same Type Clause: Pokémon in a team must share a type
|clearpoke
|poke|p1|Beedrill, F|
|poke|p1|Forretress, M|
|poke|p1|Scolipede, F|
|poke|p1|Volcarona, F|
|poke|p1|Scizor, F|
|poke|p1|Ribombee, F|
|poke|p2|Jirachi|
|poke|p2|Tapu Lele|
|poke|p2|Meowstic, M|
|poke|p2|Alakazam, M|
|poke|p2|Victini|
|poke|p2|Hatterene, F|
|rule|HP Percentage Mod: HP is shown in percentages
|rule|Endless Battle Clause: Forcing endless battles is banned
|rule|OHKO Clause: OHKO moves are banned
|rule|Evasion Moves Clause: Evasion moves are banned
|rule|Species Clause: Limit one of each Pokémon
|rule|Dynamax Clause: You cannot dynamax
|rule|Sleep Clause Mod: Limit one foe put to sleep
|rule|Freeze Clause Mod: Limit one foe frozen
|teampreview
|c|☆Mossy Sandwich|gl hf!
|c|☆kakaks|gl hf
|
|t:|1609276489
|start
|switch|p1a: Forretress|Forretress, M|100\/100
|switch|p2a: Jirachi|Jirachi|404\/404
|turn|1
|
|t:|1609276493
|move|p2a: Jirachi|U-turn|p1a: Forretress
|-resisted|p1a: Forretress
|-damage|p1a: Forretress|96\/100
|
|t:|1609276496
|switch|p2a: Victini|Victini|341\/341
|move|p1a: Forretress|Stealth Rock|p2a: Victini
|-sidestart|p2: Mossy Sandwich|move: Stealth Rock
|
|upkeep
|turn|2
|
|t:|1609276503
|move|p2a: Victini|V-create|p1a: Forretress
|-supereffective|p1a: Forretress
|-damage|p1a: Forretress|0 fnt
|-unboost|p2a: Victini|spe|1
|-unboost|p2a: Victini|def|1
|-unboost|p2a: Victini|spd|1
|faint|p1a: Forretress
|
|upkeep
|
|t:|1609276506
|switch|p1a: Beedrill|Beedrill, F|100\/100
|turn|3
|
|t:|1609276512
|switch|p2a: Jirachi|Jirachi|404\/404
|-damage|p2a: Jirachi|379\/404|[from] Stealth Rock
|detailschange|p1a: Beedrill|Beedrill-Mega, F
|-mega|p1a: Beedrill|Beedrill|Beedrillite
|-start|p1a: Beedrill|typechange|Bug\/Poison|[silent]
|raw|<ul class="utilichart"><li class="result"><span class="col pokemonnamecol" style="white-space: nowrap">Beedrill-Mega<\/span> <span class="col typecol"><img src="https:\/\/play.pokemonshowdown.com\/sprites\/types\/Bug.png" alt="Bug" height="14" width="32"><img src="https:\/\/play.pokemonshowdown.com\/sprites\/types\/Poison.png" alt="Poison" height="14" width="32"><\/span> <span style="float: left ; min-height: 26px"><span class="col abilitycol">Adaptability<\/span><span class="col abilitycol"><\/span><\/span><span style="float: left ; min-height: 26px"><span class="col statcol"><em>HP<\/em><br>65<\/span> <span class="col statcol"><em>Atk<\/em><br>150<\/span> <span class="col statcol"><em>Def<\/em><br>40<\/span> <span class="col statcol"><em>SpA<\/em><br>15<\/span> <span class="col statcol"><em>SpD<\/em><br>80<\/span> <span class="col statcol"><em>Spe<\/em><br>145<\/span> <\/span><\/li><li style="clear: both"><\/li><\/ul>
|move|p1a: Beedrill|Drill Run|p2a: Jirachi
|-supereffective|p2a: Jirachi
|-crit|p2a: Jirachi
|-damage|p2a: Jirachi|157\/404
|
|-heal|p2a: Jirachi|182\/404|[from] item: Leftovers
|upkeep
|turn|4
|
|t:|1609276528
|switch|p1a: Scizor|Scizor, F|100\/100
|move|p2a: Jirachi|Body Slam|p1a: Scizor
|-resisted|p1a: Scizor
|-damage|p1a: Scizor|90\/100
|
|-heal|p2a: Jirachi|207\/404|[from] item: Leftovers
|upkeep
|turn|5
|
|t:|1609276533
|move|p2a: Jirachi|Stealth Rock|p1a: Scizor
|-sidestart|p1: kakaks|move: Stealth Rock
|move|p1a: Scizor|Superpower|p2a: Jirachi
|-damage|p2a: Jirachi|50\/404
|-unboost|p1a: Scizor|atk|1
|-unboost|p1a: Scizor|def|1
|
|-heal|p2a: Jirachi|75\/404|[from] item: Leftovers
|upkeep
|turn|6
|
|t:|1609276541
|move|p2a: Jirachi|Body Slam|p1a: Scizor
|-resisted|p1a: Scizor
|-damage|p1a: Scizor|75\/100
|move|p1a: Scizor|Superpower|p2a: Jirachi
|-damage|p2a: Jirachi|0 fnt
|-unboost|p1a: Scizor|atk|1
|-unboost|p1a: Scizor|def|1
|faint|p2a: Jirachi
|
|upkeep
|
|t:|1609276547
|switch|p2a: Meowstic|Meowstic, M|289\/289
|-damage|p2a: Meowstic|253\/289|[from] Stealth Rock
|turn|7
|
|t:|1609276583
|switch|p1a: Volcarona|Volcarona, F|100\/100
|detailschange|p2a: Meowstic|Meowstic-Mega, M
|-mega|p2a: Meowstic|Meowstic|Meowsticite
|-ability|p2a: Meowstic|Dark Aura
|-start|p2a: Meowstic|typechange|Psychic\/Dark|[silent]
|raw|<ul class="utilichart"><li class="result"><span class="col pokemonnamecol" style="white-space: nowrap">Meowstic-Mega<\/span> <span class="col typecol"><img src="https:\/\/play.pokemonshowdown.com\/sprites\/types\/Psychic.png" alt="Psychic" height="14" width="32"><img src="https:\/\/play.pokemonshowdown.com\/sprites\/types\/Dark.png" alt="Dark" height="14" width="32"><\/span> <span style="float: left ; min-height: 26px"><span class="col abilitycol">Dark Aura<\/span><span class="col abilitycol"><\/span><\/span><span style="float: left ; min-height: 26px"><span class="col statcol"><em>HP<\/em><br>74<\/span> <span class="col statcol"><em>Atk<\/em><br>133<\/span> <span class="col statcol"><em>Def<\/em><br>91<\/span> <span class="col statcol"><em>SpA<\/em><br>48<\/span> <span class="col statcol"><em>SpD<\/em><br>96<\/span> <span class="col statcol"><em>Spe<\/em><br>124<\/span> <\/span><\/li><li style="clear: both"><\/li><\/ul>
|move|p2a: Meowstic|Knock Off|p1a: Volcarona
|-damage|p1a: Volcarona|0 fnt
|-enditem|p1a: Volcarona|Heavy-Duty Boots|[from] move: Knock Off|[of] p2a: Meowstic
|faint|p1a: Volcarona
|
|upkeep
|
|t:|1609276594
|switch|p1a: Scolipede|Scolipede, F|100\/100
|-damage|p1a: Scolipede|76\/100|[from] Stealth Rock
|turn|8
|
|t:|1609276602
|move|p2a: Meowstic|Sucker Punch|p1a: Scolipede
|-damage|p1a: Scolipede|0 fnt
|faint|p1a: Scolipede
|
|upkeep
|c|☆kakaks|its lost
|
|t:|1609276610
|switch|p1a: Scizor|Scizor, F|75\/100
|-damage|p1a: Scizor|63\/100|[from] Stealth Rock
|turn|9
|
|t:|1609276618
|move|p2a: Meowstic|Knock Off|p1a: Scizor
|-damage|p1a: Scizor|0 fnt
|-enditem|p1a: Scizor|Choice Band|[from] move: Knock Off|[of] p2a: Meowstic
|faint|p1a: Scizor
|
|upkeep
|
|t:|1609276648
|switch|p1a: Beedrill|Beedrill-Mega, F|100\/100
|-start|p1a: Beedrill|typechange|Bug\/Poison|[silent]
|-damage|p1a: Beedrill|76\/100|[from] Stealth Rock
|turn|10
|-message|kakaks forfeited.
|
|win|Mossy Sandwich
|c|☆Mossy Sandwich|gg</script>
</div>
<div class="battle-log battle-log-inline"><div class="inner"><div class="battle-options"><div style="padding-top: 3px; padding-right: 3px; text-align: right"><button class="icon button" name="openBattleOptions" title="Options">Battle Options</button></div></div><div class="inner message-log"><div class="chat"><small>☆kakaks and ☆Mossy Sandwich joined</small></div><div class=""><small>Format:</small> <br><strong>[Gen 8] M4A Monotype</strong></div><div class=""><small><em>Same Type Clause:</em> Pokémon in a team must share a type</small></div><div class=""><small><em>HP Percentage Mod:</em> HP is shown in percentages</small></div><div class=""><small><em>Endless Battle Clause:</em> Forcing endless battles is banned</small></div><div class=""><small><em>OHKO Clause:</em> OHKO moves are banned</small></div><div class=""><small><em>Evasion Moves Clause:</em> Evasion moves are banned</small></div><div class=""><small><em>Species Clause:</em> Limit one of each Pokémon</small></div><div class=""><small><em>Dynamax Clause:</em> You cannot dynamax</small></div><div class=""><small><em>Sleep Clause Mod:</em> Limit one foe put to sleep</small></div><div class=""><small><em>Freeze Clause Mod:</em> Limit one foe frozen</small></div><div class="chat battle-history"><strong>kakaks's team:</strong> <em style="color:#445566;display:block;">Beedrill / Forretress / Scolipede / Volcarona / Scizor / Ribombee</em></div><div class="chat battle-history"><strong>Mossy Sandwich's team:</strong> <em style="color:#445566;display:block;">Jirachi / Tapu Lele / Meowstic / Alakazam / Victini / Hatterene</em></div><div class="chat chatmessage-mossysandwich mine"><strong style="color:#ba49a2"><small>☆</small><span class="username" data-name="Mossy Sandwich">Mossy Sandwich</span>:</strong> <em>gl hf!</em></div><div class="chat chatmessage-kakaks"><strong style="color:#2da40f"><small>☆</small><span class="username" data-name="kakaks">kakaks</span>:</strong> <em>gl hf</em></div><div class="spacer battle-history"><br></div><div class="battle-history">Battle started between kakaks and Mossy Sandwich!<br></div><div class="spacer battle-history"><br></div><div class="battle-history">kakaks sent out <strong>Forretress</strong>!<br></div><div class="spacer battle-history"><br></div><div class="battle-history">Go! <strong>Jirachi</strong>!<br></div><div class="spacer battle-history"><br></div><h2 class="battle-history">Turn 1</h2><div class="spacer battle-history"><br></div><div class="battle-history">Jirachi used <strong>U-turn</strong>!<br></div><div class="battle-history"><small>It's not very effective...</small><br></div><div class="battle-history"><small>(The opposing Forretress lost 4% of its health!)</small><br></div><div class="spacer battle-history"><br></div><div class="battle-history">Jirachi went back to Mossy Sandwich!<br></div><div class="battle-history">Go! <strong>Victini</strong>!<br></div><div class="spacer battle-history"><br></div><div class="battle-history">The opposing Forretress used <strong>Stealth Rock</strong>!<br></div><div class="battle-history"><small>Pointed stones float in the air around your team!</small><br></div><div class="spacer battle-history"><br></div><h2 class="battle-history">Turn 2</h2><div class="spacer battle-history"><br></div><div class="battle-history">Victini used <strong>V-create</strong>!<br></div><div class="battle-history"><small>It's super effective!</small><br></div><div class="battle-history"><small>(The opposing Forretress lost 96% of its health!)</small><br></div><div class="battle-history"><small>Victini's Speed fell!</small><br></div><div class="battle-history"><small>Victini's Defense fell!</small><br></div><div class="battle-history"><small>Victini's Sp. Def fell!</small><br></div><div class="spacer battle-history"><br></div><div class="battle-history">The opposing Forretress fainted!<br></div><div class="spacer battle-history"><br></div><div class="battle-history">kakaks sent out <strong>Beedrill</strong>!<br></div><div class="spacer battle-history"><br></div><h2 class="battle-history">Turn 3</h2><div class="spacer battle-history"><br></div><div class="battle-history">Victini, come back!<br></div><div class="battle-history">Go! <strong>Jirachi</strong>!<br></div><div class="battle-history"><small>Pointed stones dug into Jirachi!</small><br></div><div class="spacer battle-history"><br></div><div class="battle-history"><small>The opposing Beedrill's Beedrillite is reacting to the Key Stone!</small><br>The opposing Beedrill has Mega Evolved into Mega Beedrill!<br></div><div class="chat"><ul class="utilichart"><li class="result"><span class="col pokemonnamecol" style="white-space: nowrap">Beedrill-Mega</span> <span class="col typecol"><img src="https://play.pokemonshowdown.com/sprites/types/Bug.png" alt="Bug" height="14" width="32"><img src="https://play.pokemonshowdown.com/sprites/types/Poison.png" alt="Poison" height="14" width="32"></span> <span style="float: left ; min-height: 26px"><span class="col abilitycol">Adaptability</span><span class="col abilitycol"></span></span><span style="float: left ; min-height: 26px"><span class="col statcol"><em>HP</em><br>65</span> <span class="col statcol"><em>Atk</em><br>150</span> <span class="col statcol"><em>Def</em><br>40</span> <span class="col statcol"><em>SpA</em><br>15</span> <span class="col statcol"><em>SpD</em><br>80</span> <span class="col statcol"><em>Spe</em><br>145</span> </span></li><li style="clear: both"></li></ul></div><div class="spacer battle-history"><br></div><div class="battle-history">The opposing Beedrill used <strong>Drill Run</strong>!<br></div><div class="battle-history"><small>It's super effective!</small><br></div><div class="battle-history"><small>A critical hit!</small><br></div><div class="battle-history"><small>(Jirachi lost <abbr title="−222/404">55.0%</abbr> of its health!)</small><br></div><div class="spacer battle-history"><br></div><div class="battle-history"><small>Jirachi restored a little HP using its Leftovers!</small><br></div><div class="spacer battle-history"><br></div><h2 class="battle-history">Turn 4</h2><div class="spacer battle-history"><br></div><div class="battle-history">kakaks withdrew Beedrill!<br></div><div class="battle-history">kakaks sent out <strong>Scizor</strong>!<br></div><div class="spacer battle-history"><br></div><div class="battle-history">Jirachi used <strong>Body Slam</strong>!<br></div><div class="battle-history"><small>It's not very effective...</small><br></div><div class="battle-history"><small>(The opposing Scizor lost 10% of its health!)</small><br></div><div class="spacer battle-history"><br></div><div class="battle-history"><small>Jirachi restored a little HP using its Leftovers!</small><br></div><div class="spacer battle-history"><br></div><h2 class="battle-history">Turn 5</h2><div class="spacer battle-history"><br></div><div class="battle-history">Jirachi used <strong>Stealth Rock</strong>!<br></div><div class="battle-history"><small>Pointed stones float in the air around the opposing team!</small><br></div><div class="spacer battle-history"><br></div><div class="battle-history">The opposing Scizor used <strong>Superpower</strong>!<br></div><div class="battle-history"><small>(Jirachi lost <abbr title="−157/404">38.9%</abbr> of its health!)</small><br></div><div class="battle-history"><small>The opposing Scizor's Attack fell!</small><br></div><div class="battle-history"><small>The opposing Scizor's Defense fell!</small><br></div><div class="spacer battle-history"><br></div><div class="battle-history"><small>Jirachi restored a little HP using its Leftovers!</small><br></div><div class="spacer battle-history"><br></div><h2 class="battle-history">Turn 6</h2><div class="spacer battle-history"><br></div><div class="battle-history">Jirachi used <strong>Body Slam</strong>!<br></div><div class="battle-history"><small>It's not very effective...</small><br></div><div class="battle-history"><small>(The opposing Scizor lost 15% of its health!)</small><br></div><div class="spacer battle-history"><br></div><div class="battle-history">The opposing Scizor used <strong>Superpower</strong>!<br></div><div class="battle-history"><small>(Jirachi lost <abbr title="−75/404">18.6%</abbr> of its health!)</small><br></div><div class="battle-history"><small>The opposing Scizor's Attack fell!</small><br></div><div class="battle-history"><small>The opposing Scizor's Defense fell!</small><br></div><div class="spacer battle-history"><br></div><div class="battle-history">Jirachi fainted!<br></div><div class="spacer battle-history"><br></div><div class="battle-history">Go! <strong>Meowstic</strong>!<br></div><div class="battle-history"><small>Pointed stones dug into Meowstic!</small><br></div><div class="spacer battle-history"><br></div><h2 class="battle-history">Turn 7</h2><div class="spacer battle-history"><br></div><div class="battle-history">kakaks withdrew Scizor!<br></div><div class="battle-history">kakaks sent out <strong>Volcarona</strong>!<br></div><div class="spacer battle-history"><br></div><div class="battle-history"><small>Meowstic's Meowsticite is reacting to the Key Stone!</small><br>Meowstic has Mega Evolved into Mega Meowstic!<br></div><div class="battle-history">[Meowstic's Dark Aura]<br><small>Meowstic is radiating a dark aura!</small><br></div><div class="chat"><ul class="utilichart"><li class="result"><span class="col pokemonnamecol" style="white-space: nowrap">Meowstic-Mega</span> <span class="col typecol"><img src="https://play.pokemonshowdown.com/sprites/types/Psychic.png" alt="Psychic" height="14" width="32"><img src="https://play.pokemonshowdown.com/sprites/types/Dark.png" alt="Dark" height="14" width="32"></span> <span style="float: left ; min-height: 26px"><span class="col abilitycol">Dark Aura</span><span class="col abilitycol"></span></span><span style="float: left ; min-height: 26px"><span class="col statcol"><em>HP</em><br>74</span> <span class="col statcol"><em>Atk</em><br>133</span> <span class="col statcol"><em>Def</em><br>91</span> <span class="col statcol"><em>SpA</em><br>48</span> <span class="col statcol"><em>SpD</em><br>96</span> <span class="col statcol"><em>Spe</em><br>124</span> </span></li><li style="clear: both"></li></ul></div><div class="spacer battle-history"><br></div><div class="battle-history">Meowstic used <strong>Knock Off</strong>!<br></div><div class="battle-history"><small>(The opposing Volcarona lost 100% of its health!)</small><br></div><div class="battle-history"><small>Meowstic knocked off the opposing Volcarona's Heavy-Duty Boots!</small><br></div><div class="spacer battle-history"><br></div><div class="battle-history">The opposing Volcarona fainted!<br></div><div class="spacer battle-history"><br></div><div class="battle-history">kakaks sent out <strong>Scolipede</strong>!<br></div><div class="battle-history"><small>Pointed stones dug into the opposing Scolipede!</small><br></div><div class="spacer battle-history"><br></div><h2 class="battle-history">Turn 8</h2><div class="spacer battle-history"><br></div><div class="battle-history">Meowstic used <strong>Sucker Punch</strong>!<br></div><div class="battle-history"><small>(The opposing Scolipede lost 76% of its health!)</small><br></div><div class="spacer battle-history"><br></div><div class="battle-history">The opposing Scolipede fainted!<br></div><div class="chat chatmessage-kakaks"><strong style="color:#2da40f"><small>☆</small><span class="username" data-name="kakaks">kakaks</span>:</strong> <em>its lost</em></div><div class="spacer battle-history"><br></div><div class="battle-history">kakaks sent out <strong>Scizor</strong>!<br></div><div class="battle-history"><small>Pointed stones dug into the opposing Scizor!</small><br></div><div class="spacer battle-history"><br></div><h2 class="battle-history">Turn 9</h2><div class="spacer battle-history"><br></div><div class="battle-history">Meowstic used <strong>Knock Off</strong>!<br></div><div class="battle-history"><small>(The opposing Scizor lost 63% of its health!)</small><br></div><div class="battle-history"><small>Meowstic knocked off the opposing Scizor's Choice Band!</small><br></div><div class="spacer battle-history"><br></div><div class="battle-history">The opposing Scizor fainted!<br></div><div class="spacer battle-history"><br></div><div class="battle-history">kakaks sent out Beedrill (<strong>Beedrill-Mega</strong>)!<br></div><div class="battle-history"><small>Pointed stones dug into the opposing Beedrill!</small><br></div><div class="spacer battle-history"><br></div><h2 class="battle-history">Turn 10</h2><div class="spacer battle-history"><br></div><div class="battle-history"><small>kakaks forfeited.</small><br></div><div class="spacer battle-history"><br></div><div class="battle-history"><strong>Mossy Sandwich</strong> won the battle!<br></div><div class="chat chatmessage-mossysandwich mine"><strong style="color:#ba49a2"><small>☆</small><span class="username" data-name="Mossy Sandwich">Mossy Sandwich</span>:</strong> <em>gg</em></div></div><div class="inner-preempt message-log"></div></div></div>
</div>
<script>
let daily = Math.floor(Date.now()/1000/60/60/24);document.write('<script src="https://dragonheaven.herokuapp.com/js/replay-embed.js?version'+daily+'"></'+'script>');
</script>
