<!DOCTYPE html>
<meta charset="utf-8" />
<!-- version 1 -->
<title>[Gen 8] Megas for All replay: Sticky Fingaa vs. pupugugu</title>
<style>
html,body {font-family:Verdana, sans-serif;font-size:10pt;margin:0;padding:0;}body{padding:12px 0;} .battle-log {font-family:Verdana, sans-serif;font-size:10pt;} .battle-log-inline {border:1px solid #AAAAAA;background:#EEF2F5;color:black;max-width:640px;margin:0 auto 80px;padding-bottom:5px;} .battle-log .inner {padding:4px 8px 0px 8px;} .battle-log .inner-preempt {padding:0 8px 4px 8px;} .battle-log .inner-after {margin-top:0.5em;} .battle-log h2 {margin:0.5em -8px;padding:4px 8px;border:1px solid #AAAAAA;background:#E0E7EA;border-left:0;border-right:0;font-family:Verdana, sans-serif;font-size:13pt;} .battle-log .chat {vertical-align:middle;padding:3px 0 3px 0;font-size:8pt;} .battle-log .chat strong {color:#40576A;} .battle-log .chat em {padding:1px 4px 1px 3px;color:#000000;font-style:normal;} .chat.mine {background:rgba(0,0,0,0.05);margin-left:-8px;margin-right:-8px;padding-left:8px;padding-right:8px;} .spoiler {color:#BBBBBB;background:#BBBBBB;padding:0px 3px;} .spoiler:hover, .spoiler:active, .spoiler-shown {color:#000000;background:#E2E2E2;padding:0px 3px;} .spoiler a {color:#BBBBBB;} .spoiler:hover a, .spoiler:active a, .spoiler-shown a {color:#2288CC;} .chat code, .chat .spoiler:hover code, .chat .spoiler:active code, .chat .spoiler-shown code {border:1px solid #C0C0C0;background:#EEEEEE;color:black;padding:0 2px;} .chat .spoiler code {border:1px solid #CCCCCC;background:#CCCCCC;color:#CCCCCC;} .battle-log .rated {padding:3px 4px;} .battle-log .rated strong {color:white;background:#89A;padding:1px 4px;border-radius:4px;} .spacer {margin-top:0.5em;} .message-announce {background:#6688AA;color:white;padding:1px 4px 2px;} .message-announce a, .broadcast-green a, .broadcast-blue a, .broadcast-red a {color:#DDEEFF;} .broadcast-green {background-color:#559955;color:white;padding:2px 4px;} .broadcast-blue {background-color:#6688AA;color:white;padding:2px 4px;} .infobox {border:1px solid #6688AA;padding:2px 4px;} .infobox-limited {max-height:200px;overflow:auto;overflow-x:hidden;} .broadcast-red {background-color:#AA5544;color:white;padding:2px 4px;} .message-learn-canlearn {font-weight:bold;color:#228822;text-decoration:underline;} .message-learn-cannotlearn {font-weight:bold;color:#CC2222;text-decoration:underline;} .message-effect-weak {font-weight:bold;color:#CC2222;} .message-effect-resist {font-weight:bold;color:#6688AA;} .message-effect-immune {font-weight:bold;color:#666666;} .message-learn-list {margin-top:0;margin-bottom:0;} .message-throttle-notice, .message-error {color:#992222;} .message-overflow, .chat small.message-overflow {font-size:0pt;} .message-overflow::before {font-size:9pt;content:'...';} .subtle {color:#3A4A66;}
</style>
<div class="wrapper replay-wrapper" style="max-width:1180px;margin:0 auto">
<input type="hidden" name="replayid" value="dragonheaven-gen8megasforall-380" />
<div class="battle"></div><div class="battle-log"></div><div class="replay-controls"></div><div class="replay-controls-2"></div>
<h1 style="font-weight:normal;text-align:center"><strong>[Gen 8] Megas for All</strong><br /><a href="http://pokemonshowdown.com/users/stickyfingaa" class="subtle" target="_blank">Sticky Fingaa</a> vs. <a href="http://pokemonshowdown.com/users/pupugugu" class="subtle" target="_blank">pupugugu</a></h1>
<script type="text/plain" class="battle-log-data">|j|☆Sticky Fingaa
|j|☆pupugugu
|t:|1634945668
|player|p1|Sticky Fingaa|2|
|player|p2|pupugugu|clerkf|
|teamsize|p1|6
|teamsize|p2|6
|gametype|singles
|gen|8
|tier|[Gen 8] Megas for All
|rated|Tournament battle
|clearpoke
|poke|p1|Palossand, F|
|poke|p1|Raichu-Alola, M|
|poke|p1|Archeops, M|
|poke|p1|Rufflet, M|
|poke|p1|Roselia, M|
|poke|p1|Aggron, F|
|poke|p2|Ninetales, M|
|poke|p2|Infernape, F|
|poke|p2|Darmanitan, F|
|poke|p2|Lucario, F|
|poke|p2|Seismitoad, F|
|poke|p2|Monferno, F|
|rule|HP Percentage Mod: HP is shown in percentages
|rule|Endless Battle Clause: Forcing endless battles is banned
|rule|OHKO Clause: OHKO moves are banned
|rule|Evasion Moves Clause: Evasion moves are banned
|rule|Species Clause: Limit one of each Pokémon
|rule|Dynamax Clause: You cannot dynamax
|rule|Sleep Clause Mod: Limit one foe put to sleep
|rule|Freeze Clause Mod: Limit one foe frozen
|raw|<img src="https:\/\/raw.githubusercontent.com\/scoopapa\/DH\/master\/data\/mods\/m4av6\/sprites\/m4a_banner.png" height="65" width="381">
|-message|Welcome to Megas for All!
|-message|This is a National Dex-based format where we aim to give a new Mega Evolution to every Pokémon.
|-message|Just like any official format, you can still only Mega Evolve one Pokémon per team!
|-message|You can find our thread and metagame resources here:
|-message|https:\/\/www.smogon.com\/forums\/threads\/3671140\/
|teampreview
|c|☆pupugugu|AYT LET'S GO
|j| Paul(Paulluxx)
|c|☆pupugugu|glhf
|c| Paul(Paulluxx)|OH MY GOD ROWLET
|c| Paul(Paulluxx)|Baby
|c|☆Sticky Fingaa|i believe in birb supremacy
|c|☆pupugugu|time to get rowletted
|c|☆pupugugu|why do i just lose to archeops
|c| Paul(Paulluxx)|DUDE LOOK AT THIS BIRD
|c| Paul(Paulluxx)|its so cute
|j|#inkbug1

|c| Paul(Paulluxx)|And alolan raichu as ell
|
|t:|1634945714
|start
|switch|p1a: naruto 1|Palossand, F|100\/100
|switch|p2a: Kyubii|Ninetales, M|100\/100
|turn|1
|c|☆pupugugu|FUCK
|c| Paul(Paulluxx)|naruto 1 lmao
|c|☆Sticky Fingaa|YES
|c|☆pupugugu|WHY AM I SO BAD
|c| Paul(Paulluxx)|my man forgot the drought
|c| Paul(Paulluxx)|running heatran lite
|
|t:|1634945750
|move|p2a: Kyubii|Hypnosis|p1a: naruto 1|[miss]
|-miss|p2a: Kyubii|p1a: naruto 1
|move|p1a: naruto 1|Toxic|p2a: Kyubii
|-status|p2a: Kyubii|tox
|
|-damage|p2a: Kyubii|95\/100 tox|[from] psn
|upkeep
|turn|2
|c|☆pupugugu|i hate it here
|c| Paul(Paulluxx)|goat
|c|☆Sticky Fingaa|e.e
|
|t:|1634945772
|switch|p1a: naruto 6|Aggron, F|100\/100
|move|p2a: Kyubii|Hypnosis|p1a: naruto 6
|-status|p1a: naruto 6|slp|[from] move: Hypnosis
|
|-damage|p2a: Kyubii|83\/100 tox|[from] psn
|upkeep
|turn|3
|c| Paul(Paulluxx)|Naruto 6 up in the house
|
|t:|1634945790
|switch|p2a: Gamakichi|Seismitoad, F|100\/100
|switch|p1a: naruto 1|Palossand, F|100\/100
|
|upkeep
|turn|4
|
|t:|1634945796
|switch|p1a: naruto 5|Roselia, M|100\/100
|move|p2a: Gamakichi|Toxic|p1a: naruto 5|[miss]
|-miss|p2a: Gamakichi|p1a: naruto 5
|
|upkeep
|turn|5
|c|☆pupugugu|lpays
|
|t:|1634945802
|switch|p2a: Spicy Ramen|Darmanitan, F|100\/100
|move|p1a: naruto 5|Spikes|p2a: Spicy Ramen
|-sidestart|p2: pupugugu|Spikes
|
|upkeep
|turn|6
|c| Paul(Paulluxx)|the double switches with roselia
|
|t:|1634945809
|switch|p1a: naruto 6|Aggron, F|100\/100 slp
|move|p2a: Spicy Ramen|Flare Blitz|p1a: naruto 6
|-damage|p1a: naruto 6|4\/100 slp
|-damage|p2a: Spicy Ramen|75\/100|[from] Recoil
|
|upkeep
|turn|7
|c|☆pupugugu|DAMAGE
|c|☆pupugugu|DAMN
|c|☆Sticky Fingaa|damn
|c| Paul(Paulluxx)|Aggron moment
|
|t:|1634945825
|move|p2a: Spicy Ramen|Flare Blitz|p1a: naruto 6
|-damage|p1a: naruto 6|0 fnt
|-damage|p2a: Spicy Ramen|74\/100|[from] Recoil
|faint|p1a: naruto 6
|
|upkeep
|c| Paul(Paulluxx)|darmanitan moment
|c|☆pupugugu|more like darm moment
|c| Paul(Paulluxx)|thats a neutral move 
|c| Paul(Paulluxx)|against
|
|t:|1634945845
|switch|p1a: naruto 2|Raichu-Alola, M|100\/100
|turn|8
|c| Paul(Paulluxx)|70\/180 physical bulk
|c|☆pupugugu|that had to be CB aggron or something foul
|c|☆pupugugu|is this manual terrain
|c|☆pupugugu|i swear
|c| Paul(Paulluxx)|custap aggron :flushed:
|c|☆pupugugu|tell me it ain't so xD
|
|t:|1634945861
|switch|p2a: Kyubii|Ninetales, M|83\/100 tox
|-damage|p2a: Kyubii|71\/100 tox|[from] Spikes
|move|p1a: naruto 2|Psyshock|p2a: Kyubii
|-damage|p2a: Kyubii|0 fnt
|faint|p2a: Kyubii
|
|upkeep
|
|t:|1634945865
|switch|p2a: Boruto|Monferno, F|100\/100
|-damage|p2a: Boruto|88\/100|[from] Spikes
|turn|9
|j| time to chill
|c|☆Sticky Fingaa|what's this thing going to do god
|c|☆pupugugu|xD
|
|t:|1634945881
|switch|p1a: naruto 1|Palossand, F|100\/100
|move|p2a: Boruto|U-turn|p1a: naruto 1
|-resisted|p1a: naruto 1
|-damage|p1a: naruto 1|95\/100
|-damage|p2a: Boruto|72\/100|[from] item: Rocky Helmet|[of] p1a: naruto 1
|
|t:|1634945889
|switch|p2a: Spicy Ramen|Darmanitan, F|74\/100|[from]move: U-turn
|-damage|p2a: Spicy Ramen|62\/100|[from] Spikes
|
|upkeep
|turn|10
|c|☆pupugugu|time to claim another life
|c|☆Sticky Fingaa|ye it's scarf monke
|c| Paul(Paulluxx)|Monferno
|c| Paul(Paulluxx)|ORAS PU moment
|c|☆pupugugu|:P
|c| time to chill|spicy ramen, HEAT
|c|☆Sticky Fingaa|now someone has to pay le price
|c| Paul(Paulluxx)|who dies today
|c|☆pupugugu|i think if i kill this i might die too tbh
|c|☆Sticky Fingaa|:(
|c|☆Sticky Fingaa|the birb
|c|☆pupugugu|no
|c|☆pupugugu|you wouldn't
|c| Paul(Paulluxx)|RUFFLET NOOOOOOOOOOOOOOO
|c|☆Sticky Fingaa|click eq or the birb dies pupu >:^)
|c|☆pupugugu|i can't
|c| Paul(Paulluxx)|Do it
|c|☆pupugugu|i'm locked into flare blitz
|c| time to chill|XD
|c| Paul(Paulluxx)|save the bird
|c| Paul(Paulluxx)|wait
|c| Paul(Paulluxx)|is that mono blitz LOL
|c|☆pupugugu|it might be
|c|☆Sticky Fingaa|flare blitz seismitoad
|c| Paul(Paulluxx)|goat
|c|☆pupugugu|oh, i meant on this mon
|c| time to chill|you know why isn't it called the mighty guy
|
|t:|1634945994
|switch|p1a: naruto 4|Rufflet, M|100\/100
|move|p2a: Spicy Ramen|Flare Blitz|p1a: naruto 4
|-damage|p1a: naruto 4|0 fnt
|-damage|p2a: Spicy Ramen|34\/100|[from] Recoil
|faint|p1a: naruto 4
|
|upkeep
|c| Paul(Paulluxx)|NOOOOOOOOOO
|
|t:|1634946000
|switch|p1a: naruto 3|Archeops, M|100\/100
|turn|11
|c| Paul(Paulluxx)|BIRD
|c| Paul(Paulluxx)|BIRD
|
|t:|1634946016
|switch|p2a: Gamakichi|Seismitoad, F|100\/100
|-damage|p2a: Gamakichi|88\/100|[from] Spikes
|move|p1a: naruto 3|Earthquake|p2a: Gamakichi
|-damage|p2a: Gamakichi|61\/100
|
|-heal|p2a: Gamakichi|67\/100|[from] item: Leftovers
|upkeep
|turn|12
|
|t:|1634946022
|move|p1a: naruto 3|U-turn|p2a: Gamakichi
|-damage|p2a: Gamakichi|49\/100
|
|t:|1634946025
|switch|p1a: naruto 5|Roselia, M|100\/100|[from]move: U-turn
|move|p2a: Gamakichi|Stealth Rock|p1a: naruto 5
|-sidestart|p1: Sticky Fingaa|move: Stealth Rock
|
|-heal|p2a: Gamakichi|55\/100|[from] item: Leftovers
|upkeep
|turn|13
|
|t:|1634946030
|switch|p2a: Naruto|Infernape, F|100\/100
|-damage|p2a: Naruto|88\/100|[from] Spikes
|move|p1a: naruto 5|Spikes|p2a: Naruto
|-sidestart|p2: pupugugu|Spikes
|
|upkeep
|turn|14
|
|t:|1634946039
|switch|p1a: naruto 1|Palossand, F|95\/100
|-damage|p1a: naruto 1|88\/100|[from] Stealth Rock
|detailschange|p2a: Naruto|Infernape-Mega, F
|-mega|p2a: Naruto|Infernape|Infernite
|-start|p2a: Naruto|typechange|Fire\/Fighting|[silent]
|raw|<ul class="utilichart"><li class="result"><span class="col pokemonnamecol" style="white-space: nowrap">Infernape-Mega<\/span> <span class="col typecol"><img src="https:\/\/play.pokemonshowdown.com\/sprites\/types\/Fire.png" alt="Fire" height="14" width="32"><img src="https:\/\/play.pokemonshowdown.com\/sprites\/types\/Fighting.png" alt="Fighting" height="14" width="32"><\/span> <span style="float: left ; min-height: 26px"><span class="col abilitycol">Chakra Lock<\/span><span class="col abilitycol"><\/span><\/span><span style="float: left ; min-height: 26px"><span class="col statcol"><em>HP<\/em><br>76<\/span> <span class="col statcol"><em>Atk<\/em><br>114<\/span> <span class="col statcol"><em>Def<\/em><br>101<\/span> <span class="col statcol"><em>SpA<\/em><br>114<\/span> <span class="col statcol"><em>SpD<\/em><br>91<\/span> <span class="col statcol"><em>Spe<\/em><br>138<\/span> <\/span><\/li><li style="clear: both"><\/li><\/ul>
|move|p2a: Naruto|Overheat|p1a: naruto 1
|-crit|p1a: naruto 1
|-damage|p1a: naruto 1|0 fnt
|-unboost|p2a: Naruto|spa|2
|faint|p1a: naruto 1
|
|upkeep
|c| Paul(Paulluxx)|Naruto
|c|☆pupugugu|nice crit naruto
|c|☆Sticky Fingaa|fuck
|c| Paul(Paulluxx)|that killed
|c| time to chill|believe it
|c| Paul(Paulluxx)|palossand has like zero spedef
|c|☆pupugugu|yeah i'm max spatk
|c|☆pupugugu|i mean, it prob ate 1
|c| Paul(Paulluxx)|75 spedef yeah
|c|☆Sticky Fingaa|252 SpA Infernape Overheat vs. 248 HP \/ 48 SpD Palossand: 231-273 (61.9 - 73.1%) -- guaranteed 2HKO
|c|☆pupugugu|yeah
|c|☆pupugugu|rip v.v
|
|t:|1634946107
|switch|p1a: naruto 2|Raichu-Alola, M|100\/100
|-damage|p1a: naruto 2|88\/100|[from] Stealth Rock
|turn|15
|
|t:|1634946111
|move|p2a: Naruto|U-turn|p1a: naruto 2
|-supereffective|p1a: naruto 2
|-damage|p1a: naruto 2|10\/100
|-status|p1a: naruto 2|brn|[from] ability: Chakra Lock|[of] p2a: Naruto
|c| Paul(Paulluxx)|252 SpA Infernape Overheat vs. 252 HP \/ 48 SpD Palossand: 231-273 (61.7 - 72.9%) -- guaranteed 2HKO
|c| Paul(Paulluxx)|maybe
|c| Paul(Paulluxx)|yeah
|
|t:|1634946123
|switch|p2a: Gamakichi|Seismitoad, F|55\/100|[from]move: U-turn
|-damage|p2a: Gamakichi|39\/100|[from] Spikes
|move|p1a: naruto 2|Psyshock|p2a: Gamakichi
|-damage|p2a: Gamakichi|5\/100
|
|-heal|p2a: Gamakichi|11\/100|[from] item: Leftovers
|-damage|p1a: naruto 2|4\/100 brn|[from] brn
|upkeep
|turn|16
|c| Paul(Paulluxx)|naruto 2 is dead
|
|t:|1634946130
|move|p1a: naruto 2|Psyshock|p2a: Gamakichi
|-damage|p2a: Gamakichi|0 fnt
|faint|p2a: Gamakichi
|
|-damage|p1a: naruto 2|0 fnt|[from] brn
|faint|p1a: naruto 2
|upkeep
|
|t:|1634946139
|switch|p1a: naruto 3|Archeops, M|100\/100
|switch|p2a: Boruto|Monferno, F|72\/100
|-damage|p2a: Boruto|56\/100|[from] Spikes
|-damage|p1a: naruto 3|76\/100|[from] Stealth Rock
|turn|17
|c| Paul(Paulluxx)|Little monkey the return
|c|☆pupugugu|boruto time
|
|t:|1634946158
|detailschange|p1a: naruto 3|Archeops-Mega, M
|-mega|p1a: naruto 3|Archeops|Archeonite
|-start|p1a: naruto 3|typechange|Rock\/Flying|[silent]
|raw|<ul class="utilichart"><li class="result"><span class="col pokemonnamecol" style="white-space: nowrap">Archeops-Mega<\/span> <span class="col typecol"><img src="https:\/\/play.pokemonshowdown.com\/sprites\/types\/Rock.png" alt="Rock" height="14" width="32"><img src="https:\/\/play.pokemonshowdown.com\/sprites\/types\/Flying.png" alt="Flying" height="14" width="32"><\/span> <span style="float: left ; min-height: 26px"><span class="col abilitycol">Second Wind<\/span><span class="col abilitycol"><\/span><\/span><span style="float: left ; min-height: 26px"><span class="col statcol"><em>HP<\/em><br>75<\/span> <span class="col statcol"><em>Atk<\/em><br>190<\/span> <span class="col statcol"><em>Def<\/em><br>65<\/span> <span class="col statcol"><em>SpA<\/em><br>127<\/span> <span class="col statcol"><em>SpD<\/em><br>65<\/span> <span class="col statcol"><em>Spe<\/em><br>145<\/span> <\/span><\/li><li style="clear: both"><\/li><\/ul>
|move|p2a: Boruto|U-turn|p1a: naruto 3
|-resisted|p1a: naruto 3
|-damage|p1a: naruto 3|62\/100
|
|t:|1634946162
|switch|p2a: Spicy Ramen|Darmanitan, F|34\/100|[from]move: U-turn
|-damage|p2a: Spicy Ramen|18\/100|[from] Spikes
|move|p1a: naruto 3|Earthquake|p2a: Spicy Ramen
|-supereffective|p2a: Spicy Ramen
|-damage|p2a: Spicy Ramen|0 fnt
|faint|p2a: Spicy Ramen
|
|upkeep
|c| Paul(Paulluxx)|e
|c|☆pupugugu|rude
|
|t:|1634946170
|switch|p2a: Rasengan|Lucario, F|100\/100
|-damage|p2a: Rasengan|84\/100|[from] Spikes
|turn|18
|c|☆pupugugu|wait
|c|☆Sticky Fingaa|wait
|c|☆pupugugu|i'm the wrong moveseton this
|c| Paul(Paulluxx)|Rasengan from hit show naruto
|c|☆pupugugu|i was supposed to be vacuum wave rip
|c|☆pupugugu|v.v
|c|☆Sticky Fingaa|i thought i didn't mega evolved
|
|t:|1634946192
|move|p1a: naruto 3|Earthquake|p2a: Rasengan
|-supereffective|p2a: Rasengan
|-damage|p2a: Rasengan|4\/100
|move|p2a: Rasengan|Flash Cannon|p1a: naruto 3
|-supereffective|p1a: naruto 3
|-damage|p1a: naruto 3|0 fnt
|faint|p1a: naruto 3
|
|upkeep
|c|☆pupugugu|oh nice
|c| Paul(Paulluxx)|lol
|c|☆pupugugu|ez
|c|☆Sticky Fingaa|damn
|c|☆pupugugu|mega archeops bad
|c| Paul(Paulluxx)|mega archeops garbag
|c|☆Sticky Fingaa|the missclick u.u
|c| Paul(Paulluxx)|garbage
|c|☆pupugugu|xD
|
|t:|1634946210
|switch|p1a: naruto 5|Roselia, M|100\/100
|-damage|p1a: naruto 5|88\/100|[from] Stealth Rock
|turn|19
|
|t:|1634946216
|move|p2a: Rasengan|Flash Cannon|p1a: naruto 5
|-damage|p1a: naruto 5|56\/100
|-unboost|p1a: naruto 5|spd|1
|move|p1a: naruto 5|Synthesis|p1a: naruto 5
|-heal|p1a: naruto 5|100\/100
|
|upkeep
|turn|20
|c| Paul(Paulluxx)|the live
|c|☆pupugugu|nice spdef dro
|c|☆pupugugu|p
|
|t:|1634946223
|move|p2a: Rasengan|Flash Cannon|p1a: naruto 5
|-crit|p1a: naruto 5
|-damage|p1a: naruto 5|25\/100
|move|p1a: naruto 5|Giga Drain|p2a: Rasengan
|-resisted|p2a: Rasengan
|-damage|p2a: Rasengan|0 fnt
|-heal|p1a: naruto 5|27\/100|[from] drain|[of] p2a: Rasengan
|faint|p2a: Rasengan
|
|upkeep
|
|t:|1634946226
|switch|p2a: Boruto|Monferno, F|56\/100
|-damage|p2a: Boruto|39\/100|[from] Spikes
|turn|21
|c|☆pupugugu|gg
|
|t:|1634946229
|move|p2a: Boruto|Flare Blitz|p1a: naruto 5
|-supereffective|p1a: naruto 5
|-damage|p1a: naruto 5|0 fnt
|-damage|p2a: Boruto|29\/100|[from] Recoil
|faint|p1a: naruto 5
|
|win|pupugugu
|c|☆Sticky Fingaa|gg
|c| Paul(Paulluxx)|Yo roselia the threat
|c|☆pupugugu|i'm gonna be hokage
|c|☆pupugugu|believe it
|c|☆pupugugu|dattebayo
|j| Ziggurat Monk
|c|☆pupugugu|etc
|c| Paul(Paulluxx)|lol</script>
</div>
<div class="battle-log battle-log-inline"><div class="inner"><div class="battle-options"><div style="padding-top: 3px; padding-right: 3px; text-align: right"><button class="icon button" name="openBattleOptions" title="Options">Battle Options</button></div></div><div class="inner message-log"><div class="chat"><small>☆Sticky Fingaa and ☆pupugugu joined</small></div><div class=""><small>Format:</small> <br><strong>[Gen 8] Megas for All</strong></div><div class="rated"><strong>Tournament battle</strong></div><div class=""><small><em>HP Percentage Mod:</em> HP is shown in percentages</small></div><div class=""><small><em>Endless Battle Clause:</em> Forcing endless battles is banned</small></div><div class=""><small><em>OHKO Clause:</em> OHKO moves are banned</small></div><div class=""><small><em>Evasion Moves Clause:</em> Evasion moves are banned</small></div><div class=""><small><em>Species Clause:</em> Limit one of each Pokémon</small></div><div class=""><small><em>Dynamax Clause:</em> You cannot dynamax</small></div><div class=""><small><em>Sleep Clause Mod:</em> Limit one foe put to sleep</small></div><div class=""><small><em>Freeze Clause Mod:</em> Limit one foe frozen</small></div><div class="chat"><img src="https://raw.githubusercontent.com/scoopapa/DH/master/data/mods/m4av6/sprites/m4a_banner.png" height="65" width="381"></div><div class="spacer battle-history"><br></div><div class="battle-history"><small>Welcome to Megas for All!</small><br></div><div class="battle-history"><small>This is a National Dex-based format where we aim to give a new Mega Evolution to every Pokémon.</small><br></div><div class="battle-history"><small>Just like any official format, you can still only Mega Evolve one Pokémon per team!</small><br></div><div class="battle-history"><small>You can find our thread and metagame resources here:</small><br></div><div class="battle-history"><small>https://www.smogon.com/forums/threads/3671140/</small><br></div><div class="chat battle-history"><strong>Sticky Fingaa's team:</strong> <em style="color:#445566;display:block;">Palossand / Raichu-Alola / Archeops / Rufflet / Roselia / Aggron</em></div><div class="chat battle-history"><strong>pupugugu's team:</strong> <em style="color:#445566;display:block;">Ninetales / Infernape / Darmanitan / Lucario / Seismitoad / Monferno</em></div><div class="chat chatmessage-pupugugu"><strong style="color:#2b7b91"><small>☆</small><span class="username" data-name="pupugugu">pupugugu</span>:</strong> <em>AYT LET'S GO</em></div><div class="chat"><small> Paul(Paulluxx) joined</small></div><div class="chat chatmessage-pupugugu"><strong style="color:#2b7b91"><small>☆</small><span class="username" data-name="pupugugu">pupugugu</span>:</strong> <em>glhf</em></div><div class="chat chatmessage-paulpaulluxx"><strong style="color:#17849a"><small> </small><span class="username" data-name="Paul(Paulluxx)">Paul(Paulluxx)</span>:</strong> <em>OH MY GOD ROWLET</em></div><div class="chat chatmessage-paulpaulluxx"><strong style="color:#17849a"><small> </small><span class="username" data-name="Paul(Paulluxx)">Paul(Paulluxx)</span>:</strong> <em>Baby</em></div><div class="chat chatmessage-stickyfingaa"><strong style="color:#e76311"><small>☆</small><span class="username" data-name="Sticky Fingaa">Sticky Fingaa</span>:</strong> <em>i believe in birb supremacy</em></div><div class="chat chatmessage-pupugugu"><strong style="color:#2b7b91"><small>☆</small><span class="username" data-name="pupugugu">pupugugu</span>:</strong> <em>time to get rowletted</em></div><div class="chat chatmessage-pupugugu"><strong style="color:#2b7b91"><small>☆</small><span class="username" data-name="pupugugu">pupugugu</span>:</strong> <em>why do i just lose to archeops</em></div><div class="chat chatmessage-paulpaulluxx"><strong style="color:#17849a"><small> </small><span class="username" data-name="Paul(Paulluxx)">Paul(Paulluxx)</span>:</strong> <em>DUDE LOOK AT THIS BIRD</em></div><div class="chat chatmessage-paulpaulluxx"><strong style="color:#17849a"><small> </small><span class="username" data-name="Paul(Paulluxx)">Paul(Paulluxx)</span>:</strong> <em>its so cute</em></div><div class="chat"><small>#inkbug1 joined</small></div><div class="chat chatmessage-paulpaulluxx"><strong style="color:#17849a"><small> </small><span class="username" data-name="Paul(Paulluxx)">Paul(Paulluxx)</span>:</strong> <em>And alolan raichu as ell</em></div><div class="spacer battle-history"><br></div><div class="battle-history">Battle started between Sticky Fingaa and pupugugu!<br></div><div class="spacer battle-history"><br></div><div class="battle-history">Go! naruto 1 (<strong>Palossand</strong>)!<br></div><div class="spacer battle-history"><br></div><div class="battle-history">pupugugu sent out Kyubii (<strong>Ninetales</strong>)!<br></div><div class="spacer battle-history"><br></div><h2 class="battle-history">Turn 1</h2><div class="chat chatmessage-pupugugu"><strong style="color:#2b7b91"><small>☆</small><span class="username" data-name="pupugugu">pupugugu</span>:</strong> <em>FUCK</em></div><div class="chat chatmessage-paulpaulluxx"><strong style="color:#17849a"><small> </small><span class="username" data-name="Paul(Paulluxx)">Paul(Paulluxx)</span>:</strong> <em>naruto 1 lmao</em></div><div class="chat chatmessage-stickyfingaa"><strong style="color:#e76311"><small>☆</small><span class="username" data-name="Sticky Fingaa">Sticky Fingaa</span>:</strong> <em>YES</em></div><div class="chat chatmessage-pupugugu"><strong style="color:#2b7b91"><small>☆</small><span class="username" data-name="pupugugu">pupugugu</span>:</strong> <em>WHY AM I SO BAD</em></div><div class="chat chatmessage-paulpaulluxx"><strong style="color:#17849a"><small> </small><span class="username" data-name="Paul(Paulluxx)">Paul(Paulluxx)</span>:</strong> <em>my man forgot the drought</em></div><div class="chat chatmessage-paulpaulluxx"><strong style="color:#17849a"><small> </small><span class="username" data-name="Paul(Paulluxx)">Paul(Paulluxx)</span>:</strong> <em>running heatran lite</em></div><div class="spacer battle-history"><br></div><div class="battle-history">The opposing Kyubii used <strong>Hypnosis</strong>!<br></div><div class="battle-history"><small>naruto 1 avoided the attack!</small><br></div><div class="spacer battle-history"><br></div><div class="battle-history">naruto 1 used <strong>Toxic</strong>!<br></div><div class="battle-history"><small>The opposing Kyubii was badly poisoned!</small><br></div><div class="spacer battle-history"><br></div><div class="battle-history"><small>The opposing Kyubii was hurt by poison!</small><br></div><div class="spacer battle-history"><br></div><h2 class="battle-history">Turn 2</h2><div class="chat chatmessage-pupugugu"><strong style="color:#2b7b91"><small>☆</small><span class="username" data-name="pupugugu">pupugugu</span>:</strong> <em>i hate it here</em></div><div class="chat chatmessage-paulpaulluxx"><strong style="color:#17849a"><small> </small><span class="username" data-name="Paul(Paulluxx)">Paul(Paulluxx)</span>:</strong> <em>goat</em></div><div class="chat chatmessage-stickyfingaa"><strong style="color:#e76311"><small>☆</small><span class="username" data-name="Sticky Fingaa">Sticky Fingaa</span>:</strong> <em>e.e</em></div><div class="spacer battle-history"><br></div><div class="battle-history">naruto 1, come back!<br></div><div class="battle-history">Go! naruto 6 (<strong>Aggron</strong>)!<br></div><div class="spacer battle-history"><br></div><div class="battle-history">The opposing Kyubii used <strong>Hypnosis</strong>!<br></div><div class="battle-history"><small>naruto 6 fell asleep!</small><br></div><div class="spacer battle-history"><br></div><div class="battle-history"><small>The opposing Kyubii was hurt by poison!</small><br></div><div class="spacer battle-history"><br></div><h2 class="battle-history">Turn 3</h2><div class="chat chatmessage-paulpaulluxx"><strong style="color:#17849a"><small> </small><span class="username" data-name="Paul(Paulluxx)">Paul(Paulluxx)</span>:</strong> <em>Naruto 6 up in the house</em></div><div class="spacer battle-history"><br></div><div class="battle-history">pupugugu withdrew Kyubii!<br></div><div class="battle-history">pupugugu sent out Gamakichi (<strong>Seismitoad</strong>)!<br></div><div class="spacer battle-history"><br></div><div class="battle-history">naruto 6, come back!<br></div><div class="battle-history">Go! naruto 1 (<strong>Palossand</strong>)!<br></div><div class="spacer battle-history"><br></div><h2 class="battle-history">Turn 4</h2><div class="spacer battle-history"><br></div><div class="battle-history">naruto 1, come back!<br></div><div class="battle-history">Go! naruto 5 (<strong>Roselia</strong>)!<br></div><div class="spacer battle-history"><br></div><div class="battle-history">The opposing Gamakichi used <strong>Toxic</strong>!<br></div><div class="battle-history"><small>naruto 5 avoided the attack!</small><br></div><div class="spacer battle-history"><br></div><h2 class="battle-history">Turn 5</h2><div class="chat chatmessage-pupugugu"><strong style="color:#2b7b91"><small>☆</small><span class="username" data-name="pupugugu">pupugugu</span>:</strong> <em>lpays</em></div><div class="spacer battle-history"><br></div><div class="battle-history">pupugugu withdrew Gamakichi!<br></div><div class="battle-history">pupugugu sent out Spicy Ramen (<strong>Darmanitan</strong>)!<br></div><div class="spacer battle-history"><br></div><div class="battle-history">naruto 5 used <strong>Spikes</strong>!<br></div><div class="battle-history"><small>Spikes were scattered on the ground all around the opposing team!</small><br></div><div class="spacer battle-history"><br></div><h2 class="battle-history">Turn 6</h2><div class="chat chatmessage-paulpaulluxx"><strong style="color:#17849a"><small> </small><span class="username" data-name="Paul(Paulluxx)">Paul(Paulluxx)</span>:</strong> <em>the double switches with roselia</em></div><div class="spacer battle-history"><br></div><div class="battle-history">naruto 5, come back!<br></div><div class="battle-history">Go! naruto 6 (<strong>Aggron</strong>)!<br></div><div class="spacer battle-history"><br></div><div class="battle-history">The opposing Spicy Ramen used <strong>Flare Blitz</strong>!<br></div><div class="battle-history"><small>(naruto 6 lost 96% of its health!)</small><br></div><div class="battle-history"><small>The opposing Spicy Ramen was damaged by the recoil!</small><br></div><div class="spacer battle-history"><br></div><h2 class="battle-history">Turn 7</h2><div class="chat chatmessage-pupugugu"><strong style="color:#2b7b91"><small>☆</small><span class="username" data-name="pupugugu">pupugugu</span>:</strong> <em>DAMAGE</em></div><div class="chat chatmessage-pupugugu"><strong style="color:#2b7b91"><small>☆</small><span class="username" data-name="pupugugu">pupugugu</span>:</strong> <em>DAMN</em></div><div class="chat chatmessage-stickyfingaa"><strong style="color:#e76311"><small>☆</small><span class="username" data-name="Sticky Fingaa">Sticky Fingaa</span>:</strong> <em>damn</em></div><div class="chat chatmessage-paulpaulluxx"><strong style="color:#17849a"><small> </small><span class="username" data-name="Paul(Paulluxx)">Paul(Paulluxx)</span>:</strong> <em>Aggron moment</em></div><div class="spacer battle-history"><br></div><div class="battle-history">The opposing Spicy Ramen used <strong>Flare Blitz</strong>!<br></div><div class="battle-history"><small>(naruto 6 lost 4% of its health!)</small><br></div><div class="battle-history"><small>The opposing Spicy Ramen was damaged by the recoil!</small><br></div><div class="spacer battle-history"><br></div><div class="battle-history">naruto 6 fainted!<br></div><div class="chat chatmessage-paulpaulluxx"><strong style="color:#17849a"><small> </small><span class="username" data-name="Paul(Paulluxx)">Paul(Paulluxx)</span>:</strong> <em>darmanitan moment</em></div><div class="chat chatmessage-pupugugu"><strong style="color:#2b7b91"><small>☆</small><span class="username" data-name="pupugugu">pupugugu</span>:</strong> <em>more like darm moment</em></div><div class="chat chatmessage-paulpaulluxx"><strong style="color:#17849a"><small> </small><span class="username" data-name="Paul(Paulluxx)">Paul(Paulluxx)</span>:</strong> <em>thats a neutral move </em></div><div class="chat chatmessage-paulpaulluxx"><strong style="color:#17849a"><small> </small><span class="username" data-name="Paul(Paulluxx)">Paul(Paulluxx)</span>:</strong> <em>against</em></div><div class="spacer battle-history"><br></div><div class="battle-history">Go! naruto 2 (<strong>Raichu-Alola</strong>)!<br></div><div class="spacer battle-history"><br></div><h2 class="battle-history">Turn 8</h2><div class="chat chatmessage-paulpaulluxx"><strong style="color:#17849a"><small> </small><span class="username" data-name="Paul(Paulluxx)">Paul(Paulluxx)</span>:</strong> <em>70/180 physical bulk</em></div><div class="chat chatmessage-pupugugu"><strong style="color:#2b7b91"><small>☆</small><span class="username" data-name="pupugugu">pupugugu</span>:</strong> <em>that had to be CB aggron or something foul</em></div><div class="chat chatmessage-pupugugu"><strong style="color:#2b7b91"><small>☆</small><span class="username" data-name="pupugugu">pupugugu</span>:</strong> <em>is this manual terrain</em></div><div class="chat chatmessage-pupugugu"><strong style="color:#2b7b91"><small>☆</small><span class="username" data-name="pupugugu">pupugugu</span>:</strong> <em>i swear</em></div><div class="chat chatmessage-paulpaulluxx"><strong style="color:#17849a"><small> </small><span class="username" data-name="Paul(Paulluxx)">Paul(Paulluxx)</span>:</strong> <em>custap aggron :flushed:</em></div><div class="chat chatmessage-pupugugu"><strong style="color:#2b7b91"><small>☆</small><span class="username" data-name="pupugugu">pupugugu</span>:</strong> <em>tell me it ain't so xD</em></div><div class="spacer battle-history"><br></div><div class="battle-history">pupugugu withdrew Spicy Ramen!<br></div><div class="battle-history">pupugugu sent out Kyubii (<strong>Ninetales</strong>)!<br></div><div class="battle-history"><small>The opposing Kyubii was hurt by the spikes!</small><br></div><div class="spacer battle-history"><br></div><div class="battle-history">naruto 2 used <strong>Psyshock</strong>!<br></div><div class="battle-history"><small>(The opposing Kyubii lost 71% of its health!)</small><br></div><div class="spacer battle-history"><br></div><div class="battle-history">The opposing Kyubii fainted!<br></div><div class="spacer battle-history"><br></div><div class="battle-history">pupugugu sent out Boruto (<strong>Monferno</strong>)!<br></div><div class="battle-history"><small>The opposing Boruto was hurt by the spikes!</small><br></div><div class="spacer battle-history"><br></div><h2 class="battle-history">Turn 9</h2><div class="chat"><small> time to chill joined</small></div><div class="chat chatmessage-stickyfingaa"><strong style="color:#e76311"><small>☆</small><span class="username" data-name="Sticky Fingaa">Sticky Fingaa</span>:</strong> <em>what's this thing going to do god</em></div><div class="chat chatmessage-pupugugu"><strong style="color:#2b7b91"><small>☆</small><span class="username" data-name="pupugugu">pupugugu</span>:</strong> <em>xD</em></div><div class="spacer battle-history"><br></div><div class="battle-history">naruto 2, come back!<br></div><div class="battle-history">Go! naruto 1 (<strong>Palossand</strong>)!<br></div><div class="spacer battle-history"><br></div><div class="battle-history">The opposing Boruto used <strong>U-turn</strong>!<br></div><div class="battle-history"><small>It's not very effective...</small><br></div><div class="battle-history"><small>(naruto 1 lost 5% of its health!)</small><br></div><div class="battle-history"><small>The opposing Boruto was hurt by the Rocky Helmet!</small><br></div><div class="spacer battle-history"><br></div><div class="battle-history">The opposing Boruto went back to pupugugu!<br></div><div class="battle-history">pupugugu sent out Spicy Ramen (<strong>Darmanitan</strong>)!<br></div><div class="battle-history"><small>The opposing Spicy Ramen was hurt by the spikes!</small><br></div><div class="spacer battle-history"><br></div><h2 class="battle-history">Turn 10</h2><div class="chat chatmessage-pupugugu"><strong style="color:#2b7b91"><small>☆</small><span class="username" data-name="pupugugu">pupugugu</span>:</strong> <em>time to claim another life</em></div><div class="chat chatmessage-stickyfingaa"><strong style="color:#e76311"><small>☆</small><span class="username" data-name="Sticky Fingaa">Sticky Fingaa</span>:</strong> <em>ye it's scarf monke</em></div><div class="chat chatmessage-paulpaulluxx"><strong style="color:#17849a"><small> </small><span class="username" data-name="Paul(Paulluxx)">Paul(Paulluxx)</span>:</strong> <em>Monferno</em></div><div class="chat chatmessage-paulpaulluxx"><strong style="color:#17849a"><small> </small><span class="username" data-name="Paul(Paulluxx)">Paul(Paulluxx)</span>:</strong> <em>ORAS PU moment</em></div><div class="chat chatmessage-pupugugu"><strong style="color:#2b7b91"><small>☆</small><span class="username" data-name="pupugugu">pupugugu</span>:</strong> <em>:P</em></div><div class="chat chatmessage-timetochill"><strong style="color:#338e9e"><small> </small><span class="username" data-name="time to chill">time to chill</span>:</strong> <em>spicy ramen, HEAT</em></div><div class="chat chatmessage-stickyfingaa"><strong style="color:#e76311"><small>☆</small><span class="username" data-name="Sticky Fingaa">Sticky Fingaa</span>:</strong> <em>now someone has to pay le price</em></div><div class="chat chatmessage-paulpaulluxx"><strong style="color:#17849a"><small> </small><span class="username" data-name="Paul(Paulluxx)">Paul(Paulluxx)</span>:</strong> <em>who dies today</em></div><div class="chat chatmessage-pupugugu"><strong style="color:#2b7b91"><small>☆</small><span class="username" data-name="pupugugu">pupugugu</span>:</strong> <em>i think if i kill this i might die too tbh</em></div><div class="chat chatmessage-stickyfingaa"><strong style="color:#e76311"><small>☆</small><span class="username" data-name="Sticky Fingaa">Sticky Fingaa</span>:</strong> <em>:(</em></div><div class="chat chatmessage-stickyfingaa"><strong style="color:#e76311"><small>☆</small><span class="username" data-name="Sticky Fingaa">Sticky Fingaa</span>:</strong> <em>the birb</em></div><div class="chat chatmessage-pupugugu"><strong style="color:#2b7b91"><small>☆</small><span class="username" data-name="pupugugu">pupugugu</span>:</strong> <em>no</em></div><div class="chat chatmessage-pupugugu"><strong style="color:#2b7b91"><small>☆</small><span class="username" data-name="pupugugu">pupugugu</span>:</strong> <em>you wouldn't</em></div><div class="chat chatmessage-paulpaulluxx"><strong style="color:#17849a"><small> </small><span class="username" data-name="Paul(Paulluxx)">Paul(Paulluxx)</span>:</strong> <em>RUFFLET NOOOOOOOOOOOOOOO</em></div><div class="chat chatmessage-stickyfingaa"><strong style="color:#e76311"><small>☆</small><span class="username" data-name="Sticky Fingaa">Sticky Fingaa</span>:</strong> <em>click eq or the birb dies pupu &gt;:^)</em></div><div class="chat chatmessage-pupugugu"><strong style="color:#2b7b91"><small>☆</small><span class="username" data-name="pupugugu">pupugugu</span>:</strong> <em>i can't</em></div><div class="chat chatmessage-paulpaulluxx"><strong style="color:#17849a"><small> </small><span class="username" data-name="Paul(Paulluxx)">Paul(Paulluxx)</span>:</strong> <em>Do it</em></div><div class="chat chatmessage-pupugugu"><strong style="color:#2b7b91"><small>☆</small><span class="username" data-name="pupugugu">pupugugu</span>:</strong> <em>i'm locked into flare blitz</em></div><div class="chat chatmessage-timetochill"><strong style="color:#338e9e"><small> </small><span class="username" data-name="time to chill">time to chill</span>:</strong> <em>XD</em></div><div class="chat chatmessage-paulpaulluxx"><strong style="color:#17849a"><small> </small><span class="username" data-name="Paul(Paulluxx)">Paul(Paulluxx)</span>:</strong> <em>save the bird</em></div><div class="chat chatmessage-paulpaulluxx"><strong style="color:#17849a"><small> </small><span class="username" data-name="Paul(Paulluxx)">Paul(Paulluxx)</span>:</strong> <em>wait</em></div><div class="chat chatmessage-paulpaulluxx"><strong style="color:#17849a"><small> </small><span class="username" data-name="Paul(Paulluxx)">Paul(Paulluxx)</span>:</strong> <em>is that mono blitz LOL</em></div><div class="chat chatmessage-pupugugu"><strong style="color:#2b7b91"><small>☆</small><span class="username" data-name="pupugugu">pupugugu</span>:</strong> <em>it might be</em></div><div class="chat chatmessage-stickyfingaa"><strong style="color:#e76311"><small>☆</small><span class="username" data-name="Sticky Fingaa">Sticky Fingaa</span>:</strong> <em>flare blitz seismitoad</em></div><div class="chat chatmessage-paulpaulluxx"><strong style="color:#17849a"><small> </small><span class="username" data-name="Paul(Paulluxx)">Paul(Paulluxx)</span>:</strong> <em>goat</em></div><div class="chat chatmessage-pupugugu"><strong style="color:#2b7b91"><small>☆</small><span class="username" data-name="pupugugu">pupugugu</span>:</strong> <em>oh, i meant on this mon</em></div><div class="chat chatmessage-timetochill"><strong style="color:#338e9e"><small> </small><span class="username" data-name="time to chill">time to chill</span>:</strong> <em>you know why isn't it called the mighty guy</em></div><div class="spacer battle-history"><br></div><div class="battle-history">naruto 1, come back!<br></div><div class="battle-history">Go! naruto 4 (<strong>Rufflet</strong>)!<br></div><div class="spacer battle-history"><br></div><div class="battle-history">The opposing Spicy Ramen used <strong>Flare Blitz</strong>!<br></div><div class="battle-history"><small>(naruto 4 lost 100% of its health!)</small><br></div><div class="battle-history"><small>The opposing Spicy Ramen was damaged by the recoil!</small><br></div><div class="spacer battle-history"><br></div><div class="battle-history">naruto 4 fainted!<br></div><div class="chat chatmessage-paulpaulluxx"><strong style="color:#17849a"><small> </small><span class="username" data-name="Paul(Paulluxx)">Paul(Paulluxx)</span>:</strong> <em>NOOOOOOOOOO</em></div><div class="spacer battle-history"><br></div><div class="battle-history">Go! naruto 3 (<strong>Archeops</strong>)!<br></div><div class="spacer battle-history"><br></div><h2 class="battle-history">Turn 11</h2><div class="chat chatmessage-paulpaulluxx"><strong style="color:#17849a"><small> </small><span class="username" data-name="Paul(Paulluxx)">Paul(Paulluxx)</span>:</strong> <em>BIRD</em></div><div class="chat chatmessage-paulpaulluxx"><strong style="color:#17849a"><small> </small><span class="username" data-name="Paul(Paulluxx)">Paul(Paulluxx)</span>:</strong> <em>BIRD</em></div><div class="spacer battle-history"><br></div><div class="battle-history">pupugugu withdrew Spicy Ramen!<br></div><div class="battle-history">pupugugu sent out Gamakichi (<strong>Seismitoad</strong>)!<br></div><div class="battle-history"><small>The opposing Gamakichi was hurt by the spikes!</small><br></div><div class="spacer battle-history"><br></div><div class="battle-history">naruto 3 used <strong>Earthquake</strong>!<br></div><div class="battle-history"><small>(The opposing Gamakichi lost 27% of its health!)</small><br></div><div class="spacer battle-history"><br></div><div class="battle-history"><small>The opposing Gamakichi restored a little HP using its Leftovers!</small><br></div><div class="spacer battle-history"><br></div><h2 class="battle-history">Turn 12</h2><div class="spacer battle-history"><br></div><div class="battle-history">naruto 3 used <strong>U-turn</strong>!<br></div><div class="battle-history"><small>(The opposing Gamakichi lost 18% of its health!)</small><br></div><div class="spacer battle-history"><br></div><div class="battle-history">naruto 3 went back to Sticky Fingaa!<br></div><div class="battle-history">Go! naruto 5 (<strong>Roselia</strong>)!<br></div><div class="spacer battle-history"><br></div><div class="battle-history">The opposing Gamakichi used <strong>Stealth Rock</strong>!<br></div><div class="battle-history"><small>Pointed stones float in the air around your team!</small><br></div><div class="spacer battle-history"><br></div><div class="battle-history"><small>The opposing Gamakichi restored a little HP using its Leftovers!</small><br></div><div class="spacer battle-history"><br></div><h2 class="battle-history">Turn 13</h2><div class="spacer battle-history"><br></div><div class="battle-history">pupugugu withdrew Gamakichi!<br></div><div class="battle-history">pupugugu sent out Naruto (<strong>Infernape</strong>)!<br></div><div class="battle-history"><small>The opposing Naruto was hurt by the spikes!</small><br></div><div class="spacer battle-history"><br></div><div class="battle-history">naruto 5 used <strong>Spikes</strong>!<br></div><div class="battle-history"><small>Spikes were scattered on the ground all around the opposing team!</small><br></div><div class="spacer battle-history"><br></div><h2 class="battle-history">Turn 14</h2><div class="spacer battle-history"><br></div><div class="battle-history">naruto 5, come back!<br></div><div class="battle-history">Go! naruto 1 (<strong>Palossand</strong>)!<br></div><div class="battle-history"><small>Pointed stones dug into naruto 1!</small><br></div><div class="spacer battle-history"><br></div><div class="battle-history"><small>The opposing Naruto's Infernite is reacting to the Key Stone!</small><br>The opposing Naruto has Mega Evolved into Mega Infernape!<br></div><div class="chat"><ul class="utilichart"><li class="result"><span class="col pokemonnamecol" style="white-space: nowrap">Infernape-Mega</span> <span class="col typecol"><img src="https://play.pokemonshowdown.com/sprites/types/Fire.png" alt="Fire" height="14" width="32"><img src="https://play.pokemonshowdown.com/sprites/types/Fighting.png" alt="Fighting" height="14" width="32"></span> <span style="float: left ; min-height: 26px"><span class="col abilitycol">Chakra Lock</span><span class="col abilitycol"></span></span><span style="float: left ; min-height: 26px"><span class="col statcol"><em>HP</em><br>76</span> <span class="col statcol"><em>Atk</em><br>114</span> <span class="col statcol"><em>Def</em><br>101</span> <span class="col statcol"><em>SpA</em><br>114</span> <span class="col statcol"><em>SpD</em><br>91</span> <span class="col statcol"><em>Spe</em><br>138</span> </span></li><li style="clear: both"></li></ul></div><div class="spacer battle-history"><br></div><div class="battle-history">The opposing Naruto used <strong>Overheat</strong>!<br></div><div class="battle-history"><small>A critical hit!</small><br></div><div class="battle-history"><small>(naruto 1 lost 88% of its health!)</small><br></div><div class="battle-history"><small>The opposing Naruto's Sp. Atk fell harshly!</small><br></div><div class="spacer battle-history"><br></div><div class="battle-history">naruto 1 fainted!<br></div><div class="chat chatmessage-paulpaulluxx"><strong style="color:#17849a"><small> </small><span class="username" data-name="Paul(Paulluxx)">Paul(Paulluxx)</span>:</strong> <em>Naruto</em></div><div class="chat chatmessage-pupugugu"><strong style="color:#2b7b91"><small>☆</small><span class="username" data-name="pupugugu">pupugugu</span>:</strong> <em>nice crit naruto</em></div><div class="chat chatmessage-stickyfingaa"><strong style="color:#e76311"><small>☆</small><span class="username" data-name="Sticky Fingaa">Sticky Fingaa</span>:</strong> <em>fuck</em></div><div class="chat chatmessage-paulpaulluxx"><strong style="color:#17849a"><small> </small><span class="username" data-name="Paul(Paulluxx)">Paul(Paulluxx)</span>:</strong> <em>that killed</em></div><div class="chat chatmessage-timetochill"><strong style="color:#338e9e"><small> </small><span class="username" data-name="time to chill">time to chill</span>:</strong> <em>believe it</em></div><div class="chat chatmessage-paulpaulluxx"><strong style="color:#17849a"><small> </small><span class="username" data-name="Paul(Paulluxx)">Paul(Paulluxx)</span>:</strong> <em>palossand has like zero spedef</em></div><div class="chat chatmessage-pupugugu"><strong style="color:#2b7b91"><small>☆</small><span class="username" data-name="pupugugu">pupugugu</span>:</strong> <em>yeah i'm max spatk</em></div><div class="chat chatmessage-pupugugu"><strong style="color:#2b7b91"><small>☆</small><span class="username" data-name="pupugugu">pupugugu</span>:</strong> <em>i mean, it prob ate 1</em></div><div class="chat chatmessage-paulpaulluxx"><strong style="color:#17849a"><small> </small><span class="username" data-name="Paul(Paulluxx)">Paul(Paulluxx)</span>:</strong> <em>75 spedef yeah</em></div><div class="chat chatmessage-stickyfingaa"><strong style="color:#e76311"><small>☆</small><span class="username" data-name="Sticky Fingaa">Sticky Fingaa</span>:</strong> <em>252 SpA Infernape Overheat vs. 248 HP / 48 SpD Palossand: 231-273 (61.9 - 73.1%) -- guaranteed 2HKO</em></div><div class="chat chatmessage-pupugugu"><strong style="color:#2b7b91"><small>☆</small><span class="username" data-name="pupugugu">pupugugu</span>:</strong> <em>yeah</em></div><div class="chat chatmessage-pupugugu"><strong style="color:#2b7b91"><small>☆</small><span class="username" data-name="pupugugu">pupugugu</span>:</strong> <em>rip v.v</em></div><div class="spacer battle-history"><br></div><div class="battle-history">Go! naruto 2 (<strong>Raichu-Alola</strong>)!<br></div><div class="battle-history"><small>Pointed stones dug into naruto 2!</small><br></div><div class="spacer battle-history"><br></div><h2 class="battle-history">Turn 15</h2><div class="spacer battle-history"><br></div><div class="battle-history">The opposing Naruto used <strong>U-turn</strong>!<br></div><div class="battle-history"><small>It's super effective!</small><br></div><div class="battle-history"><small>(naruto 2 lost 78% of its health!)</small><br></div><div class="battle-history">[The opposing Naruto's Chakra Lock]<br><small>naruto 2 was burned!</small><br></div><div class="chat chatmessage-paulpaulluxx"><strong style="color:#17849a"><small> </small><span class="username" data-name="Paul(Paulluxx)">Paul(Paulluxx)</span>:</strong> <em>252 SpA Infernape Overheat vs. 252 HP / 48 SpD Palossand: 231-273 (61.7 - 72.9%) -- guaranteed 2HKO</em></div><div class="chat chatmessage-paulpaulluxx"><strong style="color:#17849a"><small> </small><span class="username" data-name="Paul(Paulluxx)">Paul(Paulluxx)</span>:</strong> <em>maybe</em></div><div class="chat chatmessage-paulpaulluxx"><strong style="color:#17849a"><small> </small><span class="username" data-name="Paul(Paulluxx)">Paul(Paulluxx)</span>:</strong> <em>yeah</em></div><div class="spacer battle-history"><br></div><div class="battle-history">The opposing Naruto went back to pupugugu!<br></div><div class="battle-history">pupugugu sent out Gamakichi (<strong>Seismitoad</strong>)!<br></div><div class="battle-history"><small>The opposing Gamakichi was hurt by the spikes!</small><br></div><div class="spacer battle-history"><br></div><div class="battle-history">naruto 2 used <strong>Psyshock</strong>!<br></div><div class="battle-history"><small>(The opposing Gamakichi lost 34% of its health!)</small><br></div><div class="spacer battle-history"><br></div><div class="battle-history"><small>The opposing Gamakichi restored a little HP using its Leftovers!</small><br></div><div class="battle-history"><small>naruto 2 was hurt by its burn!</small><br></div><div class="spacer battle-history"><br></div><h2 class="battle-history">Turn 16</h2><div class="chat chatmessage-paulpaulluxx"><strong style="color:#17849a"><small> </small><span class="username" data-name="Paul(Paulluxx)">Paul(Paulluxx)</span>:</strong> <em>naruto 2 is dead</em></div><div class="spacer battle-history"><br></div><div class="battle-history">naruto 2 used <strong>Psyshock</strong>!<br></div><div class="battle-history"><small>(The opposing Gamakichi lost 11% of its health!)</small><br></div><div class="spacer battle-history"><br></div><div class="battle-history">The opposing Gamakichi fainted!<br></div><div class="spacer battle-history"><br></div><div class="battle-history"><small>naruto 2 was hurt by its burn!</small><br></div><div class="spacer battle-history"><br></div><div class="battle-history">naruto 2 fainted!<br></div><div class="spacer battle-history"><br></div><div class="battle-history">Go! naruto 3 (<strong>Archeops</strong>)!<br></div><div class="spacer battle-history"><br></div><div class="battle-history">pupugugu sent out Boruto (<strong>Monferno</strong>)!<br></div><div class="battle-history"><small>The opposing Boruto was hurt by the spikes!</small><br></div><div class="battle-history"><small>Pointed stones dug into naruto 3!</small><br></div><div class="spacer battle-history"><br></div><h2 class="battle-history">Turn 17</h2><div class="chat chatmessage-paulpaulluxx"><strong style="color:#17849a"><small> </small><span class="username" data-name="Paul(Paulluxx)">Paul(Paulluxx)</span>:</strong> <em>Little monkey the return</em></div><div class="chat chatmessage-pupugugu"><strong style="color:#2b7b91"><small>☆</small><span class="username" data-name="pupugugu">pupugugu</span>:</strong> <em>boruto time</em></div><div class="spacer battle-history"><br></div><div class="battle-history"><small>naruto 3's Archeonite is reacting to the Key Stone!</small><br>naruto 3 has Mega Evolved into Mega Archeops!<br></div><div class="chat"><ul class="utilichart"><li class="result"><span class="col pokemonnamecol" style="white-space: nowrap">Archeops-Mega</span> <span class="col typecol"><img src="https://play.pokemonshowdown.com/sprites/types/Rock.png" alt="Rock" height="14" width="32"><img src="https://play.pokemonshowdown.com/sprites/types/Flying.png" alt="Flying" height="14" width="32"></span> <span style="float: left ; min-height: 26px"><span class="col abilitycol">Second Wind</span><span class="col abilitycol"></span></span><span style="float: left ; min-height: 26px"><span class="col statcol"><em>HP</em><br>75</span> <span class="col statcol"><em>Atk</em><br>190</span> <span class="col statcol"><em>Def</em><br>65</span> <span class="col statcol"><em>SpA</em><br>127</span> <span class="col statcol"><em>SpD</em><br>65</span> <span class="col statcol"><em>Spe</em><br>145</span> </span></li><li style="clear: both"></li></ul></div><div class="spacer battle-history"><br></div><div class="battle-history">The opposing Boruto used <strong>U-turn</strong>!<br></div><div class="battle-history"><small>It's not very effective...</small><br></div><div class="battle-history"><small>(naruto 3 lost 14% of its health!)</small><br></div><div class="spacer battle-history"><br></div><div class="battle-history">The opposing Boruto went back to pupugugu!<br></div><div class="battle-history">pupugugu sent out Spicy Ramen (<strong>Darmanitan</strong>)!<br></div><div class="battle-history"><small>The opposing Spicy Ramen was hurt by the spikes!</small><br></div><div class="spacer battle-history"><br></div><div class="battle-history">naruto 3 used <strong>Earthquake</strong>!<br></div><div class="battle-history"><small>It's super effective!</small><br></div><div class="battle-history"><small>(The opposing Spicy Ramen lost 18% of its health!)</small><br></div><div class="spacer battle-history"><br></div><div class="battle-history">The opposing Spicy Ramen fainted!<br></div><div class="chat chatmessage-paulpaulluxx"><strong style="color:#17849a"><small> </small><span class="username" data-name="Paul(Paulluxx)">Paul(Paulluxx)</span>:</strong> <em>e</em></div><div class="chat chatmessage-pupugugu"><strong style="color:#2b7b91"><small>☆</small><span class="username" data-name="pupugugu">pupugugu</span>:</strong> <em>rude</em></div><div class="spacer battle-history"><br></div><div class="battle-history">pupugugu sent out Rasengan (<strong>Lucario</strong>)!<br></div><div class="battle-history"><small>The opposing Rasengan was hurt by the spikes!</small><br></div><div class="spacer battle-history"><br></div><h2 class="battle-history">Turn 18</h2><div class="chat chatmessage-pupugugu"><strong style="color:#2b7b91"><small>☆</small><span class="username" data-name="pupugugu">pupugugu</span>:</strong> <em>wait</em></div><div class="chat chatmessage-stickyfingaa"><strong style="color:#e76311"><small>☆</small><span class="username" data-name="Sticky Fingaa">Sticky Fingaa</span>:</strong> <em>wait</em></div><div class="chat chatmessage-pupugugu"><strong style="color:#2b7b91"><small>☆</small><span class="username" data-name="pupugugu">pupugugu</span>:</strong> <em>i'm the wrong moveseton this</em></div><div class="chat chatmessage-paulpaulluxx"><strong style="color:#17849a"><small> </small><span class="username" data-name="Paul(Paulluxx)">Paul(Paulluxx)</span>:</strong> <em>Rasengan from hit show naruto</em></div><div class="chat chatmessage-pupugugu"><strong style="color:#2b7b91"><small>☆</small><span class="username" data-name="pupugugu">pupugugu</span>:</strong> <em>i was supposed to be vacuum wave rip</em></div><div class="chat chatmessage-pupugugu"><strong style="color:#2b7b91"><small>☆</small><span class="username" data-name="pupugugu">pupugugu</span>:</strong> <em>v.v</em></div><div class="chat chatmessage-stickyfingaa"><strong style="color:#e76311"><small>☆</small><span class="username" data-name="Sticky Fingaa">Sticky Fingaa</span>:</strong> <em>i thought i didn't mega evolved</em></div><div class="spacer battle-history"><br></div><div class="battle-history">naruto 3 used <strong>Earthquake</strong>!<br></div><div class="battle-history"><small>It's super effective!</small><br></div><div class="battle-history"><small>(The opposing Rasengan lost 80% of its health!)</small><br></div><div class="spacer battle-history"><br></div><div class="battle-history">The opposing Rasengan used <strong>Flash Cannon</strong>!<br></div><div class="battle-history"><small>It's super effective!</small><br></div><div class="battle-history"><small>(naruto 3 lost 62% of its health!)</small><br></div><div class="spacer battle-history"><br></div><div class="battle-history">naruto 3 fainted!<br></div><div class="chat chatmessage-pupugugu"><strong style="color:#2b7b91"><small>☆</small><span class="username" data-name="pupugugu">pupugugu</span>:</strong> <em>oh nice</em></div><div class="chat chatmessage-paulpaulluxx"><strong style="color:#17849a"><small> </small><span class="username" data-name="Paul(Paulluxx)">Paul(Paulluxx)</span>:</strong> <em>lol</em></div><div class="chat chatmessage-pupugugu"><strong style="color:#2b7b91"><small>☆</small><span class="username" data-name="pupugugu">pupugugu</span>:</strong> <em>ez</em></div><div class="chat chatmessage-stickyfingaa"><strong style="color:#e76311"><small>☆</small><span class="username" data-name="Sticky Fingaa">Sticky Fingaa</span>:</strong> <em>damn</em></div><div class="chat chatmessage-pupugugu"><strong style="color:#2b7b91"><small>☆</small><span class="username" data-name="pupugugu">pupugugu</span>:</strong> <em>mega archeops bad</em></div><div class="chat chatmessage-paulpaulluxx"><strong style="color:#17849a"><small> </small><span class="username" data-name="Paul(Paulluxx)">Paul(Paulluxx)</span>:</strong> <em>mega archeops garbag</em></div><div class="chat chatmessage-stickyfingaa"><strong style="color:#e76311"><small>☆</small><span class="username" data-name="Sticky Fingaa">Sticky Fingaa</span>:</strong> <em>the missclick u.u</em></div><div class="chat chatmessage-paulpaulluxx"><strong style="color:#17849a"><small> </small><span class="username" data-name="Paul(Paulluxx)">Paul(Paulluxx)</span>:</strong> <em>garbage</em></div><div class="chat chatmessage-pupugugu"><strong style="color:#2b7b91"><small>☆</small><span class="username" data-name="pupugugu">pupugugu</span>:</strong> <em>xD</em></div><div class="spacer battle-history"><br></div><div class="battle-history">Go! naruto 5 (<strong>Roselia</strong>)!<br></div><div class="battle-history"><small>Pointed stones dug into naruto 5!</small><br></div><div class="spacer battle-history"><br></div><h2 class="battle-history">Turn 19</h2><div class="spacer battle-history"><br></div><div class="battle-history">The opposing Rasengan used <strong>Flash Cannon</strong>!<br></div><div class="battle-history"><small>(naruto 5 lost 32% of its health!)</small><br></div><div class="battle-history"><small>naruto 5's Sp. Def fell!</small><br></div><div class="spacer battle-history"><br></div><div class="battle-history">naruto 5 used <strong>Synthesis</strong>!<br></div><div class="battle-history"><small>naruto 5 had its HP restored.</small><br></div><div class="spacer battle-history"><br></div><h2 class="battle-history">Turn 20</h2><div class="chat chatmessage-paulpaulluxx"><strong style="color:#17849a"><small> </small><span class="username" data-name="Paul(Paulluxx)">Paul(Paulluxx)</span>:</strong> <em>the live</em></div><div class="chat chatmessage-pupugugu"><strong style="color:#2b7b91"><small>☆</small><span class="username" data-name="pupugugu">pupugugu</span>:</strong> <em>nice spdef dro</em></div><div class="chat chatmessage-pupugugu"><strong style="color:#2b7b91"><small>☆</small><span class="username" data-name="pupugugu">pupugugu</span>:</strong> <em>p</em></div><div class="spacer battle-history"><br></div><div class="battle-history">The opposing Rasengan used <strong>Flash Cannon</strong>!<br></div><div class="battle-history"><small>A critical hit!</small><br></div><div class="battle-history"><small>(naruto 5 lost 75% of its health!)</small><br></div><div class="spacer battle-history"><br></div><div class="battle-history">naruto 5 used <strong>Giga Drain</strong>!<br></div><div class="battle-history"><small>It's not very effective...</small><br></div><div class="battle-history"><small>(The opposing Rasengan lost 4% of its health!)</small><br></div><div class="battle-history"><small>The opposing Rasengan had its energy drained!</small><br></div><div class="spacer battle-history"><br></div><div class="battle-history">The opposing Rasengan fainted!<br></div><div class="spacer battle-history"><br></div><div class="battle-history">pupugugu sent out Boruto (<strong>Monferno</strong>)!<br></div><div class="battle-history"><small>The opposing Boruto was hurt by the spikes!</small><br></div><div class="spacer battle-history"><br></div><h2 class="battle-history">Turn 21</h2><div class="chat chatmessage-pupugugu"><strong style="color:#2b7b91"><small>☆</small><span class="username" data-name="pupugugu">pupugugu</span>:</strong> <em>gg</em></div><div class="spacer battle-history"><br></div><div class="battle-history">The opposing Boruto used <strong>Flare Blitz</strong>!<br></div><div class="battle-history"><small>It's super effective!</small><br></div><div class="battle-history"><small>(naruto 5 lost 27% of its health!)</small><br></div><div class="battle-history"><small>The opposing Boruto was damaged by the recoil!</small><br></div><div class="spacer battle-history"><br></div><div class="battle-history">naruto 5 fainted!<br></div><div class="spacer battle-history"><br></div><div class="battle-history"><strong>pupugugu</strong> won the battle!<br></div><div class="chat chatmessage-stickyfingaa"><strong style="color:#e76311"><small>☆</small><span class="username" data-name="Sticky Fingaa">Sticky Fingaa</span>:</strong> <em>gg</em></div><div class="chat chatmessage-paulpaulluxx"><strong style="color:#17849a"><small> </small><span class="username" data-name="Paul(Paulluxx)">Paul(Paulluxx)</span>:</strong> <em>Yo roselia the threat</em></div><div class="chat chatmessage-pupugugu"><strong style="color:#2b7b91"><small>☆</small><span class="username" data-name="pupugugu">pupugugu</span>:</strong> <em>i'm gonna be hokage</em></div><div class="chat chatmessage-pupugugu"><strong style="color:#2b7b91"><small>☆</small><span class="username" data-name="pupugugu">pupugugu</span>:</strong> <em>believe it</em></div><div class="chat chatmessage-pupugugu"><strong style="color:#2b7b91"><small>☆</small><span class="username" data-name="pupugugu">pupugugu</span>:</strong> <em>dattebayo</em></div><div class="chat"><small> Ziggurat Monk joined</small></div><div class="chat chatmessage-pupugugu"><strong style="color:#2b7b91"><small>☆</small><span class="username" data-name="pupugugu">pupugugu</span>:</strong> <em>etc</em></div><div class="chat chatmessage-paulpaulluxx"><strong style="color:#17849a"><small> </small><span class="username" data-name="Paul(Paulluxx)">Paul(Paulluxx)</span>:</strong> <em>lol</em></div></div><div class="inner-preempt message-log"></div></div></div>
</div>
<script>
let daily = Math.floor(Date.now()/1000/60/60/24);document.write('<script src="https://dragonheaven.herokuapp.com/js/replay-embed.js?version'+daily+'"></'+'script>');
</script>
