<!DOCTYPE html>
<meta charset="utf-8" />
<!-- version 1 -->
<title>[Gen 8] Megas for All replay: abismal vs. FierceHawk192</title>
<style>
html,body {font-family:Verdana, sans-serif;font-size:10pt;margin:0;padding:0;}body{padding:12px 0;} .battle-log {font-family:Verdana, sans-serif;font-size:10pt;} .battle-log-inline {border:1px solid #AAAAAA;background:#EEF2F5;color:black;max-width:640px;margin:0 auto 80px;padding-bottom:5px;} .battle-log .inner {padding:4px 8px 0px 8px;} .battle-log .inner-preempt {padding:0 8px 4px 8px;} .battle-log .inner-after {margin-top:0.5em;} .battle-log h2 {margin:0.5em -8px;padding:4px 8px;border:1px solid #AAAAAA;background:#E0E7EA;border-left:0;border-right:0;font-family:Verdana, sans-serif;font-size:13pt;} .battle-log .chat {vertical-align:middle;padding:3px 0 3px 0;font-size:8pt;} .battle-log .chat strong {color:#40576A;} .battle-log .chat em {padding:1px 4px 1px 3px;color:#000000;font-style:normal;} .chat.mine {background:rgba(0,0,0,0.05);margin-left:-8px;margin-right:-8px;padding-left:8px;padding-right:8px;} .spoiler {color:#BBBBBB;background:#BBBBBB;padding:0px 3px;} .spoiler:hover, .spoiler:active, .spoiler-shown {color:#000000;background:#E2E2E2;padding:0px 3px;} .spoiler a {color:#BBBBBB;} .spoiler:hover a, .spoiler:active a, .spoiler-shown a {color:#2288CC;} .chat code, .chat .spoiler:hover code, .chat .spoiler:active code, .chat .spoiler-shown code {border:1px solid #C0C0C0;background:#EEEEEE;color:black;padding:0 2px;} .chat .spoiler code {border:1px solid #CCCCCC;background:#CCCCCC;color:#CCCCCC;} .battle-log .rated {padding:3px 4px;} .battle-log .rated strong {color:white;background:#89A;padding:1px 4px;border-radius:4px;} .spacer {margin-top:0.5em;} .message-announce {background:#6688AA;color:white;padding:1px 4px 2px;} .message-announce a, .broadcast-green a, .broadcast-blue a, .broadcast-red a {color:#DDEEFF;} .broadcast-green {background-color:#559955;color:white;padding:2px 4px;} .broadcast-blue {background-color:#6688AA;color:white;padding:2px 4px;} .infobox {border:1px solid #6688AA;padding:2px 4px;} .infobox-limited {max-height:200px;overflow:auto;overflow-x:hidden;} .broadcast-red {background-color:#AA5544;color:white;padding:2px 4px;} .message-learn-canlearn {font-weight:bold;color:#228822;text-decoration:underline;} .message-learn-cannotlearn {font-weight:bold;color:#CC2222;text-decoration:underline;} .message-effect-weak {font-weight:bold;color:#CC2222;} .message-effect-resist {font-weight:bold;color:#6688AA;} .message-effect-immune {font-weight:bold;color:#666666;} .message-learn-list {margin-top:0;margin-bottom:0;} .message-throttle-notice, .message-error {color:#992222;} .message-overflow, .chat small.message-overflow {font-size:0pt;} .message-overflow::before {font-size:9pt;content:'...';} .subtle {color:#3A4A66;}
</style>
<div class="wrapper replay-wrapper" style="max-width:1180px;margin:0 auto">
<input type="hidden" name="replayid" value="dragonheaven-gen8megasforall-332" />
<div class="battle"></div><div class="battle-log"></div><div class="replay-controls"></div><div class="replay-controls-2"></div>
<h1 style="font-weight:normal;text-align:center"><strong>[Gen 8] Megas for All</strong><br /><a href="http://pokemonshowdown.com/users/abismal" class="subtle" target="_blank">abismal</a> vs. <a href="http://pokemonshowdown.com/users/fiercehawk192" class="subtle" target="_blank">FierceHawk192</a></h1>
<script type="text/plain" class="battle-log-data">|j|☆abismal
|j|☆FierceHawk192
|t:|1642204262
|player|p1|abismal|clemont|
|player|p2|FierceHawk192|pokemonranger|
|teamsize|p1|6
|teamsize|p2|6
|gametype|singles
|gen|8
|tier|[Gen 8] Megas for All
|clearpoke
|poke|p1|Goodra, F|
|poke|p1|Cinderace, F|
|poke|p1|Gliscor, F|
|poke|p1|Aegislash, F|
|poke|p1|Tapu Koko|
|poke|p1|Tangrowth, M|
|poke|p2|Noivern, M|
|poke|p2|Greninja, F|
|poke|p2|Heatran, M|
|poke|p2|Rillaboom, M|
|poke|p2|Gengar, F|
|poke|p2|Gliscor, F|
|rule|HP Percentage Mod: HP is shown in percentages
|rule|Endless Battle Clause: Forcing endless battles is banned
|rule|OHKO Clause: OHKO moves are banned
|rule|Evasion Moves Clause: Evasion moves are banned
|rule|Species Clause: Limit one of each Pokémon
|rule|Dynamax Clause: You cannot dynamax
|rule|Sleep Clause Mod: Limit one foe put to sleep
|rule|Freeze Clause Mod: Limit one foe frozen
|raw|<img src="https:\/\/raw.githubusercontent.com\/scoopapa\/DH\/master\/data\/mods\/m4av6\/sprites\/m4a_banner.png" height="65" width="381">
|-message|Welcome to Megas for All!
|-message|This is a National Dex-based format where we aim to give a new Mega Evolution to every Pokémon.
|-message|Just like any official format, you can still only Mega Evolve one Pokémon per team!
|-message|You can find our thread and metagame resources here:
|-message|https:\/\/www.smogon.com\/forums\/threads\/3671140\/
|teampreview
|j|+Not mossy
|c|☆FierceHawk192|glhf
|c|☆abismal|u2
|j| Gekokeso
|
|t:|1642204289
|start
|switch|p1a: Aegislash|Aegislash, F|100\/100
|switch|p2a: Heatran|Heatran, M, shiny|100\/100
|turn|1
|
|t:|1642204296
|switch|p1a: Goodra|Goodra, F|100\/100
|move|p2a: Heatran|Stealth Rock|p1a: Goodra
|-sidestart|p1: abismal|move: Stealth Rock
|
|upkeep
|turn|2
|
|t:|1642204307
|switch|p2a: Rillaboom|Rillaboom, M|100\/100
|-fieldstart|move: Grassy Terrain|[from] ability: Grassy Surge|[of] p2a: Rillaboom
|move|p1a: Goodra|Surf|p2a: Rillaboom
|-resisted|p2a: Rillaboom
|-damage|p2a: Rillaboom|88\/100
|
|-heal|p2a: Rillaboom|95\/100|[from] item: Leftovers
|-heal|p2a: Rillaboom|100\/100|[from] Grassy Terrain
|upkeep
|turn|3
|
|t:|1642204312
|move|p2a: Rillaboom|U-turn|p1a: Goodra
|-damage|p1a: Goodra|73\/100
|j|~inkbug1

|
|t:|1642204318
|switch|p2a: Heatran|Heatran, M, shiny|100\/100|[from]move: U-turn
|move|p1a: Goodra|Toxic|p2a: Heatran
|-immune|p2a: Heatran
|
|-heal|p1a: Goodra|79\/100|[from] Grassy Terrain
|upkeep
|turn|4
|
|t:|1642204323
|detailschange|p1a: Goodra|Goodra-Mega, F
|-mega|p1a: Goodra|Goodra|Goodranite
|-start|p1a: Goodra|typechange|Dragon\/Water|[silent]
|raw|<ul class="utilichart"><li class="result"><span class="col pokemonnamecol" style="white-space: nowrap">Goodra-Mega<\/span> <span class="col typecol"><img src="https:\/\/play.pokemonshowdown.com\/sprites\/types\/Dragon.png" alt="Dragon" height="14" width="32"><img src="https:\/\/play.pokemonshowdown.com\/sprites\/types\/Water.png" alt="Water" height="14" width="32"><\/span> <span style="float: left ; min-height: 26px"><span class="col abilitycol">Gooey<\/span><span class="col abilitycol"><\/span><\/span><span style="float: left ; min-height: 26px"><span class="col statcol"><em>HP<\/em><br>90<\/span> <span class="col statcol"><em>Atk<\/em><br>100<\/span> <span class="col statcol"><em>Def<\/em><br>110<\/span> <span class="col statcol"><em>SpA<\/em><br>145<\/span> <span class="col statcol"><em>SpD<\/em><br>150<\/span> <span class="col statcol"><em>Spe<\/em><br>105<\/span> <\/span><\/li><li style="clear: both"><\/li><\/ul>
|-hint|Goodra-Mega was submitted by MegaFlareon!
|move|p2a: Heatran|Taunt|p1a: Goodra
|-start|p1a: Goodra|move: Taunt
|move|p1a: Goodra|Surf|p2a: Heatran
|-supereffective|p2a: Heatran
|-damage|p2a: Heatran|34\/100
|
|-heal|p2a: Heatran|40\/100|[from] item: Leftovers
|-heal|p2a: Heatran|46\/100|[from] Grassy Terrain
|-heal|p1a: Goodra|86\/100|[from] Grassy Terrain
|upkeep
|turn|5
|
|t:|1642204329
|switch|p2a: Noivern|Noivern, M|100\/100
|-item|p1a: Goodra|Goodranite|[from] ability: Frisk|[of] p2a: Noivern|[identify]
|move|p1a: Goodra|Surf|p2a: Noivern
|-resisted|p2a: Noivern
|-damage|p2a: Noivern|70\/100
|
|-heal|p1a: Goodra|92\/100|[from] Grassy Terrain
|upkeep
|turn|6
|
|t:|1642204342
|move|p2a: Noivern|Draco Meteor|p1a: Goodra
|-supereffective|p1a: Goodra
|-damage|p1a: Goodra|34\/100
|-unboost|p2a: Noivern|spa|2
|move|p1a: Goodra|Surf|p2a: Noivern
|-resisted|p2a: Noivern
|-damage|p2a: Noivern|39\/100
|
|-heal|p1a: Goodra|40\/100|[from] Grassy Terrain
|-fieldend|move: Grassy Terrain
|-end|p1a: Goodra|move: Taunt
|upkeep
|turn|7
|j| kha243
|
|t:|1642204348
|switch|p2a: Rillaboom|Rillaboom, M|100\/100
|-fieldstart|move: Grassy Terrain|[from] ability: Grassy Surge|[of] p2a: Rillaboom
|move|p1a: Goodra|Moonlight|p1a: Goodra
|-heal|p1a: Goodra|90\/100
|
|-heal|p1a: Goodra|96\/100|[from] Grassy Terrain
|upkeep
|turn|8
|
|t:|1642204353
|switch|p1a: Aegislash|Aegislash, F|100\/100
|-damage|p1a: Aegislash|94\/100|[from] Stealth Rock
|move|p2a: Rillaboom|Wood Hammer|p1a: Aegislash
|-resisted|p1a: Aegislash
|-damage|p1a: Aegislash|62\/100
|-damage|p2a: Rillaboom|92\/100|[from] Recoil
|
|-heal|p2a: Rillaboom|98\/100|[from] item: Leftovers
|-heal|p2a: Rillaboom|100\/100|[from] Grassy Terrain
|-heal|p1a: Aegislash|68\/100|[from] Grassy Terrain
|upkeep
|turn|9
|
|t:|1642204359
|move|p2a: Rillaboom|High Horsepower|p1a: Aegislash
|-supereffective|p1a: Aegislash
|-damage|p1a: Aegislash|14\/100
|-enditem|p1a: Aegislash|Weakness Policy
|-boost|p1a: Aegislash|atk|2|[from] item: Weakness Policy
|-boost|p1a: Aegislash|spa|2|[from] item: Weakness Policy
|move|p1a: Aegislash|Swords Dance|p1a: Aegislash
|-boost|p1a: Aegislash|atk|2
|
|-heal|p1a: Aegislash|20\/100|[from] Grassy Terrain
|upkeep
|turn|10
|
|t:|1642204363
|move|p2a: Rillaboom|Grassy Glide|p1a: Aegislash
|-resisted|p1a: Aegislash
|-damage|p1a: Aegislash|0 fnt
|faint|p1a: Aegislash
|
|upkeep
|
|t:|1642204372
|switch|p1a: Cinderace|Cinderace, F|100\/100
|turn|11
|
|t:|1642204376
|move|p2a: Rillaboom|Grassy Glide|p1a: Cinderace
|-resisted|p1a: Cinderace
|-damage|p1a: Cinderace|64\/100
|move|p1a: Cinderace|Gunk Shot|p2a: Rillaboom
|-start|p1a: Cinderace|typechange|Poison|[from] ability: Libero
|-supereffective|p2a: Rillaboom
|-damage|p2a: Rillaboom|0 fnt
|faint|p2a: Rillaboom
|
|-heal|p1a: Cinderace|70\/100|[from] Grassy Terrain
|-fieldend|move: Grassy Terrain
|upkeep
|
|t:|1642204379
|switch|p2a: Gliscor|Gliscor, F|100\/100
|turn|12
|
|t:|1642204381
|move|p1a: Cinderace|U-turn|p2a: Gliscor
|-start|p1a: Cinderace|typechange|Bug|[from] ability: Libero
|-resisted|p2a: Gliscor
|-damage|p2a: Gliscor|90\/100
|
|t:|1642204391
|switch|p1a: Goodra|Goodra-Mega, F|96\/100|[from]move: U-turn
|-damage|p1a: Goodra|84\/100|[from] Stealth Rock
|-start|p1a: Goodra|typechange|Dragon\/Water|[silent]
|move|p2a: Gliscor|Earthquake|p1a: Goodra
|-damage|p1a: Goodra|62\/100
|
|-status|p2a: Gliscor|tox|[from] item: Toxic Orb
|upkeep
|turn|13
|
|t:|1642204396
|move|p2a: Gliscor|U-turn|p1a: Goodra
|-damage|p1a: Goodra|51\/100
|-ability|p1a: Goodra|Gooey
|-unboost|p2a: Gliscor|spe|1
|
|t:|1642204404
|switch|p2a: Noivern|Noivern, M|39\/100|[from]move: U-turn
|-item|p1a: Goodra|Goodranite|[from] ability: Frisk|[of] p2a: Noivern|[identify]
|move|p1a: Goodra|Moonlight|p1a: Goodra
|-heal|p1a: Goodra|100\/100
|
|upkeep
|turn|14
|
|t:|1642204406
|detailschange|p2a: Noivern|Noivern-Mega, M
|-mega|p2a: Noivern|Noivern|Noivernite
|-start|p2a: Noivern|typechange|Psychic\/Dragon|[silent]
|raw|<ul class="utilichart"><li class="result"><span class="col pokemonnamecol" style="white-space: nowrap">Noivern-Mega<\/span> <span class="col typecol"><img src="https:\/\/play.pokemonshowdown.com\/sprites\/types\/Psychic.png" alt="Psychic" height="14" width="32"><img src="https:\/\/play.pokemonshowdown.com\/sprites\/types\/Dragon.png" alt="Dragon" height="14" width="32"><\/span> <span style="float: left ; min-height: 26px"><span class="col abilitycol">Trace<\/span><span class="col abilitycol"><\/span><\/span><span style="float: left ; min-height: 26px"><span class="col statcol"><em>HP<\/em><br>85<\/span> <span class="col statcol"><em>Atk<\/em><br>70<\/span> <span class="col statcol"><em>Def<\/em><br>95<\/span> <span class="col statcol"><em>SpA<\/em><br>120<\/span> <span class="col statcol"><em>SpD<\/em><br>95<\/span> <span class="col statcol"><em>Spe<\/em><br>170<\/span> <\/span><\/li><li style="clear: both"><\/li><\/ul>
|-hint|Noivern-Mega was submitted by BitBitio!
|-ability|p2a: Noivern|Gooey|[from] ability: Trace|[of] p1a: Goodra
|move|p2a: Noivern|Draco Meteor|p1a: Goodra
|-supereffective|p1a: Goodra
|-damage|p1a: Goodra|34\/100
|-unboost|p2a: Noivern|spa|2
|move|p1a: Goodra|Toxic|p2a: Noivern
|-status|p2a: Noivern|tox
|
|-damage|p2a: Noivern|33\/100 tox|[from] psn
|upkeep
|turn|15
|
|t:|1642204411
|move|p2a: Noivern|Draco Meteor|p1a: Goodra
|-supereffective|p1a: Goodra
|-damage|p1a: Goodra|0 fnt
|-unboost|p2a: Noivern|spa|2
|faint|p1a: Goodra
|
|-damage|p2a: Noivern|21\/100 tox|[from] psn
|upkeep
|
|t:|1642204415
|switch|p1a: Tapu Koko|Tapu Koko|100\/100
|-damage|p1a: Tapu Koko|88\/100|[from] Stealth Rock
|-fieldstart|move: Electric Terrain|[from] ability: Electric Surge|[of] p1a: Tapu Koko
|turn|16
|
|t:|1642204419
|switch|p2a: Gliscor|Gliscor, F|90\/100 tox
|move|p1a: Tapu Koko|Calm Mind|p1a: Tapu Koko
|-boost|p1a: Tapu Koko|spa|1
|-boost|p1a: Tapu Koko|spd|1
|
|-heal|p2a: Gliscor|100\/100 tox|[from] ability: Poison Heal
|upkeep
|turn|17
|
|t:|1642204422
|move|p1a: Tapu Koko|Hidden Power|p2a: Gliscor
|-supereffective|p2a: Gliscor
|-damage|p2a: Gliscor|0 fnt
|faint|p2a: Gliscor
|
|upkeep
|
|t:|1642204426
|switch|p2a: Gengar|Gengar, F|100\/100
|turn|18
|
|t:|1642204434
|-zpower|p1a: Tapu Koko
|move|p1a: Tapu Koko|Gigavolt Havoc|p2a: Gengar|[zeffect]
|-damage|p2a: Gengar|0 fnt
|faint|p2a: Gengar
|
|upkeep
|
|t:|1642204436
|switch|p2a: Greninja|Greninja, F|100\/100
|turn|19
|
|t:|1642204440
|move|p2a: Greninja|Hydro Pump|p1a: Tapu Koko
|-start|p2a: Greninja|typechange|Water|[from] ability: Protean
|-damage|p1a: Tapu Koko|42\/100
|move|p1a: Tapu Koko|Thunderbolt|p2a: Greninja
|-supereffective|p2a: Greninja
|-damage|p2a: Greninja|0 fnt
|faint|p2a: Greninja
|
|upkeep
|
|t:|1642204443
|switch|p2a: Noivern|Noivern-Mega, M|21\/100 tox
|-start|p2a: Noivern|typechange|Psychic\/Dragon|[silent]
|-ability|p2a: Noivern|Electric Surge|[from] ability: Trace|[of] p1a: Tapu Koko
|turn|20
|
|t:|1642204446
|move|p2a: Noivern|Psyshock|p1a: Tapu Koko
|-damage|p1a: Tapu Koko|0 fnt
|faint|p1a: Tapu Koko
|
|-damage|p2a: Noivern|15\/100 tox|[from] psn
|-fieldend|move: Electric Terrain
|upkeep
|
|t:|1642204454
|switch|p1a: Tangrowth|Tangrowth, M|100\/100
|-damage|p1a: Tangrowth|88\/100|[from] Stealth Rock
|turn|21
|
|t:|1642204458
|move|p2a: Noivern|U-turn|p1a: Tangrowth
|-supereffective|p1a: Tangrowth
|-damage|p1a: Tangrowth|77\/100
|-damage|p2a: Noivern|0 fnt|[from] item: Rocky Helmet|[of] p1a: Tangrowth
|faint|p2a: Noivern
|move|p1a: Tangrowth|Earthquake|p2: Noivern|[notarget]
|-fail|p1a: Tangrowth
|
|upkeep
|
|t:|1642204461
|switch|p2a: Heatran|Heatran, M, shiny|46\/100
|turn|22
|
|t:|1642204462
|move|p2a: Heatran|Magma Storm|p1a: Tangrowth
|-supereffective|p1a: Tangrowth
|-damage|p1a: Tangrowth|0 fnt
|faint|p1a: Tangrowth
|
|-heal|p2a: Heatran|52\/100|[from] item: Leftovers
|upkeep
|
|t:|1642204464
|switch|p1a: Gliscor|Gliscor, F|100\/100
|-damage|p1a: Gliscor|88\/100|[from] Stealth Rock
|turn|23
|
|t:|1642204466
|move|p2a: Heatran|Magma Storm|p1a: Gliscor
|-crit|p1a: Gliscor
|-damage|p1a: Gliscor|6\/100
|-activate|p1a: Gliscor|move: Magma Storm|[of] p2a: Heatran
|move|p1a: Gliscor|Earthquake|p2a: Heatran
|-supereffective|p2a: Heatran
|-damage|p2a: Heatran|0 fnt
|faint|p2a: Heatran
|
|win|abismal
|c|☆abismal|gg
|c|☆FierceHawk192|gg
|c|+Not mossy|2-1?
|c|+Not mossy|Abimsla wins
|c|+Not mossy|right?
|c|☆abismal|it was 2-0
|c|☆FierceHawk192|2-0</script>
</div>
<div class="battle-log battle-log-inline"><div class="inner"><div class="battle-options"><div style="padding-top: 3px; padding-right: 3px; text-align: right"><button class="icon button" name="openBattleOptions" title="Options">Battle Options</button></div></div><div class="inner message-log"><div class="chat"><small>☆abismal and ☆FierceHawk192 joined</small></div><div class=""><small>Format:</small> <br><strong>[Gen 8] Megas for All</strong></div><div class=""><small><em>HP Percentage Mod:</em> HP is shown in percentages</small></div><div class=""><small><em>Endless Battle Clause:</em> Forcing endless battles is banned</small></div><div class=""><small><em>OHKO Clause:</em> OHKO moves are banned</small></div><div class=""><small><em>Evasion Moves Clause:</em> Evasion moves are banned</small></div><div class=""><small><em>Species Clause:</em> Limit one of each Pokémon</small></div><div class=""><small><em>Dynamax Clause:</em> You cannot dynamax</small></div><div class=""><small><em>Sleep Clause Mod:</em> Limit one foe put to sleep</small></div><div class=""><small><em>Freeze Clause Mod:</em> Limit one foe frozen</small></div><div class="chat"><img src="https://raw.githubusercontent.com/scoopapa/DH/master/data/mods/m4av6/sprites/m4a_banner.png" height="65" width="381"></div><div class="spacer battle-history"><br></div><div class="battle-history"><small>Welcome to Megas for All!</small><br></div><div class="battle-history"><small>This is a National Dex-based format where we aim to give a new Mega Evolution to every Pokémon.</small><br></div><div class="battle-history"><small>Just like any official format, you can still only Mega Evolve one Pokémon per team!</small><br></div><div class="battle-history"><small>You can find our thread and metagame resources here:</small><br></div><div class="battle-history"><small>https://www.smogon.com/forums/threads/3671140/</small><br></div><div class="chat battle-history"><strong>abismal's team:</strong> <em style="color:#445566;display:block;">Goodra / Cinderace / Gliscor / Aegislash / Tapu Koko / Tangrowth</em></div><div class="chat battle-history"><strong>FierceHawk192's team:</strong> <em style="color:#445566;display:block;">Noivern / Greninja / Heatran / Rillaboom / Gengar / Gliscor</em></div><div class="chat"><small>+Not mossy joined</small></div><div class="chat chatmessage-fiercehawk192"><strong style="color:#10a683"><small>☆</small><span class="username" data-name="FierceHawk192">FierceHawk192</span>:</strong> <em>glhf</em></div><div class="chat chatmessage-abismal"><strong style="color:#68a730"><small>☆</small><span class="username" data-name="abismal">abismal</span>:</strong> <em>u2</em></div><div class="chat"><small> Gekokeso joined</small></div><div class="spacer battle-history"><br></div><div class="battle-history">Battle started between abismal and FierceHawk192!<br></div><div class="spacer battle-history"><br></div><div class="battle-history">Go! <strong>Aegislash</strong>!<br></div><div class="spacer battle-history"><br></div><div class="battle-history">FierceHawk192 sent out <strong>Heatran</strong>!<br></div><div class="spacer battle-history"><br></div><h2 class="battle-history">Turn 1</h2><div class="spacer battle-history"><br></div><div class="battle-history">Aegislash, come back!<br></div><div class="battle-history">Go! <strong>Goodra</strong>!<br></div><div class="spacer battle-history"><br></div><div class="battle-history">The opposing Heatran used <strong>Stealth Rock</strong>!<br></div><div class="battle-history"><small>Pointed stones float in the air around your team!</small><br></div><div class="spacer battle-history"><br></div><h2 class="battle-history">Turn 2</h2><div class="spacer battle-history"><br></div><div class="battle-history">FierceHawk192 withdrew Heatran!<br></div><div class="battle-history">FierceHawk192 sent out <strong>Rillaboom</strong>!<br></div><div class="battle-history">[The opposing Rillaboom's Grassy Surge]<br><small>Grass grew to cover the battlefield!</small><br></div><div class="spacer battle-history"><br></div><div class="battle-history">Goodra used <strong>Surf</strong>!<br></div><div class="battle-history"><small>It's not very effective...</small><br></div><div class="battle-history"><small>(The opposing Rillaboom lost 12% of its health!)</small><br></div><div class="spacer battle-history"><br></div><div class="battle-history"><small>The opposing Rillaboom restored a little HP using its Leftovers!</small><br></div><div class="battle-history"><small>The opposing Rillaboom's HP was restored.</small><br></div><div class="spacer battle-history"><br></div><h2 class="battle-history">Turn 3</h2><div class="spacer battle-history"><br></div><div class="battle-history">The opposing Rillaboom used <strong>U-turn</strong>!<br></div><div class="battle-history"><small>(Goodra lost 27% of its health!)</small><br></div><div class="chat"><small>~inkbug1 joined</small></div><div class="spacer battle-history"><br></div><div class="battle-history">The opposing Rillaboom went back to FierceHawk192!<br></div><div class="battle-history">FierceHawk192 sent out <strong>Heatran</strong>!<br></div><div class="spacer battle-history"><br></div><div class="battle-history">Goodra used <strong>Toxic</strong>!<br></div><div class="battle-history"><small>It doesn't affect the opposing Heatran...</small><br></div><div class="spacer battle-history"><br></div><div class="battle-history"><small>Goodra's HP was restored.</small><br></div><div class="spacer battle-history"><br></div><h2 class="battle-history">Turn 4</h2><div class="spacer battle-history"><br></div><div class="battle-history"><small>Goodra's Goodranite is reacting to the Key Stone!</small><br>Goodra has Mega Evolved into Mega Goodra!<br></div><div class="chat"><ul class="utilichart"><li class="result"><span class="col pokemonnamecol" style="white-space: nowrap">Goodra-Mega</span> <span class="col typecol"><img src="https://play.pokemonshowdown.com/sprites/types/Dragon.png" alt="Dragon" height="14" width="32"><img src="https://play.pokemonshowdown.com/sprites/types/Water.png" alt="Water" height="14" width="32"></span> <span style="float: left ; min-height: 26px"><span class="col abilitycol">Gooey</span><span class="col abilitycol"></span></span><span style="float: left ; min-height: 26px"><span class="col statcol"><em>HP</em><br>90</span> <span class="col statcol"><em>Atk</em><br>100</span> <span class="col statcol"><em>Def</em><br>110</span> <span class="col statcol"><em>SpA</em><br>145</span> <span class="col statcol"><em>SpD</em><br>150</span> <span class="col statcol"><em>Spe</em><br>105</span> </span></li><li style="clear: both"></li></ul></div><div class="battle-history"><small>(Goodra-Mega was submitted by MegaFlareon!)</small><br></div><div class="spacer battle-history"><br></div><div class="battle-history">The opposing Heatran used <strong>Taunt</strong>!<br></div><div class="battle-history"><small>Goodra fell for the taunt!</small><br></div><div class="spacer battle-history"><br></div><div class="battle-history">Goodra used <strong>Surf</strong>!<br></div><div class="battle-history"><small>It's super effective!</small><br></div><div class="battle-history"><small>(The opposing Heatran lost 66% of its health!)</small><br></div><div class="spacer battle-history"><br></div><div class="battle-history"><small>The opposing Heatran restored a little HP using its Leftovers!</small><br></div><div class="battle-history"><small>The opposing Heatran's HP was restored.</small><br></div><div class="battle-history"><small>Goodra's HP was restored.</small><br></div><div class="spacer battle-history"><br></div><h2 class="battle-history">Turn 5</h2><div class="spacer battle-history"><br></div><div class="battle-history">FierceHawk192 withdrew Heatran!<br></div><div class="battle-history">FierceHawk192 sent out <strong>Noivern</strong>!<br></div><div class="battle-history">[The opposing Noivern's Frisk]<br><small>The opposing Noivern frisked Goodra and found its Goodranite!</small><br></div><div class="spacer battle-history"><br></div><div class="battle-history">Goodra used <strong>Surf</strong>!<br></div><div class="battle-history"><small>It's not very effective...</small><br></div><div class="battle-history"><small>(The opposing Noivern lost 30% of its health!)</small><br></div><div class="spacer battle-history"><br></div><div class="battle-history"><small>Goodra's HP was restored.</small><br></div><div class="spacer battle-history"><br></div><h2 class="battle-history">Turn 6</h2><div class="spacer battle-history"><br></div><div class="battle-history">The opposing Noivern used <strong>Draco Meteor</strong>!<br></div><div class="battle-history"><small>It's super effective!</small><br></div><div class="battle-history"><small>(Goodra lost 58% of its health!)</small><br></div><div class="battle-history"><small>The opposing Noivern's Sp. Atk fell harshly!</small><br></div><div class="spacer battle-history"><br></div><div class="battle-history">Goodra used <strong>Surf</strong>!<br></div><div class="battle-history"><small>It's not very effective...</small><br></div><div class="battle-history"><small>(The opposing Noivern lost 31% of its health!)</small><br></div><div class="spacer battle-history"><br></div><div class="battle-history"><small>Goodra's HP was restored.</small><br></div><div class="battle-history"><small>The grass disappeared from the battlefield.</small><br></div><div class="battle-history"><small>Goodra shook off the taunt!</small><br></div><div class="spacer battle-history"><br></div><h2 class="battle-history">Turn 7</h2><div class="chat"><small> kha243 joined</small></div><div class="spacer battle-history"><br></div><div class="battle-history">FierceHawk192 withdrew Noivern!<br></div><div class="battle-history">FierceHawk192 sent out <strong>Rillaboom</strong>!<br></div><div class="battle-history">[The opposing Rillaboom's Grassy Surge]<br><small>Grass grew to cover the battlefield!</small><br></div><div class="spacer battle-history"><br></div><div class="battle-history">Goodra used <strong>Moonlight</strong>!<br></div><div class="battle-history"><small>Goodra had its HP restored.</small><br></div><div class="spacer battle-history"><br></div><div class="battle-history"><small>Goodra's HP was restored.</small><br></div><div class="spacer battle-history"><br></div><h2 class="battle-history">Turn 8</h2><div class="spacer battle-history"><br></div><div class="battle-history">Goodra, come back!<br></div><div class="battle-history">Go! <strong>Aegislash</strong>!<br></div><div class="battle-history"><small>Pointed stones dug into Aegislash!</small><br></div><div class="spacer battle-history"><br></div><div class="battle-history">The opposing Rillaboom used <strong>Wood Hammer</strong>!<br></div><div class="battle-history"><small>It's not very effective...</small><br></div><div class="battle-history"><small>(Aegislash lost 32% of its health!)</small><br></div><div class="battle-history"><small>The opposing Rillaboom was damaged by the recoil!</small><br></div><div class="spacer battle-history"><br></div><div class="battle-history"><small>The opposing Rillaboom restored a little HP using its Leftovers!</small><br></div><div class="battle-history"><small>The opposing Rillaboom's HP was restored.</small><br></div><div class="battle-history"><small>Aegislash's HP was restored.</small><br></div><div class="spacer battle-history"><br></div><h2 class="battle-history">Turn 9</h2><div class="spacer battle-history"><br></div><div class="battle-history">The opposing Rillaboom used <strong>High Horsepower</strong>!<br></div><div class="battle-history"><small>It's super effective!</small><br></div><div class="battle-history"><small>(Aegislash lost 54% of its health!)</small><br></div><div class="battle-history"><small>(Aegislash used its Weakness Policy!)</small><br></div><div class="battle-history"><small>The Weakness Policy sharply raised Aegislash's Attack!</small><br></div><div class="battle-history"><small>The Weakness Policy sharply raised Aegislash's Sp. Atk!</small><br></div><div class="spacer battle-history"><br></div><div class="battle-history">Aegislash used <strong>Swords Dance</strong>!<br></div><div class="battle-history"><small>Aegislash's Attack rose sharply!</small><br></div><div class="spacer battle-history"><br></div><div class="battle-history"><small>Aegislash's HP was restored.</small><br></div><div class="spacer battle-history"><br></div><h2 class="battle-history">Turn 10</h2><div class="spacer battle-history"><br></div><div class="battle-history">The opposing Rillaboom used <strong>Grassy Glide</strong>!<br></div><div class="battle-history"><small>It's not very effective...</small><br></div><div class="battle-history"><small>(Aegislash lost 20% of its health!)</small><br></div><div class="spacer battle-history"><br></div><div class="battle-history">Aegislash fainted!<br></div><div class="spacer battle-history"><br></div><div class="battle-history">Go! <strong>Cinderace</strong>!<br></div><div class="spacer battle-history"><br></div><h2 class="battle-history">Turn 11</h2><div class="spacer battle-history"><br></div><div class="battle-history">The opposing Rillaboom used <strong>Grassy Glide</strong>!<br></div><div class="battle-history"><small>It's not very effective...</small><br></div><div class="battle-history"><small>(Cinderace lost 36% of its health!)</small><br></div><div class="spacer battle-history"><br></div><div class="battle-history">Cinderace used <strong>Gunk Shot</strong>!<br></div><div class="battle-history">[Cinderace's Libero]<br><small>Cinderace's type changed to Poison!</small><br></div><div class="battle-history"><small>It's super effective!</small><br></div><div class="battle-history"><small>(The opposing Rillaboom lost 100% of its health!)</small><br></div><div class="spacer battle-history"><br></div><div class="battle-history">The opposing Rillaboom fainted!<br></div><div class="spacer battle-history"><br></div><div class="battle-history"><small>Cinderace's HP was restored.</small><br></div><div class="battle-history"><small>The grass disappeared from the battlefield.</small><br></div><div class="spacer battle-history"><br></div><div class="battle-history">FierceHawk192 sent out <strong>Gliscor</strong>!<br></div><div class="spacer battle-history"><br></div><h2 class="battle-history">Turn 12</h2><div class="spacer battle-history"><br></div><div class="battle-history">Cinderace used <strong>U-turn</strong>!<br></div><div class="battle-history">[Cinderace's Libero]<br><small>Cinderace's type changed to Bug!</small><br></div><div class="battle-history"><small>It's not very effective...</small><br></div><div class="battle-history"><small>(The opposing Gliscor lost 10% of its health!)</small><br></div><div class="spacer battle-history"><br></div><div class="battle-history">Cinderace went back to abismal!<br></div><div class="battle-history">Go! Goodra (<strong>Goodra-Mega</strong>)!<br></div><div class="battle-history"><small>Pointed stones dug into Goodra!</small><br></div><div class="spacer battle-history"><br></div><div class="battle-history">The opposing Gliscor used <strong>Earthquake</strong>!<br></div><div class="battle-history"><small>(Goodra lost 22% of its health!)</small><br></div><div class="spacer battle-history"><br></div><div class="battle-history"><small>The opposing Gliscor was badly poisoned!</small><br></div><div class="spacer battle-history"><br></div><h2 class="battle-history">Turn 13</h2><div class="spacer battle-history"><br></div><div class="battle-history">The opposing Gliscor used <strong>U-turn</strong>!<br></div><div class="battle-history"><small>(Goodra lost 11% of its health!)</small><br></div><div class="battle-history">[Goodra's Gooey]<br></div><div class="battle-history"><small>The opposing Gliscor's Speed fell!</small><br></div><div class="spacer battle-history"><br></div><div class="battle-history">The opposing Gliscor went back to FierceHawk192!<br></div><div class="battle-history">FierceHawk192 sent out <strong>Noivern</strong>!<br></div><div class="battle-history">[The opposing Noivern's Frisk]<br><small>The opposing Noivern frisked Goodra and found its Goodranite!</small><br></div><div class="spacer battle-history"><br></div><div class="battle-history">Goodra used <strong>Moonlight</strong>!<br></div><div class="battle-history"><small>Goodra had its HP restored.</small><br></div><div class="spacer battle-history"><br></div><h2 class="battle-history">Turn 14</h2><div class="spacer battle-history"><br></div><div class="battle-history"><small>The opposing Noivern's Noivernite is reacting to the Key Stone!</small><br>The opposing Noivern has Mega Evolved into Mega Noivern!<br></div><div class="chat"><ul class="utilichart"><li class="result"><span class="col pokemonnamecol" style="white-space: nowrap">Noivern-Mega</span> <span class="col typecol"><img src="https://play.pokemonshowdown.com/sprites/types/Psychic.png" alt="Psychic" height="14" width="32"><img src="https://play.pokemonshowdown.com/sprites/types/Dragon.png" alt="Dragon" height="14" width="32"></span> <span style="float: left ; min-height: 26px"><span class="col abilitycol">Trace</span><span class="col abilitycol"></span></span><span style="float: left ; min-height: 26px"><span class="col statcol"><em>HP</em><br>85</span> <span class="col statcol"><em>Atk</em><br>70</span> <span class="col statcol"><em>Def</em><br>95</span> <span class="col statcol"><em>SpA</em><br>120</span> <span class="col statcol"><em>SpD</em><br>95</span> <span class="col statcol"><em>Spe</em><br>170</span> </span></li><li style="clear: both"></li></ul></div><div class="battle-history"><small>(Noivern-Mega was submitted by BitBitio!)</small><br></div><div class="battle-history">[The opposing Noivern's Trace]<br>[The opposing Noivern's Gooey]<br><small>The opposing Noivern traced Goodra's Gooey!</small><br></div><div class="spacer battle-history"><br></div><div class="battle-history">The opposing Noivern used <strong>Draco Meteor</strong>!<br></div><div class="battle-history"><small>It's super effective!</small><br></div><div class="battle-history"><small>(Goodra lost 66% of its health!)</small><br></div><div class="battle-history"><small>The opposing Noivern's Sp. Atk fell harshly!</small><br></div><div class="spacer battle-history"><br></div><div class="battle-history">Goodra used <strong>Toxic</strong>!<br></div><div class="battle-history"><small>The opposing Noivern was badly poisoned!</small><br></div><div class="spacer battle-history"><br></div><div class="battle-history"><small>The opposing Noivern was hurt by poison!</small><br></div><div class="spacer battle-history"><br></div><h2 class="battle-history">Turn 15</h2><div class="spacer battle-history"><br></div><div class="battle-history">The opposing Noivern used <strong>Draco Meteor</strong>!<br></div><div class="battle-history"><small>It's super effective!</small><br></div><div class="battle-history"><small>(Goodra lost 34% of its health!)</small><br></div><div class="battle-history"><small>The opposing Noivern's Sp. Atk fell harshly!</small><br></div><div class="spacer battle-history"><br></div><div class="battle-history">Goodra fainted!<br></div><div class="spacer battle-history"><br></div><div class="battle-history"><small>The opposing Noivern was hurt by poison!</small><br></div><div class="spacer battle-history"><br></div><div class="battle-history">Go! <strong>Tapu Koko</strong>!<br></div><div class="battle-history"><small>Pointed stones dug into Tapu Koko!</small><br></div><div class="battle-history">[Tapu Koko's Electric Surge]<br><small>An electric current ran across the battlefield!</small><br></div><div class="spacer battle-history"><br></div><h2 class="battle-history">Turn 16</h2><div class="spacer battle-history"><br></div><div class="battle-history">FierceHawk192 withdrew Noivern!<br></div><div class="battle-history">FierceHawk192 sent out <strong>Gliscor</strong>!<br></div><div class="spacer battle-history"><br></div><div class="battle-history">Tapu Koko used <strong>Calm Mind</strong>!<br></div><div class="battle-history"><small>Tapu Koko's Sp. Atk rose!</small><br></div><div class="battle-history"><small>Tapu Koko's Sp. Def rose!</small><br></div><div class="spacer battle-history"><br></div><div class="battle-history">[The opposing Gliscor's Poison Heal]<br><small>The opposing Gliscor had its HP restored.</small><br></div><div class="spacer battle-history"><br></div><h2 class="battle-history">Turn 17</h2><div class="spacer battle-history"><br></div><div class="battle-history">Tapu Koko used <strong>Hidden Power</strong>!<br></div><div class="battle-history"><small>It's super effective!</small><br></div><div class="battle-history"><small>(The opposing Gliscor lost 100% of its health!)</small><br></div><div class="spacer battle-history"><br></div><div class="battle-history">The opposing Gliscor fainted!<br></div><div class="spacer battle-history"><br></div><div class="battle-history">FierceHawk192 sent out <strong>Gengar</strong>!<br></div><div class="spacer battle-history"><br></div><h2 class="battle-history">Turn 18</h2><div class="spacer battle-history"><br></div><div class="battle-history"><small>Tapu Koko surrounded itself with its Z-Power!</small><br></div><div class="spacer battle-history"><br></div><div class="battle-history"><small>Tapu Koko unleashes its full-force Z-Move!</small><br>Tapu Koko used <strong>Gigavolt Havoc</strong>!<br></div><div class="battle-history"><small>(The opposing Gengar lost 100% of its health!)</small><br></div><div class="spacer battle-history"><br></div><div class="battle-history">The opposing Gengar fainted!<br></div><div class="spacer battle-history"><br></div><div class="battle-history">FierceHawk192 sent out <strong>Greninja</strong>!<br></div><div class="spacer battle-history"><br></div><h2 class="battle-history">Turn 19</h2><div class="spacer battle-history"><br></div><div class="battle-history">The opposing Greninja used <strong>Hydro Pump</strong>!<br></div><div class="spacer battle-history"><br></div><div class="battle-history">[The opposing Greninja's Protean]<br><small>The opposing Greninja's type changed to Water!</small><br></div><div class="battle-history"><small>(Tapu Koko lost 46% of its health!)</small><br></div><div class="spacer battle-history"><br></div><div class="battle-history">Tapu Koko used <strong>Thunderbolt</strong>!<br></div><div class="battle-history"><small>It's super effective!</small><br></div><div class="battle-history"><small>(The opposing Greninja lost 100% of its health!)</small><br></div><div class="spacer battle-history"><br></div><div class="battle-history">The opposing Greninja fainted!<br></div><div class="spacer battle-history"><br></div><div class="battle-history">FierceHawk192 sent out Noivern (<strong>Noivern-Mega</strong>)!<br></div><div class="battle-history">[The opposing Noivern's Trace]<br>[The opposing Noivern's Electric Surge]<br><small>The opposing Noivern traced Tapu Koko's Electric Surge!</small><br></div><div class="spacer battle-history"><br></div><h2 class="battle-history">Turn 20</h2><div class="spacer battle-history"><br></div><div class="battle-history">The opposing Noivern used <strong>Psyshock</strong>!<br></div><div class="battle-history"><small>(Tapu Koko lost 42% of its health!)</small><br></div><div class="spacer battle-history"><br></div><div class="battle-history">Tapu Koko fainted!<br></div><div class="spacer battle-history"><br></div><div class="battle-history"><small>The opposing Noivern was hurt by poison!</small><br></div><div class="battle-history"><small>The electricity disappeared from the battlefield.</small><br></div><div class="spacer battle-history"><br></div><div class="battle-history">Go! <strong>Tangrowth</strong>!<br></div><div class="battle-history"><small>Pointed stones dug into Tangrowth!</small><br></div><div class="spacer battle-history"><br></div><h2 class="battle-history">Turn 21</h2><div class="spacer battle-history"><br></div><div class="battle-history">The opposing Noivern used <strong>U-turn</strong>!<br></div><div class="battle-history"><small>It's super effective!</small><br></div><div class="battle-history"><small>(Tangrowth lost 11% of its health!)</small><br></div><div class="battle-history"><small>The opposing Noivern was hurt by the Rocky Helmet!</small><br></div><div class="spacer battle-history"><br></div><div class="battle-history">The opposing Noivern fainted!<br></div><div class="battle-history">Tangrowth used <strong>Earthquake</strong>!<br></div><div class="battle-history"><small>But it failed!</small><br></div><div class="spacer battle-history"><br></div><div class="battle-history">FierceHawk192 sent out <strong>Heatran</strong>!<br></div><div class="spacer battle-history"><br></div><h2 class="battle-history">Turn 22</h2><div class="spacer battle-history"><br></div><div class="battle-history">The opposing Heatran used <strong>Magma Storm</strong>!<br></div><div class="battle-history"><small>It's super effective!</small><br></div><div class="battle-history"><small>(Tangrowth lost 77% of its health!)</small><br></div><div class="spacer battle-history"><br></div><div class="battle-history">Tangrowth fainted!<br></div><div class="spacer battle-history"><br></div><div class="battle-history"><small>The opposing Heatran restored a little HP using its Leftovers!</small><br></div><div class="spacer battle-history"><br></div><div class="battle-history">Go! <strong>Gliscor</strong>!<br></div><div class="battle-history"><small>Pointed stones dug into Gliscor!</small><br></div><div class="spacer battle-history"><br></div><h2 class="battle-history">Turn 23</h2><div class="spacer battle-history"><br></div><div class="battle-history">The opposing Heatran used <strong>Magma Storm</strong>!<br></div><div class="battle-history"><small>A critical hit!</small><br></div><div class="battle-history"><small>(Gliscor lost 82% of its health!)</small><br></div><div class="battle-history"><small>Gliscor became trapped by swirling magma!</small><br></div><div class="spacer battle-history"><br></div><div class="battle-history">Gliscor used <strong>Earthquake</strong>!<br></div><div class="battle-history"><small>It's super effective!</small><br></div><div class="battle-history"><small>(The opposing Heatran lost 52% of its health!)</small><br></div><div class="spacer battle-history"><br></div><div class="battle-history">The opposing Heatran fainted!<br></div><div class="spacer battle-history"><br></div><div class="battle-history"><strong>abismal</strong> won the battle!<br></div><div class="chat chatmessage-abismal"><strong style="color:#68a730"><small>☆</small><span class="username" data-name="abismal">abismal</span>:</strong> <em>gg</em></div><div class="chat chatmessage-fiercehawk192"><strong style="color:#10a683"><small>☆</small><span class="username" data-name="FierceHawk192">FierceHawk192</span>:</strong> <em>gg</em></div><div class="chat chatmessage-notmossy"><strong style="color:#3f7abe"><small>+</small><span class="username" data-name="Not mossy">Not mossy</span>:</strong> <em>2-1?</em></div><div class="chat chatmessage-notmossy"><strong style="color:#3f7abe"><small>+</small><span class="username" data-name="Not mossy">Not mossy</span>:</strong> <em>Abimsla wins</em></div><div class="chat chatmessage-notmossy"><strong style="color:#3f7abe"><small>+</small><span class="username" data-name="Not mossy">Not mossy</span>:</strong> <em>right?</em></div><div class="chat chatmessage-abismal"><strong style="color:#68a730"><small>☆</small><span class="username" data-name="abismal">abismal</span>:</strong> <em>it was 2-0</em></div><div class="chat chatmessage-fiercehawk192"><strong style="color:#10a683"><small>☆</small><span class="username" data-name="FierceHawk192">FierceHawk192</span>:</strong> <em>2-0</em></div></div><div class="inner-preempt message-log"></div></div></div>
</div>
<script>
let daily = Math.floor(Date.now()/1000/60/60/24);document.write('<script src="https://dragonheaven.herokuapp.com/js/replay-embed.js?version'+daily+'"></'+'script>');
</script>
