<!DOCTYPE html>
<meta charset="utf-8" />
<!-- version 1 -->
<title>[Gen 8] M4A VGC replay: mundo bita vs. inkbug1</title>
<style>
html,body {font-family:Verdana, sans-serif;font-size:10pt;margin:0;padding:0;}body{padding:12px 0;} .battle-log {font-family:Verdana, sans-serif;font-size:10pt;} .battle-log-inline {border:1px solid #AAAAAA;background:#EEF2F5;color:black;max-width:640px;margin:0 auto 80px;padding-bottom:5px;} .battle-log .inner {padding:4px 8px 0px 8px;} .battle-log .inner-preempt {padding:0 8px 4px 8px;} .battle-log .inner-after {margin-top:0.5em;} .battle-log h2 {margin:0.5em -8px;padding:4px 8px;border:1px solid #AAAAAA;background:#E0E7EA;border-left:0;border-right:0;font-family:Verdana, sans-serif;font-size:13pt;} .battle-log .chat {vertical-align:middle;padding:3px 0 3px 0;font-size:8pt;} .battle-log .chat strong {color:#40576A;} .battle-log .chat em {padding:1px 4px 1px 3px;color:#000000;font-style:normal;} .chat.mine {background:rgba(0,0,0,0.05);margin-left:-8px;margin-right:-8px;padding-left:8px;padding-right:8px;} .spoiler {color:#BBBBBB;background:#BBBBBB;padding:0px 3px;} .spoiler:hover, .spoiler:active, .spoiler-shown {color:#000000;background:#E2E2E2;padding:0px 3px;} .spoiler a {color:#BBBBBB;} .spoiler:hover a, .spoiler:active a, .spoiler-shown a {color:#2288CC;} .chat code, .chat .spoiler:hover code, .chat .spoiler:active code, .chat .spoiler-shown code {border:1px solid #C0C0C0;background:#EEEEEE;color:black;padding:0 2px;} .chat .spoiler code {border:1px solid #CCCCCC;background:#CCCCCC;color:#CCCCCC;} .battle-log .rated {padding:3px 4px;} .battle-log .rated strong {color:white;background:#89A;padding:1px 4px;border-radius:4px;} .spacer {margin-top:0.5em;} .message-announce {background:#6688AA;color:white;padding:1px 4px 2px;} .message-announce a, .broadcast-green a, .broadcast-blue a, .broadcast-red a {color:#DDEEFF;} .broadcast-green {background-color:#559955;color:white;padding:2px 4px;} .broadcast-blue {background-color:#6688AA;color:white;padding:2px 4px;} .infobox {border:1px solid #6688AA;padding:2px 4px;} .infobox-limited {max-height:200px;overflow:auto;overflow-x:hidden;} .broadcast-red {background-color:#AA5544;color:white;padding:2px 4px;} .message-learn-canlearn {font-weight:bold;color:#228822;text-decoration:underline;} .message-learn-cannotlearn {font-weight:bold;color:#CC2222;text-decoration:underline;} .message-effect-weak {font-weight:bold;color:#CC2222;} .message-effect-resist {font-weight:bold;color:#6688AA;} .message-effect-immune {font-weight:bold;color:#666666;} .message-learn-list {margin-top:0;margin-bottom:0;} .message-throttle-notice, .message-error {color:#992222;} .message-overflow, .chat small.message-overflow {font-size:0pt;} .message-overflow::before {font-size:9pt;content:'...';} .subtle {color:#3A4A66;}
</style>
<div class="wrapper replay-wrapper" style="max-width:1180px;margin:0 auto">
<input type="hidden" name="replayid" value="dragonheaven-gen8m4avgc-342" />
<div class="battle"></div><div class="battle-log"></div><div class="replay-controls"></div><div class="replay-controls-2"></div>
<h1 style="font-weight:normal;text-align:center"><strong>[Gen 8] M4A VGC</strong><br /><a href="http://pokemonshowdown.com/users/mundobita" class="subtle" target="_blank">mundo bita</a> vs. <a href="http://pokemonshowdown.com/users/inkbug1" class="subtle" target="_blank">inkbug1</a></h1>
<script type="text/plain" class="battle-log-data">|j|☆mundo bita
|j|☆inkbug1

|t:|1630173589
|player|p1|mundo bita|scientistf|
|player|p2|inkbug1|burgh|
|teamsize|p1|6
|teamsize|p2|6
|gametype|doubles
|gen|8
|tier|[Gen 8] M4A VGC
|clearpoke
|poke|p1|Slowking, L50, M|
|poke|p1|Tsareena, L50, F|
|poke|p1|Dusclops, L50, M|
|poke|p1|Indeedee-F, L50, F|
|poke|p1|Stakataka, L50|
|poke|p1|Reuniclus, L50, M|
|poke|p2|Falinks, L50|
|poke|p2|Malamar, L50, F|
|poke|p2|Obstagoon, L50, F|
|poke|p2|Toxtricity, L50, M|
|poke|p2|Celesteela, L50|
|poke|p2|Marowak-Alola, L50, F|
|rule|Species Clause: Limit one of each Pokémon
|rule|Item Clause: Limit one of each item
|rule|Dynamax Clause: You cannot dynamax
|raw|<img src="https:\/\/www.smogon.com\/forums\/attachments\/banner_2-png.302358\/" height="65" width="381">
|-message|Welcome to Megas for All!
|-message|This is a National Dex-based format where we aim to give a new Mega Evolution to every Pokémon.
|-message|Just like any official format, you can still only Mega Evolve one Pokémon per team!
|-message|You can find our thread and metagame resources here:
|-message|https:\/\/www.smogon.com\/forums\/threads\/3671140\/
|teampreview|4
|j| H2OPulse
|j| Jake880305
|c| H2OPulse|(good luck and have fun!!!)
|c|☆inkbug1|glhf !!!! 
|
|t:|1630173639
|start
|switch|p1a: Killer Queen|Tsareena, L50, F|48\/48
|switch|p1b: The Wall|Stakataka, L50|48\/48
|switch|p2a: Ampersand|Toxtricity, L50, M|182\/182
|switch|p2b: Carbon|Obstagoon, L50, F|169\/169
|-item|p1b: The Wall|Air Balloon
|turn|1
|j| LordThemberchaud
|l| LordThemberchaud
|
|t:|1630173668
|detailschange|p2a: Ampersand|Toxtricity-Mega, L50, M
|-mega|p2a: Ampersand|Toxtricity|Toxtricitite
|-status|p1a: Killer Queen|psn|[from] ability: Acid Rock|[of] p2a: Ampersand
|-hint|Poison inflicted through Acid Rock is only half as damaging as normal poison.
|-ability|p2a: Ampersand|Acid Rock
|-immune|p1b: The Wall
|-status|p2b: Carbon|psn|[from] ability: Acid Rock|[of] p2a: Ampersand
|-hint|Poison inflicted through Acid Rock is only half as damaging as normal poison.
|-start|p2a: Ampersand|typechange|Electric\/Poison|[silent]
|raw|<ul class="utilichart"><li class="result"><span class="col pokemonnamecol" style="white-space: nowrap">Toxtricity-Mega<\/span> <span class="col typecol"><img src="https:\/\/play.pokemonshowdown.com\/sprites\/types\/Electric.png" alt="Electric" height="14" width="32"><img src="https:\/\/play.pokemonshowdown.com\/sprites\/types\/Poison.png" alt="Poison" height="14" width="32"><\/span> <span style="float: left ; min-height: 26px"><span class="col abilitycol">Acid Rock<\/span><span class="col abilitycol"><\/span><\/span><span style="float: left ; min-height: 26px"><span class="col statcol"><em>HP<\/em><br>75<\/span> <span class="col statcol"><em>Atk<\/em><br>128<\/span> <span class="col statcol"><em>Def<\/em><br>80<\/span> <span class="col statcol"><em>SpA<\/em><br>144<\/span> <span class="col statcol"><em>SpD<\/em><br>80<\/span> <span class="col statcol"><em>Spe<\/em><br>95<\/span> <\/span><\/li><li style="clear: both"><\/li><\/ul>
|move|p2b: Carbon|Throat Chop|p1b: The Wall
|-damage|p1b: The Wall|32\/48
|-start|p1b: The Wall|Throat Chop|[silent]
|-enditem|p1b: The Wall|Air Balloon
|move|p2a: Ampersand|Venoshock|p1a: Killer Queen
|-supereffective|p1a: Killer Queen
|-damage|p1a: Killer Queen|0 fnt
|faint|p1a: Killer Queen
|move|p1b: The Wall|Trick Room|p1b: The Wall
|-fieldstart|move: Trick Room|[of] p1b: The Wall
|
|-damage|p2b: Carbon|159\/169 psn|[from] psn
|upkeep
|
|t:|1630173685
|switch|p1a: Do the Evolution|Reuniclus, L50, M|48\/48
|turn|2
|
|t:|1630173705
|switch|p2a: Dragora|Malamar, L50, F|190\/190
|detailschange|p1a: Do the Evolution|Reuniclus-Mega, L50, M
|-mega|p1a: Do the Evolution|Reuniclus|Reunite
|-start|p1a: Do the Evolution|typechange|Psychic\/Fighting|[silent]
|raw|<ul class="utilichart"><li class="result"><span class="col pokemonnamecol" style="white-space: nowrap">Reuniclus-Mega<\/span> <span class="col typecol"><img src="https:\/\/play.pokemonshowdown.com\/sprites\/types\/Psychic.png" alt="Psychic" height="14" width="32"><img src="https:\/\/play.pokemonshowdown.com\/sprites\/types\/Fighting.png" alt="Fighting" height="14" width="32"><\/span> <span style="float: left ; min-height: 26px"><span class="col abilitycol">Two-Minded<\/span><span class="col abilitycol"><\/span><\/span><span style="float: left ; min-height: 26px"><span class="col statcol"><em>HP<\/em><br>110<\/span> <span class="col statcol"><em>Atk<\/em><br>110<\/span> <span class="col statcol"><em>Def<\/em><br>115<\/span> <span class="col statcol"><em>SpA<\/em><br>140<\/span> <span class="col statcol"><em>SpD<\/em><br>85<\/span> <span class="col statcol"><em>Spe<\/em><br>30<\/span> <\/span><\/li><li style="clear: both"><\/li><\/ul>
|move|p1b: The Wall|Rock Slide|p2a: Dragora|[spread] p2a
|-miss|p1b: The Wall|p2b: Carbon
|-damage|p2a: Dragora|129\/190
|move|p1a: Do the Evolution|Psycho Boost|p2a: Dragora
|-immune|p2a: Dragora
|move|p2b: Carbon|Facade|p1a: Do the Evolution
|-damage|p1a: Do the Evolution|18\/48
|
|-damage|p2b: Carbon|149\/169 psn|[from] psn
|-end|p1b: The Wall|Throat Chop|[silent]
|upkeep
|turn|3
|j| Sticky Fingaa
|c| H2OPulse|__oh good read there__
|
|t:|1630173734
|move|p1b: The Wall|Gyro Ball|p2a: Dragora
|-damage|p2a: Dragora|0 fnt
|faint|p2a: Dragora
|-ability|p1b: The Wall|Beast Boost|boost
|-boost|p1b: The Wall|atk|1
|move|p1a: Do the Evolution|Recover|p1a: Do the Evolution
|-heal|p1a: Do the Evolution|42\/48
|move|p2b: Carbon|Facade|p1a: Do the Evolution
|-damage|p1a: Do the Evolution|14\/48
|
|-damage|p2b: Carbon|139\/169 psn|[from] psn
|upkeep
|c|☆inkbug1|ouf fair
|j| ASnomPlaysShowdown
|c| Sticky Fingaa|bita
|c| Sticky Fingaa|🧃
|
|t:|1630173763
|switch|p2a: Bespin|Celesteela, L50|204\/204
|turn|4
|c|☆mundo bita|Susco
|l| H2OPulse
|
|t:|1630173792
|move|p2b: Carbon|Obstruct|p2b: Carbon
|-singleturn|p2b: Carbon|Protect
|move|p1b: The Wall|Rock Slide|p2b: Carbon|[spread] p2a
|-activate|p2b: Carbon|move: Protect
|-damage|p2a: Bespin|125\/204
|move|p1a: Do the Evolution|Recover|p1a: Do the Evolution
|-heal|p1a: Do the Evolution|38\/48
|move|p2a: Bespin|Meteor Beam||[still]
|-prepare|p2a: Bespin|Meteor Beam
|-boost|p2a: Bespin|spa|1
|-enditem|p2a: Bespin|Power Herb
|-anim|p2a: Bespin|Meteor Beam|p1a: Do the Evolution
|-resisted|p1a: Do the Evolution
|-damage|p1a: Do the Evolution|23\/48
|
|-damage|p2b: Carbon|129\/169 psn|[from] psn
|upkeep
|turn|5
|
|t:|1630173816
|move|p1b: The Wall|Gyro Ball|p2b: Carbon
|-damage|p2b: Carbon|0 fnt
|faint|p2b: Carbon
|-ability|p1b: The Wall|Beast Boost|boost
|-boost|p1b: The Wall|atk|1
|move|p1a: Do the Evolution|Superpower|p2a: Bespin
|-damage|p2a: Bespin|40\/204
|-unboost|p1a: Do the Evolution|atk|1
|-unboost|p1a: Do the Evolution|def|1
|-ability|p1a: Do the Evolution|Two-Minded
|-boost|p1a: Do the Evolution|spa|1
|-boost|p1a: Do the Evolution|spd|1
|move|p2a: Bespin|Fire Blast|p1b: The Wall
|-crit|p1b: The Wall
|-damage|p1b: The Wall|0 fnt
|faint|p1b: The Wall
|-ability|p2a: Bespin|Beast Boost|boost
|-boost|p2a: Bespin|spa|1
|
|-fieldend|move: Trick Room
|upkeep
|c|☆inkbug1|oh jeez
|c|☆inkbug1|sorry
|j| H2OPulse
|
|t:|1630173847
|switch|p2b: Ampersand|Toxtricity-Mega, L50, M|182\/182
|switch|p1b: Private Eyes|Dusclops, L50, M|48\/48
|-start|p2b: Ampersand|typechange|Electric\/Poison|[silent]
|-status|p1a: Do the Evolution|psn|[from] ability: Acid Rock|[of] p2b: Ampersand
|-hint|Poison inflicted through Acid Rock is only half as damaging as normal poison.
|-status|p1b: Private Eyes|psn|[from] ability: Acid Rock|[of] p2b: Ampersand
|-hint|Poison inflicted through Acid Rock is only half as damaging as normal poison.
|-ability|p2b: Ampersand|Acid Rock
|-immune|p2a: Bespin
|-ability|p1b: Private Eyes|Pressure
|turn|6
|c|☆mundo bita|No prob
|c|☆mundo bita|Crits are out of everyone control
|c| Sticky Fingaa|eita bita :^(
|
|t:|1630173876
|move|p1b: Private Eyes|Ally Switch|p1b: Private Eyes
|swap|p1b: Private Eyes|0|[from] move: Ally Switch
|move|p2b: Ampersand|Hex|p1b: Do the Evolution
|-supereffective|p1b: Do the Evolution
|-damage|p1b: Do the Evolution|0 fnt
|faint|p1b: Do the Evolution
|move|p2a: Bespin|Air Slash|p1a: Private Eyes
|-damage|p1a: Private Eyes|31\/48 psn
|
|-damage|p1a: Private Eyes|28\/48 psn|[from] psn
|upkeep
|turn|7
|
|t:|1630173890
|move|p2b: Ampersand|Hex|p1a: Private Eyes
|-supereffective|p1a: Private Eyes
|-damage|p1a: Private Eyes|4\/48 psn
|move|p2a: Bespin|Fire Blast|p1a: Private Eyes
|-damage|p1a: Private Eyes|0 fnt
|faint|p1a: Private Eyes
|
|win|inkbug1
|c| H2OPulse|__holy heck ink!!! go off!!!__
|c|☆mundo bita|Ggwp
|c| H2OPulse|Good game both!!! OOO:
|c|☆inkbug1|ah !!!! 
|c|☆inkbug1|gg 
|c| Sticky Fingaa|terei q tomar seu suco, mas pod ficar com um peixe 🐠
|c|☆mundo bita|Pexe
|c| Sticky Fingaa|gg btw
|c|☆inkbug1|i love the staka and reuniclus combo they cover each other really really well
|c| Sticky Fingaa|\/me joga o pexe em bita</script>
</div>
<div class="battle-log battle-log-inline"><div class="inner"><div class="battle-options"><div style="padding-top: 3px; padding-right: 3px; text-align: right"><button class="icon button" name="openBattleOptions" title="Options">Battle Options</button></div></div><div class="inner message-log"><div class="chat"><small>☆mundo bita and ☆inkbug1 joined</small></div><div class=""><small>Format:</small> <br><strong>[Gen 8] M4A VGC</strong></div><div class=""><small><em>Species Clause:</em> Limit one of each Pokémon</small></div><div class=""><small><em>Item Clause:</em> Limit one of each item</small></div><div class=""><small><em>Dynamax Clause:</em> You cannot dynamax</small></div><div class="chat"><img src="https://www.smogon.com/forums/attachments/banner_2-png.302358/" height="65" width="381"></div><div class="spacer battle-history"><br></div><div class="battle-history"><small>Welcome to Megas for All!</small><br></div><div class="battle-history"><small>This is a National Dex-based format where we aim to give a new Mega Evolution to every Pokémon.</small><br></div><div class="battle-history"><small>Just like any official format, you can still only Mega Evolve one Pokémon per team!</small><br></div><div class="battle-history"><small>You can find our thread and metagame resources here:</small><br></div><div class="battle-history"><small>https://www.smogon.com/forums/threads/3671140/</small><br></div><div class="chat battle-history"><strong>mundo bita's team:</strong> <em style="color:#445566;display:block;">Slowking / Tsareena / Dusclops / Indeedee-F / Stakataka / Reuniclus</em></div><div class="chat battle-history"><strong>inkbug1's team:</strong> <em style="color:#445566;display:block;">Falinks / Malamar / Obstagoon / Toxtricity / Celesteela / Marowak-Alola</em></div><div class="chat"><small> H2OPulse and  Jake880305 joined</small></div><div class="chat chatmessage-h2opulse"><strong style="color:#6e8c2b"><small> </small><span class="username" data-name="H2OPulse">H2OPulse</span>:</strong> <em>(good luck and have fun!!!)</em></div><div class="chat chatmessage-inkbug1 mine"><strong style="color:#e46e0f"><small>☆</small><span class="username" data-name="inkbug1">inkbug1</span>:</strong> <em>glhf !!!! </em></div><div class="spacer battle-history"><br></div><div class="battle-history">Battle started between mundo bita and inkbug1!<br></div><div class="spacer battle-history"><br></div><div class="battle-history">mundo bita sent out Killer Queen (<strong>Tsareena</strong>)!<br></div><div class="spacer battle-history"><br></div><div class="battle-history">mundo bita sent out The Wall (<strong>Stakataka</strong>)!<br></div><div class="spacer battle-history"><br></div><div class="battle-history">Go! Ampersand (<strong>Toxtricity</strong>)!<br></div><div class="spacer battle-history"><br></div><div class="battle-history">Go! Carbon (<strong>Obstagoon</strong>)!<br></div><div class="battle-history"><small>The opposing The Wall floats in the air with its Air Balloon!</small><br></div><div class="spacer battle-history"><br></div><h2 class="battle-history">Turn 1</h2><div class="chat"><small> LordThemberchaud joined;  LordThemberchaud left</small></div><div class="spacer battle-history"><br></div><div class="battle-history"><small>Ampersand's Toxtricitite is reacting to the Key Stone!</small><br>Ampersand has Mega Evolved into Mega Toxtricity!<br></div><div class="battle-history">[Ampersand's Acid Rock]<br><small>The opposing Killer Queen was poisoned!</small><br></div><div class="battle-history"><small>(Poison inflicted through Acid Rock is only half as damaging as normal poison.)</small><br></div><div class="battle-history">[Ampersand's Acid Rock]<br></div><div class="battle-history"><small>It doesn't affect the opposing The Wall...</small><br></div><div class="battle-history">[Ampersand's Acid Rock]<br><small>Carbon was poisoned!</small><br></div><div class="battle-history"><small>(Poison inflicted through Acid Rock is only half as damaging as normal poison.)</small><br></div><div class="chat"><ul class="utilichart"><li class="result"><span class="col pokemonnamecol" style="white-space: nowrap">Toxtricity-Mega</span> <span class="col typecol"><img src="https://play.pokemonshowdown.com/sprites/types/Electric.png" alt="Electric" height="14" width="32"><img src="https://play.pokemonshowdown.com/sprites/types/Poison.png" alt="Poison" height="14" width="32"></span> <span style="float: left ; min-height: 26px"><span class="col abilitycol">Acid Rock</span><span class="col abilitycol"></span></span><span style="float: left ; min-height: 26px"><span class="col statcol"><em>HP</em><br>75</span> <span class="col statcol"><em>Atk</em><br>128</span> <span class="col statcol"><em>Def</em><br>80</span> <span class="col statcol"><em>SpA</em><br>144</span> <span class="col statcol"><em>SpD</em><br>80</span> <span class="col statcol"><em>Spe</em><br>95</span> </span></li><li style="clear: both"></li></ul></div><div class="spacer battle-history"><br></div><div class="battle-history">Carbon used <strong>Throat Chop</strong>!<br></div><div class="battle-history"><small>(The opposing The Wall lost <abbr title="−16/48 pixels">31.3–33.3%</abbr> of its health!)</small><br></div><div class="battle-history"><small>The opposing The Wall's Air Balloon popped!</small><br></div><div class="spacer battle-history"><br></div><div class="battle-history">Ampersand used <strong>Venoshock</strong>!<br></div><div class="battle-history"><small>It's super effective!</small><br></div><div class="battle-history"><small>(The opposing Killer Queen lost <abbr title="−48/48 pixels">100%</abbr> of its health!)</small><br></div><div class="spacer battle-history"><br></div><div class="battle-history">The opposing Killer Queen fainted!<br></div><div class="battle-history">The opposing The Wall used <strong>Trick Room</strong>!<br></div><div class="battle-history"><small>The opposing The Wall twisted the dimensions!</small><br></div><div class="spacer battle-history"><br></div><div class="battle-history"><small>Carbon was hurt by poison!</small><br></div><div class="spacer battle-history"><br></div><div class="battle-history">mundo bita sent out Do the Evolution (<strong>Reuniclus</strong>)!<br></div><div class="spacer battle-history"><br></div><h2 class="battle-history">Turn 2</h2><div class="spacer battle-history"><br></div><div class="battle-history">Ampersand, come back!<br></div><div class="battle-history">Go! Dragora (<strong>Malamar</strong>)!<br></div><div class="spacer battle-history"><br></div><div class="battle-history"><small>The opposing Do the Evolution's Reunite is reacting to the Key Stone!</small><br>The opposing Do the Evolution has Mega Evolved into Mega Reuniclus!<br></div><div class="chat"><ul class="utilichart"><li class="result"><span class="col pokemonnamecol" style="white-space: nowrap">Reuniclus-Mega</span> <span class="col typecol"><img src="https://play.pokemonshowdown.com/sprites/types/Psychic.png" alt="Psychic" height="14" width="32"><img src="https://play.pokemonshowdown.com/sprites/types/Fighting.png" alt="Fighting" height="14" width="32"></span> <span style="float: left ; min-height: 26px"><span class="col abilitycol">Two-Minded</span><span class="col abilitycol"></span></span><span style="float: left ; min-height: 26px"><span class="col statcol"><em>HP</em><br>110</span> <span class="col statcol"><em>Atk</em><br>110</span> <span class="col statcol"><em>Def</em><br>115</span> <span class="col statcol"><em>SpA</em><br>140</span> <span class="col statcol"><em>SpD</em><br>85</span> <span class="col statcol"><em>Spe</em><br>30</span> </span></li><li style="clear: both"></li></ul></div><div class="spacer battle-history"><br></div><div class="battle-history">The opposing The Wall used <strong>Rock Slide</strong>!<br></div><div class="battle-history"><small>Carbon avoided the attack!</small><br></div><div class="battle-history"><small>(Dragora lost <abbr title="−61/190">32.1%</abbr> of its health!)</small><br></div><div class="spacer battle-history"><br></div><div class="battle-history">The opposing Do the Evolution used <strong>Psycho Boost</strong>!<br></div><div class="battle-history"><small>It doesn't affect Dragora...</small><br></div><div class="spacer battle-history"><br></div><div class="battle-history">Carbon used <strong>Facade</strong>!<br></div><div class="battle-history"><small>(The opposing Do the Evolution lost <abbr title="−30/48 pixels">60.5–62.5%</abbr> of its health!)</small><br></div><div class="spacer battle-history"><br></div><div class="battle-history"><small>Carbon was hurt by poison!</small><br></div><div class="spacer battle-history"><br></div><h2 class="battle-history">Turn 3</h2><div class="chat"><small> Sticky Fingaa joined</small></div><div class="chat chatmessage-h2opulse"><strong style="color:#6e8c2b"><small> </small><span class="username" data-name="H2OPulse">H2OPulse</span>:</strong> <em><i>oh good read there</i></em></div><div class="spacer battle-history"><br></div><div class="battle-history">The opposing The Wall used <strong>Gyro Ball</strong>!<br></div><div class="battle-history"><small>(Dragora lost <abbr title="−129/190">67.9%</abbr> of its health!)</small><br></div><div class="spacer battle-history"><br></div><div class="battle-history">Dragora fainted!<br></div><div class="battle-history">[The opposing The Wall's Beast Boost]<br></div><div class="battle-history"><small>The opposing The Wall's Attack rose!</small><br></div><div class="spacer battle-history"><br></div><div class="battle-history">The opposing Do the Evolution used <strong>Recover</strong>!<br></div><div class="battle-history"><small>The opposing Do the Evolution had its HP restored.</small><br></div><div class="spacer battle-history"><br></div><div class="battle-history">Carbon used <strong>Facade</strong>!<br></div><div class="battle-history"><small>(The opposing Do the Evolution lost <abbr title="−28/48 pixels">56.3–60.3%</abbr> of its health!)</small><br></div><div class="spacer battle-history"><br></div><div class="battle-history"><small>Carbon was hurt by poison!</small><br></div><div class="chat chatmessage-inkbug1 mine"><strong style="color:#e46e0f"><small>☆</small><span class="username" data-name="inkbug1">inkbug1</span>:</strong> <em>ouf fair</em></div><div class="chat"><small> ASnomPlaysShowdown joined</small></div><div class="chat chatmessage-stickyfingaa"><strong style="color:#e76311"><small> </small><span class="username" data-name="Sticky Fingaa">Sticky Fingaa</span>:</strong> <em>bita</em></div><div class="chat chatmessage-stickyfingaa"><strong style="color:#e76311"><small> </small><span class="username" data-name="Sticky Fingaa">Sticky Fingaa</span>:</strong> <em>🧃</em></div><div class="spacer battle-history"><br></div><div class="battle-history">Go! Bespin (<strong>Celesteela</strong>)!<br></div><div class="spacer battle-history"><br></div><h2 class="battle-history">Turn 4</h2><div class="chat chatmessage-mundobita"><strong style="color:#0eaa9d"><small>☆</small><span class="username" data-name="mundo bita">mundo bita</span>:</strong> <em>Susco</em></div><div class="chat"><small> H2OPulse left</small></div><div class="spacer battle-history"><br></div><div class="battle-history">Carbon used <strong>Obstruct</strong>!<br></div><div class="battle-history"><small>Carbon protected itself!</small><br></div><div class="spacer battle-history"><br></div><div class="battle-history">The opposing The Wall used <strong>Rock Slide</strong>!<br></div><div class="battle-history"><small>Carbon protected itself!</small><br></div><div class="battle-history"><small>(Bespin lost <abbr title="−79/204">38.7%</abbr> of its health!)</small><br></div><div class="spacer battle-history"><br></div><div class="battle-history">The opposing Do the Evolution used <strong>Recover</strong>!<br></div><div class="battle-history"><small>The opposing Do the Evolution had its HP restored.</small><br></div><div class="spacer battle-history"><br></div><div class="battle-history">Bespin used <strong>Meteor Beam</strong>!<br></div><div class="battle-history">Bespin is overflowing with space power!<br></div><div class="battle-history"><small>Bespin's Sp. Atk rose!</small><br></div><div class="battle-history"><small>Bespin became fully charged due to its Power Herb!</small><br></div><div class="battle-history"><small>It's not very effective...</small><br></div><div class="battle-history"><small>(The opposing Do the Evolution lost <abbr title="−15/48 pixels">29.2–33.3%</abbr> of its health!)</small><br></div><div class="spacer battle-history"><br></div><div class="battle-history"><small>Carbon was hurt by poison!</small><br></div><div class="spacer battle-history"><br></div><h2 class="battle-history">Turn 5</h2><div class="spacer battle-history"><br></div><div class="battle-history">The opposing The Wall used <strong>Gyro Ball</strong>!<br></div><div class="battle-history"><small>(Carbon lost <abbr title="−129/169">76.3%</abbr> of its health!)</small><br></div><div class="spacer battle-history"><br></div><div class="battle-history">Carbon fainted!<br></div><div class="battle-history">[The opposing The Wall's Beast Boost]<br></div><div class="battle-history"><small>The opposing The Wall's Attack rose!</small><br></div><div class="spacer battle-history"><br></div><div class="battle-history">The opposing Do the Evolution used <strong>Superpower</strong>!<br></div><div class="battle-history"><small>(Bespin lost <abbr title="−85/204">41.7%</abbr> of its health!)</small><br></div><div class="battle-history"><small>The opposing Do the Evolution's Attack fell!</small><br></div><div class="battle-history"><small>The opposing Do the Evolution's Defense fell!</small><br></div><div class="battle-history">[The opposing Do the Evolution's Two-Minded]<br></div><div class="battle-history"><small>The opposing Do the Evolution's Sp. Atk rose!</small><br></div><div class="battle-history"><small>The opposing Do the Evolution's Sp. Def rose!</small><br></div><div class="spacer battle-history"><br></div><div class="battle-history">Bespin used <strong>Fire Blast</strong>!<br></div><div class="battle-history"><small>A critical hit!</small><br></div><div class="battle-history"><small>(The opposing The Wall lost <abbr title="−32/48 pixels">66.7–68.7%</abbr> of its health!)</small><br></div><div class="spacer battle-history"><br></div><div class="battle-history">The opposing The Wall fainted!<br></div><div class="battle-history">[Bespin's Beast Boost]<br></div><div class="battle-history"><small>Bespin's Sp. Atk rose!</small><br></div><div class="spacer battle-history"><br></div><div class="battle-history"><small>The twisted dimensions returned to normal!</small><br></div><div class="chat chatmessage-inkbug1 mine"><strong style="color:#e46e0f"><small>☆</small><span class="username" data-name="inkbug1">inkbug1</span>:</strong> <em>oh jeez</em></div><div class="chat chatmessage-inkbug1 mine"><strong style="color:#e46e0f"><small>☆</small><span class="username" data-name="inkbug1">inkbug1</span>:</strong> <em>sorry</em></div><div class="chat"><small> H2OPulse joined</small></div><div class="spacer battle-history"><br></div><div class="battle-history">Go! Ampersand (<strong>Toxtricity-Mega</strong>)!<br></div><div class="spacer battle-history"><br></div><div class="battle-history">mundo bita sent out Private Eyes (<strong>Dusclops</strong>)!<br></div><div class="battle-history">[Ampersand's Acid Rock]<br><small>The opposing Do the Evolution was poisoned!</small><br></div><div class="battle-history"><small>(Poison inflicted through Acid Rock is only half as damaging as normal poison.)</small><br></div><div class="battle-history">[Ampersand's Acid Rock]<br><small>The opposing Private Eyes was poisoned!</small><br></div><div class="battle-history"><small>(Poison inflicted through Acid Rock is only half as damaging as normal poison.)</small><br></div><div class="battle-history">[Ampersand's Acid Rock]<br></div><div class="battle-history"><small>It doesn't affect Bespin...</small><br></div><div class="battle-history">[The opposing Private Eyes's Pressure]<br><small>The opposing Private Eyes is exerting its pressure!</small><br></div><div class="spacer battle-history"><br></div><h2 class="battle-history">Turn 6</h2><div class="chat chatmessage-mundobita"><strong style="color:#0eaa9d"><small>☆</small><span class="username" data-name="mundo bita">mundo bita</span>:</strong> <em>No prob</em></div><div class="chat chatmessage-mundobita"><strong style="color:#0eaa9d"><small>☆</small><span class="username" data-name="mundo bita">mundo bita</span>:</strong> <em>Crits are out of everyone control</em></div><div class="chat chatmessage-stickyfingaa"><strong style="color:#e76311"><small> </small><span class="username" data-name="Sticky Fingaa">Sticky Fingaa</span>:</strong> <em>eita bita :^(</em></div><div class="spacer battle-history"><br></div><div class="battle-history">The opposing Private Eyes used <strong>Ally Switch</strong>!<br></div><div class="battle-history">The opposing Private Eyes and the opposing Do the Evolution switched places!<br></div><div class="spacer battle-history"><br></div><div class="battle-history">Ampersand used <strong>Hex</strong>!<br></div><div class="battle-history"><small>It's super effective!</small><br></div><div class="battle-history"><small>(The opposing Do the Evolution lost <abbr title="−23/48 pixels">47.9–49.9%</abbr> of its health!)</small><br></div><div class="spacer battle-history"><br></div><div class="battle-history">The opposing Do the Evolution fainted!<br></div><div class="battle-history">Bespin used <strong>Air Slash</strong>!<br></div><div class="battle-history"><small>(The opposing Private Eyes lost <abbr title="−17/48 pixels">33.4–35.4%</abbr> of its health!)</small><br></div><div class="spacer battle-history"><br></div><div class="battle-history"><small>The opposing Private Eyes was hurt by poison!</small><br></div><div class="spacer battle-history"><br></div><h2 class="battle-history">Turn 7</h2><div class="spacer battle-history"><br></div><div class="battle-history">Ampersand used <strong>Hex</strong>!<br></div><div class="battle-history"><small>It's super effective!</small><br></div><div class="battle-history"><small>(The opposing Private Eyes lost <abbr title="−24/48 pixels">48.0–52.0%</abbr> of its health!)</small><br></div><div class="spacer battle-history"><br></div><div class="battle-history">Bespin used <strong>Fire Blast</strong>!<br></div><div class="battle-history"><small>(The opposing Private Eyes lost <abbr title="−4/48 pixels">8.3–10.3%</abbr> of its health!)</small><br></div><div class="spacer battle-history"><br></div><div class="battle-history">The opposing Private Eyes fainted!<br></div><div class="spacer battle-history"><br></div><div class="battle-history"><strong>inkbug1</strong> won the battle!<br></div><div class="chat chatmessage-h2opulse"><strong style="color:#6e8c2b"><small> </small><span class="username" data-name="H2OPulse">H2OPulse</span>:</strong> <em><i>holy heck ink!!! go off!!!</i></em></div><div class="chat chatmessage-mundobita"><strong style="color:#0eaa9d"><small>☆</small><span class="username" data-name="mundo bita">mundo bita</span>:</strong> <em>Ggwp</em></div><div class="chat chatmessage-h2opulse"><strong style="color:#6e8c2b"><small> </small><span class="username" data-name="H2OPulse">H2OPulse</span>:</strong> <em>Good game both!!! OOO:</em></div><div class="chat chatmessage-inkbug1 mine"><strong style="color:#e46e0f"><small>☆</small><span class="username" data-name="inkbug1">inkbug1</span>:</strong> <em>ah !!!! </em></div><div class="chat chatmessage-inkbug1 mine"><strong style="color:#e46e0f"><small>☆</small><span class="username" data-name="inkbug1">inkbug1</span>:</strong> <em>gg </em></div><div class="chat chatmessage-stickyfingaa"><strong style="color:#e76311"><small> </small><span class="username" data-name="Sticky Fingaa">Sticky Fingaa</span>:</strong> <em>terei q tomar seu suco, mas pod ficar com um peixe 🐠</em></div><div class="chat chatmessage-mundobita"><strong style="color:#0eaa9d"><small>☆</small><span class="username" data-name="mundo bita">mundo bita</span>:</strong> <em>Pexe</em></div><div class="chat chatmessage-stickyfingaa"><strong style="color:#e76311"><small> </small><span class="username" data-name="Sticky Fingaa">Sticky Fingaa</span>:</strong> <em>gg btw</em></div><div class="chat chatmessage-inkbug1 mine"><strong style="color:#e46e0f"><small>☆</small><span class="username" data-name="inkbug1">inkbug1</span>:</strong> <em>i love the staka and reuniclus combo they cover each other really really well</em></div><div class="chat chatmessage-stickyfingaa"><em><i><strong style="color:#e76311">• <small> </small><span class="username" data-name="Sticky Fingaa">Sticky Fingaa</span></strong> joga o pexe em bita</i></em></div></div><div class="inner-preempt message-log"></div></div></div>
</div>
<script>
let daily = Math.floor(Date.now()/1000/60/60/24);document.write('<script src="https://dragonheaven.herokuapp.com/js/replay-embed.js?version'+daily+'"></'+'script>');
</script>
