<!DOCTYPE html>
<meta charset="utf-8" />
<!-- version 1 -->
<title>[Gen 8] Megas for All replay: Hematemesis vs. H2OPulse</title>
<style>
html,body {font-family:Verdana, sans-serif;font-size:10pt;margin:0;padding:0;}body{padding:12px 0;} .battle-log {font-family:Verdana, sans-serif;font-size:10pt;} .battle-log-inline {border:1px solid #AAAAAA;background:#EEF2F5;color:black;max-width:640px;margin:0 auto 80px;padding-bottom:5px;} .battle-log .inner {padding:4px 8px 0px 8px;} .battle-log .inner-preempt {padding:0 8px 4px 8px;} .battle-log .inner-after {margin-top:0.5em;} .battle-log h2 {margin:0.5em -8px;padding:4px 8px;border:1px solid #AAAAAA;background:#E0E7EA;border-left:0;border-right:0;font-family:Verdana, sans-serif;font-size:13pt;} .battle-log .chat {vertical-align:middle;padding:3px 0 3px 0;font-size:8pt;} .battle-log .chat strong {color:#40576A;} .battle-log .chat em {padding:1px 4px 1px 3px;color:#000000;font-style:normal;} .chat.mine {background:rgba(0,0,0,0.05);margin-left:-8px;margin-right:-8px;padding-left:8px;padding-right:8px;} .spoiler {color:#BBBBBB;background:#BBBBBB;padding:0px 3px;} .spoiler:hover, .spoiler:active, .spoiler-shown {color:#000000;background:#E2E2E2;padding:0px 3px;} .spoiler a {color:#BBBBBB;} .spoiler:hover a, .spoiler:active a, .spoiler-shown a {color:#2288CC;} .chat code, .chat .spoiler:hover code, .chat .spoiler:active code, .chat .spoiler-shown code {border:1px solid #C0C0C0;background:#EEEEEE;color:black;padding:0 2px;} .chat .spoiler code {border:1px solid #CCCCCC;background:#CCCCCC;color:#CCCCCC;} .battle-log .rated {padding:3px 4px;} .battle-log .rated strong {color:white;background:#89A;padding:1px 4px;border-radius:4px;} .spacer {margin-top:0.5em;} .message-announce {background:#6688AA;color:white;padding:1px 4px 2px;} .message-announce a, .broadcast-green a, .broadcast-blue a, .broadcast-red a {color:#DDEEFF;} .broadcast-green {background-color:#559955;color:white;padding:2px 4px;} .broadcast-blue {background-color:#6688AA;color:white;padding:2px 4px;} .infobox {border:1px solid #6688AA;padding:2px 4px;} .infobox-limited {max-height:200px;overflow:auto;overflow-x:hidden;} .broadcast-red {background-color:#AA5544;color:white;padding:2px 4px;} .message-learn-canlearn {font-weight:bold;color:#228822;text-decoration:underline;} .message-learn-cannotlearn {font-weight:bold;color:#CC2222;text-decoration:underline;} .message-effect-weak {font-weight:bold;color:#CC2222;} .message-effect-resist {font-weight:bold;color:#6688AA;} .message-effect-immune {font-weight:bold;color:#666666;} .message-learn-list {margin-top:0;margin-bottom:0;} .message-throttle-notice, .message-error {color:#992222;} .message-overflow, .chat small.message-overflow {font-size:0pt;} .message-overflow::before {font-size:9pt;content:'...';} .subtle {color:#3A4A66;}
</style>
<div class="wrapper replay-wrapper" style="max-width:1180px;margin:0 auto">
<input type="hidden" name="replayid" value="dragonheaven-gen8megasforall-336" />
<div class="battle"></div><div class="battle-log"></div><div class="replay-controls"></div><div class="replay-controls-2"></div>
<h1 style="font-weight:normal;text-align:center"><strong>[Gen 8] Megas for All</strong><br /><a href="http://pokemonshowdown.com/users/hematemesis" class="subtle" target="_blank">Hematemesis</a> vs. <a href="http://pokemonshowdown.com/users/h2opulse" class="subtle" target="_blank">H2OPulse</a></h1>
<script type="text/plain" class="battle-log-data">|j|☆Hematemesis
|j|☆H2OPulse
|t:|1608441524
|player|p1|Hematemesis|shauntal|
|player|p2|H2OPulse|aetherfoundation|
|teamsize|p1|6
|teamsize|p2|6
|gametype|singles
|gen|8
|tier|[Gen 8] Megas for All
|clearpoke
|poke|p1|Gourgeist-*, F|
|poke|p1|Magearna|
|poke|p1|Blissey, F|
|poke|p1|Slowbro, F|
|poke|p1|Landorus-Therian, M|
|poke|p1|Kyurem|
|poke|p2|Slowking, M|
|poke|p2|Cobalion|
|poke|p2|Muk-Alola, F|
|poke|p2|Hoopa-Unbound|
|poke|p2|Salamence, F|
|poke|p2|Rotom-Heat|
|rule|HP Percentage Mod: HP is shown in percentages
|rule|Endless Battle Clause: Forcing endless battles is banned
|rule|OHKO Clause: OHKO moves are banned
|rule|Evasion Moves Clause: Evasion moves are banned
|rule|Species Clause: Limit one of each Pokémon
|rule|Dynamax Clause: You cannot dynamax
|rule|Sleep Clause Mod: Limit one foe put to sleep
|rule|Freeze Clause Mod: Limit one foe frozen
|teampreview
|j| inkbug1
|c| inkbug1|ooh oh dear
|c|☆H2OPulse|Good luck and have fun!!
|c|☆H2OPulse|OH neat!!!
|j| BotwNerd745
|c| inkbug1|man mfa is so funny i kinda love seeing random generally unviable pokemon on really professional looking teams
|c|☆Hematemesis|gl
|c|☆Hematemesis|I've played against this team before it's very threatening
|c|☆Hematemesis|I do not like Alolan Muk >:(
|l|☆H2OPulse
|player|p2|
|
|t:|1608441594
|start
|switch|p1a: Gourgeist|Gourgeist-Large, F|100\/100
|switch|p2a: Moss Rose|Slowking, M|100\/100
|-item|p2a: Moss Rose|Slowkinite|[from] ability: Frisk|[of] p1a: Gourgeist|[identify]
|turn|1
|j|☆H2OPulse
|player|p2|H2OPulse|aetherfoundation
|c| inkbug1|ooh large 
|c|☆H2OPulse|AH sorry connection
|c| inkbug1|mk
|
|t:|1608441624
|switch|p2a: Malacothrix|Hoopa-Unbound|100\/100
|detailschange|p1a: Gourgeist|Gourgeist-Large-Mega, F
|-mega|p1a: Gourgeist|Gourgeist|Gourgeite
|raw|<ul class="utilichart"><li class="result"><span class="col pokemonnamecol" style="white-space: nowrap">Gourgeist-Large-Mega<\/span> <span class="col typecol"><img src="https:\/\/play.pokemonshowdown.com\/sprites\/types\/Ghost.png" alt="Ghost" height="14" width="32"><img src="https:\/\/play.pokemonshowdown.com\/sprites\/types\/Grass.png" alt="Grass" height="14" width="32"><\/span> <span style="float: left ; min-height: 26px"><span class="col abilitycol">Flash Fire<\/span><span class="col abilitycol"><\/span><\/span><span style="float: left ; min-height: 26px"><span class="col statcol"><em>HP<\/em><br>75<\/span> <span class="col statcol"><em>Atk<\/em><br>100<\/span> <span class="col statcol"><em>Def<\/em><br>125<\/span> <span class="col statcol"><em>SpA<\/em><br>100<\/span> <span class="col statcol"><em>SpD<\/em><br>125<\/span> <span class="col statcol"><em>Spe<\/em><br>69<\/span> <\/span><\/li><li style="clear: both"><\/li><\/ul>
|move|p1a: Gourgeist|Parting Shot|p2a: Malacothrix
|-unboost|p2a: Malacothrix|atk|1
|-unboost|p2a: Malacothrix|spa|1
|
|t:|1608441633
|switch|p1a: Landorus|Landorus-Therian, M|100\/100|[from]move: Parting Shot
|-ability|p1a: Landorus|Intimidate|boost
|-unboost|p2a: Malacothrix|atk|1
|
|upkeep
|turn|2
|
|t:|1608441651
|switch|p2a: Moss Rose|Slowking, M|100\/100
|move|p1a: Landorus|U-turn|p2a: Moss Rose
|-supereffective|p2a: Moss Rose
|-damage|p2a: Moss Rose|60\/100
|
|t:|1608441656
|switch|p1a: Gourgeist|Gourgeist-Large-Mega, F|100\/100|[from]move: U-turn
|
|upkeep
|turn|3
|
|t:|1608441667
|switch|p2a: Hydrangea|Muk-Alola, F|100\/100
|move|p1a: Gourgeist|Power Whip|p2a: Hydrangea
|-resisted|p2a: Hydrangea
|-damage|p2a: Hydrangea|64\/100
|
|upkeep
|turn|4
|
|t:|1608441678
|-activate|p1a: Gourgeist|move: Pursuit
|move|p2a: Hydrangea|Pursuit|p1a: Gourgeist|[from]Pursuit
|-supereffective|p1a: Gourgeist
|-damage|p1a: Gourgeist|39\/100
|switch|p1a: Magearna|Magearna|100\/100
|
|upkeep
|turn|5
|
|t:|1608441689
|switch|p2a: Wheat|Rotom-Heat|100\/100
|move|p1a: Magearna|Shift Gear|p1a: Magearna
|-boost|p1a: Magearna|spe|2
|-boost|p1a: Magearna|atk|1
|
|upkeep
|turn|6
|
|t:|1608441693
|switch|p1a: Gourgeist|Gourgeist-Large-Mega, F|39\/100
|move|p2a: Wheat|Overheat|p1a: Gourgeist
|-start|p1a: Gourgeist|ability: Flash Fire
|
|upkeep
|turn|7
|c|☆H2OPulse|Ohhhh right I forgot
|
|t:|1608441702
|move|p2a: Wheat|Volt Switch|p1a: Gourgeist
|-resisted|p1a: Gourgeist
|-damage|p1a: Gourgeist|28\/100
|
|t:|1608441708
|switch|p2a: Hydrangea|Muk-Alola, F|64\/100|[from]move: Volt Switch
|move|p1a: Gourgeist|Strength Sap|p2a: Hydrangea
|-unboost|p2a: Hydrangea|atk|1
|-heal|p1a: Gourgeist|100\/100
|
|upkeep
|turn|8
|
|t:|1608441719
|move|p1a: Gourgeist|Parting Shot|p2a: Hydrangea
|-unboost|p2a: Hydrangea|atk|1
|-unboost|p2a: Hydrangea|spa|1
|
|t:|1608441721
|-end|p1a: Gourgeist|ability: Flash Fire|[silent]
|switch|p1a: Landorus|Landorus-Therian, M|100\/100|[from]move: Parting Shot
|-ability|p1a: Landorus|Intimidate|boost
|-unboost|p2a: Hydrangea|atk|1
|move|p2a: Hydrangea|Knock Off|p1a: Landorus
|-damage|p1a: Landorus|78\/100
|-enditem|p1a: Landorus|Choice Scarf|[from] move: Knock Off|[of] p2a: Hydrangea
|
|upkeep
|turn|9
|
|t:|1608441735
|switch|p2a: Delph|Cobalion|100\/100
|move|p1a: Landorus|U-turn|p2a: Delph
|-resisted|p2a: Delph
|-damage|p2a: Delph|95\/100
|-damage|p1a: Landorus|61\/100|[from] item: Rocky Helmet|[of] p2a: Delph
|
|t:|1608441741
|switch|p1a: Slowbro|Slowbro, F|100\/100|[from]move: U-turn
|
|upkeep
|turn|10
|
|t:|1608441751
|move|p2a: Delph|Stealth Rock|p1a: Slowbro
|-sidestart|p1: Hematemesis|move: Stealth Rock
|move|p1a: Slowbro|Future Sight|p2a: Delph
|-start|p1a: Slowbro|move: Future Sight
|
|upkeep
|turn|11
|
|t:|1608441761
|move|p2a: Delph|Volt Switch|p1a: Slowbro
|-supereffective|p1a: Slowbro
|-damage|p1a: Slowbro|71\/100
|
|t:|1608441769
|switch|p2a: Moss Rose|Slowking, M|93\/100|[from]move: Volt Switch
|move|p1a: Slowbro|Scald|p2a: Moss Rose
|-resisted|p2a: Moss Rose
|-damage|p2a: Moss Rose|82\/100
|
|upkeep
|turn|12
|
|t:|1608441808
|move|p2a: Moss Rose|Slack Off|p2a: Moss Rose
|-heal|p2a: Moss Rose|100\/100
|move|p1a: Slowbro|Teleport|p1a: Slowbro
|
|t:|1608441823
|switch|p1a: Kyurem|Kyurem|100\/100|[from]move: Teleport
|-damage|p1a: Kyurem|76\/100|[from] Stealth Rock
|-ability|p1a: Kyurem|Pressure
|
|-end|p2a: Moss Rose|move: Future Sight
|-resisted|p2a: Moss Rose
|-damage|p2a: Moss Rose|83\/100
|upkeep
|turn|13
|
|t:|1608441840
|switch|p2a: Wheat|Rotom-Heat|100\/100
|move|p1a: Kyurem|Freeze-Dry|p2a: Wheat
|-resisted|p2a: Wheat
|-damage|p2a: Wheat|69\/100
|
|upkeep
|turn|14
|
|t:|1608441850
|switch|p1a: Blissey|Blissey, F|100\/100
|-damage|p1a: Blissey|88\/100|[from] Stealth Rock
|move|p2a: Wheat|Overheat|p1a: Blissey
|-damage|p1a: Blissey|72\/100
|-unboost|p2a: Wheat|spa|2
|
|-heal|p1a: Blissey|78\/100|[from] item: Leftovers
|upkeep
|turn|15
|
|t:|1608441857
|move|p2a: Wheat|Volt Switch|p1a: Blissey
|-damage|p1a: Blissey|73\/100
|
|t:|1608441862
|switch|p2a: Delph|Cobalion|95\/100|[from]move: Volt Switch
|move|p1a: Blissey|Wish|p1a: Blissey
|
|-heal|p1a: Blissey|79\/100|[from] item: Leftovers
|upkeep
|turn|16
|
|t:|1608441881
|switch|p1a: Landorus|Landorus-Therian, M|61\/100
|-damage|p1a: Landorus|49\/100|[from] Stealth Rock
|-ability|p1a: Landorus|Intimidate|boost
|-unboost|p2a: Delph|atk|1
|move|p2a: Delph|Close Combat|p1a: Landorus
|-resisted|p1a: Landorus
|-damage|p1a: Landorus|31\/100
|-unboost|p2a: Delph|def|1
|-unboost|p2a: Delph|spd|1
|
|-heal|p1a: Landorus|100\/100|[from] move: Wish|[wisher] Blissey
|upkeep
|turn|17
|
|t:|1608441904
|switch|p2a: Wheat|Rotom-Heat|69\/100
|move|p1a: Landorus|Defog|p2a: Wheat
|-unboost|p2a: Wheat|evasion|1
|-sideend|p1: Hematemesis|Stealth Rock|[from] move: Defog|[of] p1a: Landorus
|
|upkeep
|turn|18
|
|t:|1608441926
|switch|p1a: Blissey|Blissey, F|79\/100
|switch|p2a: Strelitzia|Salamence, F|100\/100
|-ability|p2a: Strelitzia|Intimidate|boost
|-unboost|p1a: Blissey|atk|1
|
|-heal|p1a: Blissey|86\/100|[from] item: Leftovers
|upkeep
|turn|19
|l|☆H2OPulse
|player|p2|
|j|☆H2OPulse
|player|p2|H2OPulse|aetherfoundation
|c|☆H2OPulse|Sorry my house Wi-Fi really hates Showdown
|
|t:|1608441965
|switch|p2a: Malacothrix|Hoopa-Unbound|100\/100
|move|p1a: Blissey|Seismic Toss|p2a: Malacothrix
|-damage|p2a: Malacothrix|68\/100
|
|-heal|p1a: Blissey|92\/100|[from] item: Leftovers
|upkeep
|turn|20
|
|t:|1608441977
|switch|p1a: Landorus|Landorus-Therian, M|100\/100
|-ability|p1a: Landorus|Intimidate|boost
|-unboost|p2a: Malacothrix|atk|1
|move|p2a: Malacothrix|Knock Off|p1a: Landorus
|-damage|p1a: Landorus|53\/100
|
|upkeep
|turn|21
|
|t:|1608441991
|switch|p2a: Strelitzia|Salamence, F|100\/100
|-ability|p2a: Strelitzia|Intimidate|boost
|-unboost|p1a: Landorus|atk|1
|move|p1a: Landorus|U-turn|p2a: Strelitzia
|-resisted|p2a: Strelitzia
|-damage|p2a: Strelitzia|92\/100
|
|t:|1608441997
|switch|p1a: Magearna|Magearna|100\/100|[from]move: U-turn
|
|upkeep
|turn|22
|
|t:|1608442003
|move|p2a: Strelitzia|Fire Blast|p1a: Magearna|[miss]
|-miss|p2a: Strelitzia|p1a: Magearna
|move|p1a: Magearna|Shift Gear|p1a: Magearna
|-boost|p1a: Magearna|spe|2
|-boost|p1a: Magearna|atk|1
|
|upkeep
|turn|23
|c|☆Hematemesis|my b
|
|t:|1608442014
|switch|p2a: Wheat|Rotom-Heat|69\/100
|move|p1a: Magearna|Calm Mind|p1a: Magearna
|-boost|p1a: Magearna|spa|1
|-boost|p1a: Magearna|spd|1
|
|upkeep
|turn|24
|c|☆H2OPulse|No worries!
|
|t:|1608442024
|move|p1a: Magearna|Stored Power|p2a: Wheat
|-damage|p2a: Wheat|0 fnt
|-damage|p1a: Magearna|91\/100|[from] item: Life Orb
|faint|p2a: Wheat
|-ability|p1a: Magearna|Soul-Heart|boost
|-boost|p1a: Magearna|spa|1
|
|upkeep
|
|t:|1608442028
|switch|p2a: Moss Rose|Slowking, M|100\/100
|turn|25
|
|t:|1608442062
|move|p1a: Magearna|Draining Kiss|p2a: Moss Rose
|-damage|p2a: Moss Rose|36\/100
|-heal|p1a: Magearna|100\/100|[from] drain|[of] p2a: Moss Rose
|-damage|p1a: Magearna|91\/100|[from] item: Life Orb
|move|p2a: Moss Rose|Nasty Plot|p2a: Moss Rose
|-boost|p2a: Moss Rose|spa|2
|
|upkeep
|turn|26
|
|t:|1608442070
|detailschange|p2a: Moss Rose|Slowking-Mega, M
|-mega|p2a: Moss Rose|Slowking|Slowkinite
|-activate|p2a: Moss Rose|ability: Counter-Clockwise Spiral|p2a: Moss Rose
|-fieldstart|move: Trick Room|[of] p2a: Moss Rose
|raw|<ul class="utilichart"><li class="result"><span class="col pokemonnamecol" style="white-space: nowrap">Slowking-Mega<\/span> <span class="col typecol"><img src="https:\/\/play.pokemonshowdown.com\/sprites\/types\/Water.png" alt="Water" height="14" width="32"><img src="https:\/\/play.pokemonshowdown.com\/sprites\/types\/Psychic.png" alt="Psychic" height="14" width="32"><\/span> <span style="float: left ; min-height: 26px"><span class="col abilitycol">Counter-Clockwise Spiral<\/span><span class="col abilitycol"><\/span><\/span><span style="float: left ; min-height: 26px"><span class="col statcol"><em>HP<\/em><br>95<\/span> <span class="col statcol"><em>Atk<\/em><br>75<\/span> <span class="col statcol"><em>Def<\/em><br>80<\/span> <span class="col statcol"><em>SpA<\/em><br>145<\/span> <span class="col statcol"><em>SpD<\/em><br>110<\/span> <span class="col statcol"><em>Spe<\/em><br>85<\/span> <\/span><\/li><li style="clear: both"><\/li><\/ul>
|move|p2a: Moss Rose|Scald|p1a: Magearna
|-damage|p1a: Magearna|35\/100
|move|p1a: Magearna|Draining Kiss|p2a: Moss Rose
|-damage|p2a: Moss Rose|0 fnt
|-heal|p1a: Magearna|70\/100|[from] drain|[of] p2a: Moss Rose
|-damage|p1a: Magearna|60\/100|[from] item: Life Orb
|faint|p2a: Moss Rose
|-ability|p1a: Magearna|Soul-Heart|boost
|-boost|p1a: Magearna|spa|1
|-fieldend|move: Trick Room
|
|upkeep
|c|☆H2OPulse|Hm
|c|☆H2OPulse|Yeah I think I'm gonna lose here :'D
|
|t:|1608442096
|switch|p2a: Delph|Cobalion|95\/100
|turn|27
|
|t:|1608442103
|move|p1a: Magearna|Draining Kiss|p2a: Delph
|-damage|p2a: Delph|0 fnt
|-heal|p1a: Magearna|100\/100|[from] drain|[of] p2a: Delph
|-damage|p1a: Magearna|84\/100|[from] item: Rocky Helmet|[of] p2a: Delph
|-damage|p1a: Magearna|74\/100|[from] item: Life Orb
|faint|p2a: Delph
|-ability|p1a: Magearna|Soul-Heart|boost
|-boost|p1a: Magearna|spa|1
|
|upkeep
|
|t:|1608442117
|switch|p2a: Malacothrix|Hoopa-Unbound|68\/100
|turn|28
|c|☆Hematemesis|dang ggs
|c|☆H2OPulse|Good game!!!
|
|t:|1608442126
|move|p1a: Magearna|Draining Kiss|p2a: Malacothrix
|-supereffective|p2a: Malacothrix
|-damage|p2a: Malacothrix|0 fnt
|-heal|p1a: Magearna|100\/100|[from] drain|[of] p2a: Malacothrix
|-damage|p1a: Magearna|91\/100|[from] item: Life Orb
|faint|p2a: Malacothrix
|-ability|p1a: Magearna|Soul-Heart|boost
|-boost|p1a: Magearna|spa|1
|
|upkeep
|c|☆Hematemesis|sorry for fire blast miss, kinda sucky
|c|☆H2OPulse|Nah, I don't think it would've made a big difference in the end XP
|c|☆Hematemesis|I would I think have been able to recover enough to live the +2 scald, but no way to know
|
|t:|1608442149
|switch|p2a: Hydrangea|Muk-Alola, F|64\/100
|turn|29
|
|t:|1608442156
|move|p1a: Magearna|Draining Kiss|p2a: Hydrangea
|-damage|p2a: Hydrangea|0 fnt
|-heal|p1a: Magearna|100\/100|[from] drain|[of] p2a: Hydrangea
|-damage|p1a: Magearna|91\/100|[from] item: Life Orb
|faint|p2a: Hydrangea
|-ability|p1a: Magearna|Soul-Heart|boost
|-boost|p1a: Magearna|spa|1
|
|upkeep
|
|t:|1608442169
|switch|p2a: Strelitzia|Salamence, F|92\/100
|-ability|p2a: Strelitzia|Intimidate|boost
|-unboost|p1a: Magearna|atk|1
|turn|30
|
|t:|1608442173
|move|p1a: Magearna|Stored Power|p2a: Strelitzia
|-damage|p2a: Strelitzia|0 fnt
|-damage|p1a: Magearna|81\/100|[from] item: Life Orb
|faint|p2a: Strelitzia
|
|win|Hematemesis
|l|☆Hematemesis
|c| BotwNerd745|I have a delibird team too if anyone wants to fight 
|c|☆H2OPulse|Ohhhh I would love to face that!!!
|j|☆Hematemesis
|player|p1|Hematemesis|shauntal
</script>
</div>
<div class="battle-log battle-log-inline"><div class="inner"><div class="battle-options"><div style="padding-top: 3px; padding-right: 3px; text-align: right"><button class="icon button" name="openBattleOptions" title="Options">Battle Options</button></div></div><div class="inner message-log"><div class="chat"><small>☆Hematemesis and ☆H2OPulse joined</small></div><div class=""><small>Format:</small> <br><strong>[Gen 8] Megas for All</strong></div><div class=""><small><em>HP Percentage Mod:</em> HP is shown in percentages</small></div><div class=""><small><em>Endless Battle Clause:</em> Forcing endless battles is banned</small></div><div class=""><small><em>OHKO Clause:</em> OHKO moves are banned</small></div><div class=""><small><em>Evasion Moves Clause:</em> Evasion moves are banned</small></div><div class=""><small><em>Species Clause:</em> Limit one of each Pokémon</small></div><div class=""><small><em>Dynamax Clause:</em> You cannot dynamax</small></div><div class=""><small><em>Sleep Clause Mod:</em> Limit one foe put to sleep</small></div><div class=""><small><em>Freeze Clause Mod:</em> Limit one foe frozen</small></div><div class="chat battle-history"><strong>Hematemesis's team:</strong> <em style="color:#445566;display:block;">Gourgeist-* / Magearna / Blissey / Slowbro / Landorus-Therian / Kyurem</em></div><div class="chat battle-history"><strong>H2OPulse's team:</strong> <em style="color:#445566;display:block;">Slowking / Cobalion / Muk-Alola / Hoopa-Unbound / Salamence / Rotom-Heat</em></div><div class="chat"><small> inkbug1 joined</small></div><div class="chat chatmessage-inkbug1"><strong style="color:#e46e0f"><small> </small><span class="username" data-name="inkbug1">inkbug1</span>:</strong> <em>ooh oh dear</em></div><div class="chat chatmessage-h2opulse"><strong style="color:#6e8c2b"><small>☆</small><span class="username" data-name="H2OPulse">H2OPulse</span>:</strong> <em>Good luck and have fun!!</em></div><div class="chat chatmessage-h2opulse"><strong style="color:#6e8c2b"><small>☆</small><span class="username" data-name="H2OPulse">H2OPulse</span>:</strong> <em>OH neat!!!</em></div><div class="chat"><small> BotwNerd745 joined</small></div><div class="chat chatmessage-inkbug1"><strong style="color:#e46e0f"><small> </small><span class="username" data-name="inkbug1">inkbug1</span>:</strong> <em>man mfa is so funny i kinda love seeing random generally unviable pokemon on really professional looking teams</em></div><div class="chat chatmessage-hematemesis mine"><strong style="color:#9412d5"><small>☆</small><span class="username" data-name="Hematemesis">Hematemesis</span>:</strong> <em>gl</em></div><div class="chat chatmessage-hematemesis mine"><strong style="color:#9412d5"><small>☆</small><span class="username" data-name="Hematemesis">Hematemesis</span>:</strong> <em>I've played against this team before it's very threatening</em></div><div class="chat chatmessage-hematemesis mine"><strong style="color:#9412d5"><small>☆</small><span class="username" data-name="Hematemesis">Hematemesis</span>:</strong> <em>I do not like Alolan Muk &gt;:(</em></div><div class="chat"><small>☆H2OPulse left</small></div><div class="spacer battle-history"><br></div><div class="battle-history">Battle started between Hematemesis and H2OPulse!<br></div><div class="spacer battle-history"><br></div><div class="battle-history">Go! Gourgeist (<strong>Gourgeist-Large</strong>)!<br></div><div class="spacer battle-history"><br></div><div class="battle-history">H2OPulse sent out Moss Rose (<strong>Slowking</strong>)!<br></div><div class="battle-history">[Gourgeist's Frisk]<br><small>Gourgeist frisked the opposing Moss Rose and found its Slowkinite!</small><br></div><div class="spacer battle-history"><br></div><h2 class="battle-history">Turn 1</h2><div class="chat"><small>☆H2OPulse joined</small></div><div class="chat chatmessage-inkbug1"><strong style="color:#e46e0f"><small> </small><span class="username" data-name="inkbug1">inkbug1</span>:</strong> <em>ooh large </em></div><div class="chat chatmessage-h2opulse"><strong style="color:#6e8c2b"><small>☆</small><span class="username" data-name="H2OPulse">H2OPulse</span>:</strong> <em>AH sorry connection</em></div><div class="chat chatmessage-inkbug1"><strong style="color:#e46e0f"><small> </small><span class="username" data-name="inkbug1">inkbug1</span>:</strong> <em>mk</em></div><div class="spacer battle-history"><br></div><div class="battle-history">H2OPulse withdrew Moss Rose!<br></div><div class="battle-history">H2OPulse sent out Malacothrix (<strong>Hoopa-Unbound</strong>)!<br></div><div class="spacer battle-history"><br></div><div class="battle-history"><small>Gourgeist's Gourgeite is reacting to the Key Stone!</small><br>Gourgeist has Mega Evolved into Mega Gourgeist!<br></div><div class="chat"><ul class="utilichart"><li class="result"><span class="col pokemonnamecol" style="white-space: nowrap">Gourgeist-Large-Mega</span> <span class="col typecol"><img src="https://play.pokemonshowdown.com/sprites/types/Ghost.png" alt="Ghost" height="14" width="32"><img src="https://play.pokemonshowdown.com/sprites/types/Grass.png" alt="Grass" height="14" width="32"></span> <span style="float: left ; min-height: 26px"><span class="col abilitycol">Flash Fire</span><span class="col abilitycol"></span></span><span style="float: left ; min-height: 26px"><span class="col statcol"><em>HP</em><br>75</span> <span class="col statcol"><em>Atk</em><br>100</span> <span class="col statcol"><em>Def</em><br>125</span> <span class="col statcol"><em>SpA</em><br>100</span> <span class="col statcol"><em>SpD</em><br>125</span> <span class="col statcol"><em>Spe</em><br>69</span> </span></li><li style="clear: both"></li></ul></div><div class="spacer battle-history"><br></div><div class="battle-history">Gourgeist used <strong>Parting Shot</strong>!<br></div><div class="battle-history"><small>The opposing Malacothrix's Attack fell!</small><br></div><div class="battle-history"><small>The opposing Malacothrix's Sp. Atk fell!</small><br></div><div class="spacer battle-history"><br></div><div class="battle-history">Gourgeist, come back!<br></div><div class="battle-history">Go! Landorus (<strong>Landorus-Therian</strong>)!<br></div><div class="battle-history">[Landorus's Intimidate]<br></div><div class="battle-history"><small>The opposing Malacothrix's Attack fell!</small><br></div><div class="spacer battle-history"><br></div><h2 class="battle-history">Turn 2</h2><div class="spacer battle-history"><br></div><div class="battle-history">H2OPulse withdrew Malacothrix!<br></div><div class="battle-history">H2OPulse sent out Moss Rose (<strong>Slowking</strong>)!<br></div><div class="spacer battle-history"><br></div><div class="battle-history">Landorus used <strong>U-turn</strong>!<br></div><div class="battle-history"><small>It's super effective!</small><br></div><div class="battle-history"><small>(The opposing Moss Rose lost 40% of its health!)</small><br></div><div class="spacer battle-history"><br></div><div class="battle-history">Landorus went back to Hematemesis!<br></div><div class="battle-history">Go! Gourgeist (<strong>Gourgeist-Large-Mega</strong>)!<br></div><div class="spacer battle-history"><br></div><h2 class="battle-history">Turn 3</h2><div class="spacer battle-history"><br></div><div class="battle-history">H2OPulse withdrew Moss Rose!<br></div><div class="battle-history">H2OPulse sent out Hydrangea (<strong>Muk-Alola</strong>)!<br></div><div class="spacer battle-history"><br></div><div class="battle-history">Gourgeist used <strong>Power Whip</strong>!<br></div><div class="battle-history"><small>It's not very effective...</small><br></div><div class="battle-history"><small>(The opposing Hydrangea lost 36% of its health!)</small><br></div><div class="spacer battle-history"><br></div><h2 class="battle-history">Turn 4</h2><div class="spacer battle-history"><br></div><div class="battle-history"><small>(Gourgeist is being withdrawn...)</small><br></div><div class="spacer battle-history"><br></div><div class="battle-history">The opposing Hydrangea used <strong>Pursuit</strong>!<br></div><div class="battle-history"><small>It's super effective!</small><br></div><div class="battle-history"><small>(Gourgeist lost 61% of its health!)</small><br></div><div class="spacer battle-history"><br></div><div class="battle-history">Gourgeist, come back!<br></div><div class="battle-history">Go! <strong>Magearna</strong>!<br></div><div class="spacer battle-history"><br></div><h2 class="battle-history">Turn 5</h2><div class="spacer battle-history"><br></div><div class="battle-history">H2OPulse withdrew Hydrangea!<br></div><div class="battle-history">H2OPulse sent out Wheat (<strong>Rotom-Heat</strong>)!<br></div><div class="spacer battle-history"><br></div><div class="battle-history">Magearna used <strong>Shift Gear</strong>!<br></div><div class="battle-history"><small>Magearna's Speed rose sharply!</small><br></div><div class="battle-history"><small>Magearna's Attack rose!</small><br></div><div class="spacer battle-history"><br></div><h2 class="battle-history">Turn 6</h2><div class="spacer battle-history"><br></div><div class="battle-history">Magearna, come back!<br></div><div class="battle-history">Go! Gourgeist (<strong>Gourgeist-Large-Mega</strong>)!<br></div><div class="spacer battle-history"><br></div><div class="battle-history">The opposing Wheat used <strong>Overheat</strong>!<br></div><div class="battle-history">[Gourgeist's Flash Fire]<br><small>The power of Gourgeist's Fire-type moves rose!</small><br></div><div class="spacer battle-history"><br></div><h2 class="battle-history">Turn 7</h2><div class="chat chatmessage-h2opulse"><strong style="color:#6e8c2b"><small>☆</small><span class="username" data-name="H2OPulse">H2OPulse</span>:</strong> <em>Ohhhh right I forgot</em></div><div class="spacer battle-history"><br></div><div class="battle-history">The opposing Wheat used <strong>Volt Switch</strong>!<br></div><div class="battle-history"><small>It's not very effective...</small><br></div><div class="battle-history"><small>(Gourgeist lost 11% of its health!)</small><br></div><div class="spacer battle-history"><br></div><div class="battle-history">The opposing Wheat went back to H2OPulse!<br></div><div class="battle-history">H2OPulse sent out Hydrangea (<strong>Muk-Alola</strong>)!<br></div><div class="spacer battle-history"><br></div><div class="battle-history">Gourgeist used <strong>Strength Sap</strong>!<br></div><div class="battle-history"><small>The opposing Hydrangea's Attack fell!</small><br></div><div class="battle-history"><small>Gourgeist had its HP restored.</small><br></div><div class="spacer battle-history"><br></div><h2 class="battle-history">Turn 8</h2><div class="spacer battle-history"><br></div><div class="battle-history">Gourgeist used <strong>Parting Shot</strong>!<br></div><div class="battle-history"><small>The opposing Hydrangea's Attack fell!</small><br></div><div class="battle-history"><small>The opposing Hydrangea's Sp. Atk fell!</small><br></div><div class="spacer battle-history"><br></div><div class="battle-history">Gourgeist, come back!<br></div><div class="battle-history">Go! Landorus (<strong>Landorus-Therian</strong>)!<br></div><div class="battle-history">[Landorus's Intimidate]<br></div><div class="battle-history"><small>The opposing Hydrangea's Attack fell!</small><br></div><div class="spacer battle-history"><br></div><div class="battle-history">The opposing Hydrangea used <strong>Knock Off</strong>!<br></div><div class="battle-history"><small>(Landorus lost 22% of its health!)</small><br></div><div class="battle-history"><small>The opposing Hydrangea knocked off Landorus's Choice Scarf!</small><br></div><div class="spacer battle-history"><br></div><h2 class="battle-history">Turn 9</h2><div class="spacer battle-history"><br></div><div class="battle-history">H2OPulse withdrew Hydrangea!<br></div><div class="battle-history">H2OPulse sent out Delph (<strong>Cobalion</strong>)!<br></div><div class="spacer battle-history"><br></div><div class="battle-history">Landorus used <strong>U-turn</strong>!<br></div><div class="battle-history"><small>It's not very effective...</small><br></div><div class="battle-history"><small>(The opposing Delph lost 5% of its health!)</small><br></div><div class="battle-history"><small>Landorus was hurt by the Rocky Helmet!</small><br></div><div class="spacer battle-history"><br></div><div class="battle-history">Landorus went back to Hematemesis!<br></div><div class="battle-history">Go! <strong>Slowbro</strong>!<br></div><div class="spacer battle-history"><br></div><h2 class="battle-history">Turn 10</h2><div class="spacer battle-history"><br></div><div class="battle-history">The opposing Delph used <strong>Stealth Rock</strong>!<br></div><div class="battle-history"><small>Pointed stones float in the air around your team!</small><br></div><div class="spacer battle-history"><br></div><div class="battle-history">Slowbro used <strong>Future Sight</strong>!<br></div><div class="battle-history"><small>Slowbro foresaw an attack!</small><br></div><div class="spacer battle-history"><br></div><h2 class="battle-history">Turn 11</h2><div class="spacer battle-history"><br></div><div class="battle-history">The opposing Delph used <strong>Volt Switch</strong>!<br></div><div class="battle-history"><small>It's super effective!</small><br></div><div class="battle-history"><small>(Slowbro lost 29% of its health!)</small><br></div><div class="spacer battle-history"><br></div><div class="battle-history">The opposing Delph went back to H2OPulse!<br></div><div class="battle-history">H2OPulse sent out Moss Rose (<strong>Slowking</strong>)!<br></div><div class="spacer battle-history"><br></div><div class="battle-history">Slowbro used <strong>Scald</strong>!<br></div><div class="battle-history"><small>It's not very effective...</small><br></div><div class="battle-history"><small>(The opposing Moss Rose lost 11% of its health!)</small><br></div><div class="spacer battle-history"><br></div><h2 class="battle-history">Turn 12</h2><div class="spacer battle-history"><br></div><div class="battle-history">The opposing Moss Rose used <strong>Slack Off</strong>!<br></div><div class="battle-history"><small>The opposing Moss Rose had its HP restored.</small><br></div><div class="spacer battle-history"><br></div><div class="battle-history">Slowbro used <strong>Teleport</strong>!<br></div><div class="spacer battle-history"><br></div><div class="battle-history">Slowbro, come back!<br></div><div class="battle-history">Go! <strong>Kyurem</strong>!<br></div><div class="battle-history"><small>Pointed stones dug into Kyurem!</small><br></div><div class="battle-history">[Kyurem's Pressure]<br><small>Kyurem is exerting its pressure!</small><br></div><div class="spacer battle-history"><br></div><div class="battle-history"><small>The opposing Moss Rose took the Future Sight attack!</small><br></div><div class="battle-history"><small>It's not very effective...</small><br></div><div class="battle-history"><small>(The opposing Moss Rose lost 17% of its health!)</small><br></div><div class="spacer battle-history"><br></div><h2 class="battle-history">Turn 13</h2><div class="spacer battle-history"><br></div><div class="battle-history">H2OPulse withdrew Moss Rose!<br></div><div class="battle-history">H2OPulse sent out Wheat (<strong>Rotom-Heat</strong>)!<br></div><div class="spacer battle-history"><br></div><div class="battle-history">Kyurem used <strong>Freeze-Dry</strong>!<br></div><div class="battle-history"><small>It's not very effective...</small><br></div><div class="battle-history"><small>(The opposing Wheat lost 31% of its health!)</small><br></div><div class="spacer battle-history"><br></div><h2 class="battle-history">Turn 14</h2><div class="spacer battle-history"><br></div><div class="battle-history">Kyurem, come back!<br></div><div class="battle-history">Go! <strong>Blissey</strong>!<br></div><div class="battle-history"><small>Pointed stones dug into Blissey!</small><br></div><div class="spacer battle-history"><br></div><div class="battle-history">The opposing Wheat used <strong>Overheat</strong>!<br></div><div class="battle-history"><small>(Blissey lost 16% of its health!)</small><br></div><div class="battle-history"><small>The opposing Wheat's Sp. Atk fell harshly!</small><br></div><div class="spacer battle-history"><br></div><div class="battle-history"><small>Blissey restored a little HP using its Leftovers!</small><br></div><div class="spacer battle-history"><br></div><h2 class="battle-history">Turn 15</h2><div class="spacer battle-history"><br></div><div class="battle-history">The opposing Wheat used <strong>Volt Switch</strong>!<br></div><div class="battle-history"><small>(Blissey lost 5% of its health!)</small><br></div><div class="spacer battle-history"><br></div><div class="battle-history">The opposing Wheat went back to H2OPulse!<br></div><div class="battle-history">H2OPulse sent out Delph (<strong>Cobalion</strong>)!<br></div><div class="spacer battle-history"><br></div><div class="battle-history">Blissey used <strong>Wish</strong>!<br></div><div class="spacer battle-history"><br></div><div class="battle-history"><small>Blissey restored a little HP using its Leftovers!</small><br></div><div class="spacer battle-history"><br></div><h2 class="battle-history">Turn 16</h2><div class="spacer battle-history"><br></div><div class="battle-history">Blissey, come back!<br></div><div class="battle-history">Go! Landorus (<strong>Landorus-Therian</strong>)!<br></div><div class="battle-history"><small>Pointed stones dug into Landorus!</small><br></div><div class="battle-history">[Landorus's Intimidate]<br></div><div class="battle-history"><small>The opposing Delph's Attack fell!</small><br></div><div class="spacer battle-history"><br></div><div class="battle-history">The opposing Delph used <strong>Close Combat</strong>!<br></div><div class="battle-history"><small>It's not very effective...</small><br></div><div class="battle-history"><small>(Landorus lost 18% of its health!)</small><br></div><div class="battle-history"><small>The opposing Delph's Defense fell!</small><br></div><div class="battle-history"><small>The opposing Delph's Sp. Def fell!</small><br></div><div class="spacer battle-history"><br></div><div class="battle-history"><small>Blissey's wish came true!</small><br></div><div class="spacer battle-history"><br></div><h2 class="battle-history">Turn 17</h2><div class="spacer battle-history"><br></div><div class="battle-history">H2OPulse withdrew Delph!<br></div><div class="battle-history">H2OPulse sent out Wheat (<strong>Rotom-Heat</strong>)!<br></div><div class="spacer battle-history"><br></div><div class="battle-history">Landorus used <strong>Defog</strong>!<br></div><div class="battle-history"><small>The opposing Wheat's evasiveness fell!</small><br></div><div class="battle-history"><small>The pointed stones disappeared from around your team!</small><br></div><div class="spacer battle-history"><br></div><h2 class="battle-history">Turn 18</h2><div class="spacer battle-history"><br></div><div class="battle-history">Landorus, come back!<br></div><div class="battle-history">Go! <strong>Blissey</strong>!<br></div><div class="spacer battle-history"><br></div><div class="battle-history">H2OPulse withdrew Wheat!<br></div><div class="battle-history">H2OPulse sent out Strelitzia (<strong>Salamence</strong>)!<br></div><div class="battle-history">[The opposing Strelitzia's Intimidate]<br></div><div class="battle-history"><small>Blissey's Attack fell!</small><br></div><div class="spacer battle-history"><br></div><div class="battle-history"><small>Blissey restored a little HP using its Leftovers!</small><br></div><div class="spacer battle-history"><br></div><h2 class="battle-history">Turn 19</h2><div class="chat"><small>☆H2OPulse left</small></div><div class="chat"><small>☆H2OPulse joined</small></div><div class="chat chatmessage-h2opulse"><strong style="color:#6e8c2b"><small>☆</small><span class="username" data-name="H2OPulse">H2OPulse</span>:</strong> <em>Sorry my house Wi-Fi really hates Showdown</em></div><div class="spacer battle-history"><br></div><div class="battle-history">H2OPulse withdrew Strelitzia!<br></div><div class="battle-history">H2OPulse sent out Malacothrix (<strong>Hoopa-Unbound</strong>)!<br></div><div class="spacer battle-history"><br></div><div class="battle-history">Blissey used <strong>Seismic Toss</strong>!<br></div><div class="battle-history"><small>(The opposing Malacothrix lost 32% of its health!)</small><br></div><div class="spacer battle-history"><br></div><div class="battle-history"><small>Blissey restored a little HP using its Leftovers!</small><br></div><div class="spacer battle-history"><br></div><h2 class="battle-history">Turn 20</h2><div class="spacer battle-history"><br></div><div class="battle-history">Blissey, come back!<br></div><div class="battle-history">Go! Landorus (<strong>Landorus-Therian</strong>)!<br></div><div class="battle-history">[Landorus's Intimidate]<br></div><div class="battle-history"><small>The opposing Malacothrix's Attack fell!</small><br></div><div class="spacer battle-history"><br></div><div class="battle-history">The opposing Malacothrix used <strong>Knock Off</strong>!<br></div><div class="battle-history"><small>(Landorus lost 47% of its health!)</small><br></div><div class="spacer battle-history"><br></div><h2 class="battle-history">Turn 21</h2><div class="spacer battle-history"><br></div><div class="battle-history">H2OPulse withdrew Malacothrix!<br></div><div class="battle-history">H2OPulse sent out Strelitzia (<strong>Salamence</strong>)!<br></div><div class="battle-history">[The opposing Strelitzia's Intimidate]<br></div><div class="battle-history"><small>Landorus's Attack fell!</small><br></div><div class="spacer battle-history"><br></div><div class="battle-history">Landorus used <strong>U-turn</strong>!<br></div><div class="battle-history"><small>It's not very effective...</small><br></div><div class="battle-history"><small>(The opposing Strelitzia lost 8% of its health!)</small><br></div><div class="spacer battle-history"><br></div><div class="battle-history">Landorus went back to Hematemesis!<br></div><div class="battle-history">Go! <strong>Magearna</strong>!<br></div><div class="spacer battle-history"><br></div><h2 class="battle-history">Turn 22</h2><div class="spacer battle-history"><br></div><div class="battle-history">The opposing Strelitzia used <strong>Fire Blast</strong>!<br></div><div class="battle-history"><small>Magearna avoided the attack!</small><br></div><div class="spacer battle-history"><br></div><div class="battle-history">Magearna used <strong>Shift Gear</strong>!<br></div><div class="battle-history"><small>Magearna's Speed rose sharply!</small><br></div><div class="battle-history"><small>Magearna's Attack rose!</small><br></div><div class="spacer battle-history"><br></div><h2 class="battle-history">Turn 23</h2><div class="chat chatmessage-hematemesis mine"><strong style="color:#9412d5"><small>☆</small><span class="username" data-name="Hematemesis">Hematemesis</span>:</strong> <em>my b</em></div><div class="spacer battle-history"><br></div><div class="battle-history">H2OPulse withdrew Strelitzia!<br></div><div class="battle-history">H2OPulse sent out Wheat (<strong>Rotom-Heat</strong>)!<br></div><div class="spacer battle-history"><br></div><div class="battle-history">Magearna used <strong>Calm Mind</strong>!<br></div><div class="battle-history"><small>Magearna's Sp. Atk rose!</small><br></div><div class="battle-history"><small>Magearna's Sp. Def rose!</small><br></div><div class="spacer battle-history"><br></div><h2 class="battle-history">Turn 24</h2><div class="chat chatmessage-h2opulse"><strong style="color:#6e8c2b"><small>☆</small><span class="username" data-name="H2OPulse">H2OPulse</span>:</strong> <em>No worries!</em></div><div class="spacer battle-history"><br></div><div class="battle-history">Magearna used <strong>Stored Power</strong>!<br></div><div class="battle-history"><small>(The opposing Wheat lost 69% of its health!)</small><br></div><div class="battle-history"><small>Magearna lost some of its HP!</small><br></div><div class="spacer battle-history"><br></div><div class="battle-history">The opposing Wheat fainted!<br></div><div class="battle-history">[Magearna's Soul-Heart]<br></div><div class="battle-history"><small>Magearna's Sp. Atk rose!</small><br></div><div class="spacer battle-history"><br></div><div class="battle-history">H2OPulse sent out Moss Rose (<strong>Slowking</strong>)!<br></div><div class="spacer battle-history"><br></div><h2 class="battle-history">Turn 25</h2><div class="spacer battle-history"><br></div><div class="battle-history">Magearna used <strong>Draining Kiss</strong>!<br></div><div class="battle-history"><small>(The opposing Moss Rose lost 64% of its health!)</small><br></div><div class="battle-history"><small>The opposing Moss Rose had its energy drained!</small><br></div><div class="battle-history"><small>Magearna lost some of its HP!</small><br></div><div class="spacer battle-history"><br></div><div class="battle-history">The opposing Moss Rose used <strong>Nasty Plot</strong>!<br></div><div class="battle-history"><small>The opposing Moss Rose's Sp. Atk rose sharply!</small><br></div><div class="spacer battle-history"><br></div><h2 class="battle-history">Turn 26</h2><div class="spacer battle-history"><br></div><div class="battle-history"><small>The opposing Moss Rose's Slowkinite is reacting to the Key Stone!</small><br>The opposing Moss Rose has Mega Evolved into Mega Slowking!<br></div><div class="battle-history">[The opposing Moss Rose's Counter-Clockwise Spiral]<br></div><div class="battle-history"><small>The opposing Moss Rose twisted the dimensions!</small><br></div><div class="chat"><ul class="utilichart"><li class="result"><span class="col pokemonnamecol" style="white-space: nowrap">Slowking-Mega</span> <span class="col typecol"><img src="https://play.pokemonshowdown.com/sprites/types/Water.png" alt="Water" height="14" width="32"><img src="https://play.pokemonshowdown.com/sprites/types/Psychic.png" alt="Psychic" height="14" width="32"></span> <span style="float: left ; min-height: 26px"><span class="col abilitycol">Counter-Clockwise Spiral</span><span class="col abilitycol"></span></span><span style="float: left ; min-height: 26px"><span class="col statcol"><em>HP</em><br>95</span> <span class="col statcol"><em>Atk</em><br>75</span> <span class="col statcol"><em>Def</em><br>80</span> <span class="col statcol"><em>SpA</em><br>145</span> <span class="col statcol"><em>SpD</em><br>110</span> <span class="col statcol"><em>Spe</em><br>85</span> </span></li><li style="clear: both"></li></ul></div><div class="spacer battle-history"><br></div><div class="battle-history">The opposing Moss Rose used <strong>Scald</strong>!<br></div><div class="battle-history"><small>(Magearna lost 56% of its health!)</small><br></div><div class="spacer battle-history"><br></div><div class="battle-history">Magearna used <strong>Draining Kiss</strong>!<br></div><div class="battle-history"><small>(The opposing Moss Rose lost 36% of its health!)</small><br></div><div class="battle-history"><small>The opposing Moss Rose had its energy drained!</small><br></div><div class="battle-history"><small>Magearna lost some of its HP!</small><br></div><div class="spacer battle-history"><br></div><div class="battle-history">The opposing Moss Rose fainted!<br></div><div class="battle-history">[Magearna's Soul-Heart]<br></div><div class="battle-history"><small>Magearna's Sp. Atk rose!</small><br></div><div class="battle-history"><small>The twisted dimensions returned to normal!</small><br></div><div class="chat chatmessage-h2opulse"><strong style="color:#6e8c2b"><small>☆</small><span class="username" data-name="H2OPulse">H2OPulse</span>:</strong> <em>Hm</em></div><div class="chat chatmessage-h2opulse"><strong style="color:#6e8c2b"><small>☆</small><span class="username" data-name="H2OPulse">H2OPulse</span>:</strong> <em>Yeah I think I'm gonna lose here :'D</em></div><div class="spacer battle-history"><br></div><div class="battle-history">H2OPulse sent out Delph (<strong>Cobalion</strong>)!<br></div><div class="spacer battle-history"><br></div><h2 class="battle-history">Turn 27</h2><div class="spacer battle-history"><br></div><div class="battle-history">Magearna used <strong>Draining Kiss</strong>!<br></div><div class="battle-history"><small>(The opposing Delph lost 95% of its health!)</small><br></div><div class="battle-history"><small>The opposing Delph had its energy drained!</small><br></div><div class="battle-history"><small>Magearna was hurt by the Rocky Helmet!</small><br></div><div class="battle-history"><small>Magearna lost some of its HP!</small><br></div><div class="spacer battle-history"><br></div><div class="battle-history">The opposing Delph fainted!<br></div><div class="battle-history">[Magearna's Soul-Heart]<br></div><div class="battle-history"><small>Magearna's Sp. Atk rose!</small><br></div><div class="spacer battle-history"><br></div><div class="battle-history">H2OPulse sent out Malacothrix (<strong>Hoopa-Unbound</strong>)!<br></div><div class="spacer battle-history"><br></div><h2 class="battle-history">Turn 28</h2><div class="chat chatmessage-hematemesis mine"><strong style="color:#9412d5"><small>☆</small><span class="username" data-name="Hematemesis">Hematemesis</span>:</strong> <em>dang ggs</em></div><div class="chat chatmessage-h2opulse"><strong style="color:#6e8c2b"><small>☆</small><span class="username" data-name="H2OPulse">H2OPulse</span>:</strong> <em>Good game!!!</em></div><div class="spacer battle-history"><br></div><div class="battle-history">Magearna used <strong>Draining Kiss</strong>!<br></div><div class="battle-history"><small>It's super effective!</small><br></div><div class="battle-history"><small>(The opposing Malacothrix lost 68% of its health!)</small><br></div><div class="battle-history"><small>The opposing Malacothrix had its energy drained!</small><br></div><div class="battle-history"><small>Magearna lost some of its HP!</small><br></div><div class="spacer battle-history"><br></div><div class="battle-history">The opposing Malacothrix fainted!<br></div><div class="battle-history">[Magearna's Soul-Heart]<br></div><div class="battle-history"><small>Magearna's Sp. Atk rose!</small><br></div><div class="chat chatmessage-hematemesis mine"><strong style="color:#9412d5"><small>☆</small><span class="username" data-name="Hematemesis">Hematemesis</span>:</strong> <em>sorry for fire blast miss, kinda sucky</em></div><div class="chat chatmessage-h2opulse"><strong style="color:#6e8c2b"><small>☆</small><span class="username" data-name="H2OPulse">H2OPulse</span>:</strong> <em>Nah, I don't think it would've made a big difference in the end XP</em></div><div class="chat chatmessage-hematemesis mine"><strong style="color:#9412d5"><small>☆</small><span class="username" data-name="Hematemesis">Hematemesis</span>:</strong> <em>I would I think have been able to recover enough to live the +2 scald, but no way to know</em></div><div class="spacer battle-history"><br></div><div class="battle-history">H2OPulse sent out Hydrangea (<strong>Muk-Alola</strong>)!<br></div><div class="spacer battle-history"><br></div><h2 class="battle-history">Turn 29</h2><div class="spacer battle-history"><br></div><div class="battle-history">Magearna used <strong>Draining Kiss</strong>!<br></div><div class="battle-history"><small>(The opposing Hydrangea lost 64% of its health!)</small><br></div><div class="battle-history"><small>The opposing Hydrangea had its energy drained!</small><br></div><div class="battle-history"><small>Magearna lost some of its HP!</small><br></div><div class="spacer battle-history"><br></div><div class="battle-history">The opposing Hydrangea fainted!<br></div><div class="battle-history">[Magearna's Soul-Heart]<br></div><div class="battle-history"><small>Magearna's Sp. Atk rose!</small><br></div><div class="spacer battle-history"><br></div><div class="battle-history">H2OPulse sent out Strelitzia (<strong>Salamence</strong>)!<br></div><div class="battle-history">[The opposing Strelitzia's Intimidate]<br></div><div class="battle-history"><small>Magearna's Attack fell!</small><br></div><div class="spacer battle-history"><br></div><h2 class="battle-history">Turn 30</h2><div class="spacer battle-history"><br></div><div class="battle-history">Magearna used <strong>Stored Power</strong>!<br></div><div class="battle-history"><small>(The opposing Strelitzia lost 92% of its health!)</small><br></div><div class="battle-history"><small>Magearna lost some of its HP!</small><br></div><div class="spacer battle-history"><br></div><div class="battle-history">The opposing Strelitzia fainted!<br></div><div class="spacer battle-history"><br></div><div class="battle-history"><strong>Hematemesis</strong> won the battle!<br></div><div class="chat"><small>☆Hematemesis left</small></div><div class="chat chatmessage-botwnerd745"><strong style="color:#9835de"><small> </small><span class="username" data-name="BotwNerd745">BotwNerd745</span>:</strong> <em>I have a delibird team too if anyone wants to fight </em></div><div class="chat chatmessage-h2opulse"><strong style="color:#6e8c2b"><small>☆</small><span class="username" data-name="H2OPulse">H2OPulse</span>:</strong> <em>Ohhhh I would love to face that!!!</em></div><div class="chat"><small>☆Hematemesis joined</small></div></div><div class="inner-preempt message-log"></div></div></div>
</div>
<script>
let daily = Math.floor(Date.now()/1000/60/60/24);document.write('<script src="https://play.pokemonshowdown.com/js/replay-embed.js?version'+daily+'"></'+'script>');
</script>
