<!DOCTYPE html>
<meta charset="utf-8" />
<!-- version 1 -->
<title>[Gen 8] Megas for All replay: Parcos vs. Bekama</title>
<style>
html,body {font-family:Verdana, sans-serif;font-size:10pt;margin:0;padding:0;}body{padding:12px 0;} .battle-log {font-family:Verdana, sans-serif;font-size:10pt;} .battle-log-inline {border:1px solid #AAAAAA;background:#EEF2F5;color:black;max-width:640px;margin:0 auto 80px;padding-bottom:5px;} .battle-log .inner {padding:4px 8px 0px 8px;} .battle-log .inner-preempt {padding:0 8px 4px 8px;} .battle-log .inner-after {margin-top:0.5em;} .battle-log h2 {margin:0.5em -8px;padding:4px 8px;border:1px solid #AAAAAA;background:#E0E7EA;border-left:0;border-right:0;font-family:Verdana, sans-serif;font-size:13pt;} .battle-log .chat {vertical-align:middle;padding:3px 0 3px 0;font-size:8pt;} .battle-log .chat strong {color:#40576A;} .battle-log .chat em {padding:1px 4px 1px 3px;color:#000000;font-style:normal;} .chat.mine {background:rgba(0,0,0,0.05);margin-left:-8px;margin-right:-8px;padding-left:8px;padding-right:8px;} .spoiler {color:#BBBBBB;background:#BBBBBB;padding:0px 3px;} .spoiler:hover, .spoiler:active, .spoiler-shown {color:#000000;background:#E2E2E2;padding:0px 3px;} .spoiler a {color:#BBBBBB;} .spoiler:hover a, .spoiler:active a, .spoiler-shown a {color:#2288CC;} .chat code, .chat .spoiler:hover code, .chat .spoiler:active code, .chat .spoiler-shown code {border:1px solid #C0C0C0;background:#EEEEEE;color:black;padding:0 2px;} .chat .spoiler code {border:1px solid #CCCCCC;background:#CCCCCC;color:#CCCCCC;} .battle-log .rated {padding:3px 4px;} .battle-log .rated strong {color:white;background:#89A;padding:1px 4px;border-radius:4px;} .spacer {margin-top:0.5em;} .message-announce {background:#6688AA;color:white;padding:1px 4px 2px;} .message-announce a, .broadcast-green a, .broadcast-blue a, .broadcast-red a {color:#DDEEFF;} .broadcast-green {background-color:#559955;color:white;padding:2px 4px;} .broadcast-blue {background-color:#6688AA;color:white;padding:2px 4px;} .infobox {border:1px solid #6688AA;padding:2px 4px;} .infobox-limited {max-height:200px;overflow:auto;overflow-x:hidden;} .broadcast-red {background-color:#AA5544;color:white;padding:2px 4px;} .message-learn-canlearn {font-weight:bold;color:#228822;text-decoration:underline;} .message-learn-cannotlearn {font-weight:bold;color:#CC2222;text-decoration:underline;} .message-effect-weak {font-weight:bold;color:#CC2222;} .message-effect-resist {font-weight:bold;color:#6688AA;} .message-effect-immune {font-weight:bold;color:#666666;} .message-learn-list {margin-top:0;margin-bottom:0;} .message-throttle-notice, .message-error {color:#992222;} .message-overflow, .chat small.message-overflow {font-size:0pt;} .message-overflow::before {font-size:9pt;content:'...';} .subtle {color:#3A4A66;}
</style>
<div class="wrapper replay-wrapper" style="max-width:1180px;margin:0 auto">
<input type="hidden" name="replayid" value="dragonheaven-gen8megasforall-274" />
<div class="battle"></div><div class="battle-log"></div><div class="replay-controls"></div><div class="replay-controls-2"></div>
<h1 style="font-weight:normal;text-align:center"><strong>[Gen 8] Megas for All</strong><br /><a href="http://pokemonshowdown.com/users/parcos" class="subtle" target="_blank">Parcos</a> vs. <a href="http://pokemonshowdown.com/users/bekama" class="subtle" target="_blank">Bekama</a></h1>
<script type="text/plain" class="battle-log-data">|j|☆Parcos
|j|☆Bekama
|t:|1615663401
|player|p1|Parcos|102|
|player|p2|Bekama|buck|
|teamsize|p1|6
|teamsize|p2|6
|gametype|singles
|gen|8
|tier|[Gen 8] Megas for All
|clearpoke
|poke|p1|Cacturne, M|
|poke|p1|Skarmory, M|
|poke|p1|Regieleki|
|poke|p1|Tapu Lele|
|poke|p1|Dhelmise|
|poke|p1|Primarina, F|
|poke|p2|Toxtricity-Low-Key, F|
|poke|p2|Slowbro, F|
|poke|p2|Tapu Lele|
|poke|p2|Ferrothorn, F|
|poke|p2|Volcarona, F|
|poke|p2|Gengar, M|
|rule|HP Percentage Mod: HP is shown in percentages
|rule|Endless Battle Clause: Forcing endless battles is banned
|rule|OHKO Clause: OHKO moves are banned
|rule|Evasion Moves Clause: Evasion moves are banned
|rule|Species Clause: Limit one of each Pokémon
|rule|Dynamax Clause: You cannot dynamax
|rule|Sleep Clause Mod: Limit one foe put to sleep
|rule|Freeze Clause Mod: Limit one foe frozen
|raw|<img src="https:\/\/www.smogon.com\/forums\/attachments\/banner_2-png.302358\/" height="65" width="381">
|-message|Welcome to Megas for All!
|-message|This is a National Dex-based format where we aim to give a new Mega Evolution to every Pokémon.
|-message|Just like any official format, you can still only Mega Evolve one Pokémon per team!
|-message|You can find our thread and metagame resources here:
|-message|https:\/\/www.smogon.com\/forums\/threads\/3671140\/
|teampreview
|c|☆Parcos|gl hf
|c|☆Bekama|u2
|c|☆Parcos|ty
|
|t:|1615663419
|start
|switch|p1a: Tapu Lele|Tapu Lele|100\/100
|switch|p2a: Ferrothorn|Ferrothorn, F|100\/100
|-fieldstart|move: Psychic Terrain|[from] ability: Psychic Surge|[of] p1a: Tapu Lele
|turn|1
|
|t:|1615663440
|switch|p1a: Skarmory|Skarmory, M|100\/100
|move|p2a: Ferrothorn|Stealth Rock|p1a: Skarmory
|-sidestart|p1: Parcos|move: Stealth Rock
|
|upkeep
|turn|2
|
|t:|1615663444
|move|p1a: Skarmory|Stealth Rock|p2a: Ferrothorn
|-sidestart|p2: Bekama|move: Stealth Rock
|move|p2a: Ferrothorn|Knock Off|p1a: Skarmory
|-damage|p1a: Skarmory|88\/100
|-damage|p2a: Ferrothorn|84\/100|[from] item: Rocky Helmet|[of] p1a: Skarmory
|-enditem|p1a: Skarmory|Rocky Helmet|[from] move: Knock Off|[of] p2a: Ferrothorn
|
|upkeep
|turn|3
|j| exploziff
|
|t:|1615663481
|move|p1a: Skarmory|Spikes|p2a: Ferrothorn
|-sidestart|p2: Bekama|Spikes
|move|p2a: Ferrothorn|Spikes|p1a: Skarmory
|-sidestart|p1: Parcos|Spikes
|
|upkeep
|turn|4
|
|t:|1615663495
|move|p1a: Skarmory|Spikes|p2a: Ferrothorn
|-sidestart|p2: Bekama|Spikes
|move|p2a: Ferrothorn|Spikes|p1a: Skarmory
|-sidestart|p1: Parcos|Spikes
|
|upkeep
|turn|5
|
|t:|1615663501
|move|p1a: Skarmory|Spikes|p2a: Ferrothorn
|-sidestart|p2: Bekama|Spikes
|move|p2a: Ferrothorn|Spikes|p1a: Skarmory
|-sidestart|p1: Parcos|Spikes
|
|-fieldend|move: Psychic Terrain
|upkeep
|turn|6
|
|t:|1615663507
|move|p2a: Ferrothorn|Explosion|p1a: Skarmory
|-resisted|p1a: Skarmory
|-damage|p1a: Skarmory|74\/100
|faint|p2a: Ferrothorn
|move|p1a: Skarmory|Whirlwind|p2: Ferrothorn|[notarget]
|-fail|p1a: Skarmory
|
|upkeep
|
|t:|1615663519
|switch|p2a: Volcarona|Volcarona, F, shiny|100\/100
|turn|7
|
|t:|1615663523
|move|p2a: Volcarona|Fiery Dance|p1a: Skarmory
|-supereffective|p1a: Skarmory
|-damage|p1a: Skarmory|0 fnt
|-boost|p2a: Volcarona|spa|1
|faint|p1a: Skarmory
|
|upkeep
|
|t:|1615663532
|switch|p1a: Primarina|Primarina, F|100\/100
|-damage|p1a: Primarina|88\/100|[from] Stealth Rock
|-damage|p1a: Primarina|63\/100|[from] Spikes
|turn|8
|j|+inkbug1

|
|t:|1615663539
|move|p2a: Volcarona|Giga Drain|p1a: Primarina
|-supereffective|p1a: Primarina
|-damage|p1a: Primarina|11\/100
|move|p1a: Primarina|Sparkling Aria|p2a: Volcarona
|-supereffective|p2a: Volcarona
|-damage|p2a: Volcarona|0 fnt
|faint|p2a: Volcarona
|
|upkeep
|
|t:|1615663553
|switch|p2a: Toxtricity|Toxtricity-Low-Key, F, shiny|100\/100
|-damage|p2a: Toxtricity|88\/100|[from] Stealth Rock
|-damage|p2a: Toxtricity|63\/100|[from] Spikes
|turn|9
|
|t:|1615663563
|detailschange|p2a: Toxtricity|Toxtricity-Low-Key-Mega, F, shiny
|-mega|p2a: Toxtricity|Toxtricity|Toxtricitite
|-status|p1a: Primarina|psn|[from] ability: Acid Rock|[of] p2a: Toxtricity
|-start|p2a: Toxtricity|typechange|Electric\/Poison|[silent]
|raw|<ul class="utilichart"><li class="result"><span class="col pokemonnamecol" style="white-space: nowrap">Toxtricity-Low-Key-Mega<\/span> <span class="col typecol"><img src="https:\/\/play.pokemonshowdown.com\/sprites\/types\/Electric.png" alt="Electric" height="14" width="32"><img src="https:\/\/play.pokemonshowdown.com\/sprites\/types\/Poison.png" alt="Poison" height="14" width="32"><\/span> <span style="float: left ; min-height: 26px"><span class="col abilitycol">Acid Rock<\/span><span class="col abilitycol"><\/span><\/span><span style="float: left ; min-height: 26px"><span class="col statcol"><em>HP<\/em><br>75<\/span> <span class="col statcol"><em>Atk<\/em><br>98<\/span> <span class="col statcol"><em>Def<\/em><br>100<\/span> <span class="col statcol"><em>SpA<\/em><br>114<\/span> <span class="col statcol"><em>SpD<\/em><br>140<\/span> <span class="col statcol"><em>Spe<\/em><br>75<\/span> <\/span><\/li><li style="clear: both"><\/li><\/ul>
|move|p2a: Toxtricity|Protect|p2a: Toxtricity
|-singleturn|p2a: Toxtricity|Protect
|move|p1a: Primarina|Sparkling Aria|p2a: Toxtricity
|-activate|p2a: Toxtricity|move: Protect
|
|-damage|p1a: Primarina|0 fnt|[from] psn
|faint|p1a: Primarina
|upkeep
|
|t:|1615663570
|switch|p1a: Regieleki|Regieleki|100\/100
|-damage|p1a: Regieleki|88\/100|[from] Stealth Rock
|-damage|p1a: Regieleki|63\/100|[from] Spikes
|turn|10
|
|t:|1615663580
|move|p1a: Regieleki|Rapid Spin|p2a: Toxtricity
|-damage|p2a: Toxtricity|57\/100
|-boost|p1a: Regieleki|spe|1
|-sideend|p1: Parcos|Spikes|[from] move: Rapid Spin|[of] p1a: Regieleki
|-sideend|p1: Parcos|Stealth Rock|[from] move: Rapid Spin|[of] p1a: Regieleki
|move|p2a: Toxtricity|Slack Off|p2a: Toxtricity
|-heal|p2a: Toxtricity|100\/100
|
|upkeep
|turn|11
|
|t:|1615663589
|move|p2a: Toxtricity|Protect|p2a: Toxtricity
|-singleturn|p2a: Toxtricity|Protect
|move|p1a: Regieleki|Light Screen|p1a: Regieleki
|-sidestart|p1: Parcos|move: Light Screen
|
|upkeep
|turn|12
|
|t:|1615663594
|move|p1a: Regieleki|Volt Switch|p2a: Toxtricity
|-resisted|p2a: Toxtricity
|-damage|p2a: Toxtricity|87\/100
|
|t:|1615663598
|switch|p1a: Tapu Lele|Tapu Lele|100\/100|[from]move: Volt Switch
|-fieldstart|move: Psychic Terrain|[from] ability: Psychic Surge|[of] p1a: Tapu Lele
|move|p2a: Toxtricity|Volt Switch|p1a: Tapu Lele
|-damage|p1a: Tapu Lele|92\/100
|
|t:|1615663616
|switch|p2a: Tapu Lele|Tapu Lele|100\/100|[from]move: Volt Switch
|-damage|p2a: Tapu Lele|88\/100|[from] Stealth Rock
|-damage|p2a: Tapu Lele|63\/100|[from] Spikes
|
|-heal|p1a: Tapu Lele|98\/100|[from] item: Leftovers
|upkeep
|turn|13
|
|t:|1615663624
|move|p2a: Tapu Lele|Moonblast|p1a: Tapu Lele
|-damage|p1a: Tapu Lele|75\/100
|move|p1a: Tapu Lele|Nature's Madness|p2a: Tapu Lele
|-damage|p2a: Tapu Lele|32\/100
|
|-heal|p1a: Tapu Lele|81\/100|[from] item: Leftovers
|upkeep
|turn|14
|
|t:|1615663630
|move|p2a: Tapu Lele|Moonblast|p1a: Tapu Lele
|-damage|p1a: Tapu Lele|57\/100
|move|p1a: Tapu Lele|Future Sight|p2a: Tapu Lele
|-start|p1a: Tapu Lele|move: Future Sight
|
|-heal|p1a: Tapu Lele|63\/100|[from] item: Leftovers
|upkeep
|turn|15
|
|t:|1615663638
|move|p2a: Tapu Lele|Moonblast|p1a: Tapu Lele
|-damage|p1a: Tapu Lele|37\/100
|-unboost|p1a: Tapu Lele|spa|1
|move|p1a: Tapu Lele|Toxic|p2a: Tapu Lele
|-status|p2a: Tapu Lele|tox
|
|-heal|p1a: Tapu Lele|44\/100|[from] item: Leftovers
|-damage|p2a: Tapu Lele|26\/100 tox|[from] psn
|upkeep
|turn|16
|j| Coppersmith
|c| Coppersmith|howdy
|c|☆Bekama|hi
|
|t:|1615663683
|move|p2a: Tapu Lele|Moonblast|p1a: Tapu Lele
|-damage|p1a: Tapu Lele|20\/100
|-unboost|p1a: Tapu Lele|spa|1
|move|p1a: Tapu Lele|Nature's Madness|p2a: Tapu Lele|[miss]
|-miss|p1a: Tapu Lele|p2a: Tapu Lele
|
|-end|p2a: Tapu Lele|move: Future Sight
|-resisted|p2a: Tapu Lele
|-damage|p2a: Tapu Lele|7\/100 tox
|-heal|p1a: Tapu Lele|26\/100|[from] item: Leftovers
|-damage|p2a: Tapu Lele|0 fnt|[from] psn
|faint|p2a: Tapu Lele
|-fieldend|move: Psychic Terrain
|upkeep
|
|t:|1615663698
|switch|p2a: Slowbro|Slowbro, F|100\/100
|-damage|p2a: Slowbro|76\/100|[from] Spikes
|-damage|p2a: Slowbro|63\/100|[from] Stealth Rock
|turn|17
|
|t:|1615663703
|move|p1a: Tapu Lele|Nature's Madness|p2a: Slowbro
|-damage|p2a: Slowbro|32\/100
|move|p2a: Slowbro|Slack Off|p2a: Slowbro
|-heal|p2a: Slowbro|82\/100
|
|-heal|p1a: Tapu Lele|32\/100|[from] item: Leftovers
|-heal|p2a: Slowbro|88\/100|[from] item: Leftovers
|upkeep
|turn|18
|
|t:|1615663717
|move|p1a: Tapu Lele|Toxic|p2a: Slowbro
|-status|p2a: Slowbro|tox
|move|p2a: Slowbro|Calm Mind|p2a: Slowbro
|-boost|p2a: Slowbro|spa|1
|-boost|p2a: Slowbro|spd|1
|
|-heal|p1a: Tapu Lele|38\/100|[from] item: Leftovers
|-heal|p2a: Slowbro|94\/100 tox|[from] item: Leftovers
|-damage|p2a: Slowbro|88\/100 tox|[from] psn
|-sideend|p1: Parcos|move: Light Screen
|upkeep
|turn|19
|
|t:|1615663723
|switch|p1a: Regieleki|Regieleki|63\/100
|move|p2a: Slowbro|Scald|p1a: Regieleki
|-damage|p1a: Regieleki|0 fnt
|faint|p1a: Regieleki
|
|-heal|p2a: Slowbro|94\/100 tox|[from] item: Leftovers
|-damage|p2a: Slowbro|82\/100 tox|[from] psn
|upkeep
|
|t:|1615663730
|switch|p1a: Dhelmise|Dhelmise|100\/100
|turn|20
|
|t:|1615663743
|switch|p2a: Toxtricity|Toxtricity-Low-Key-Mega, F, shiny|87\/100
|-start|p2a: Toxtricity|typechange|Electric\/Poison|[silent]
|-damage|p2a: Toxtricity|62\/100|[from] Spikes
|-damage|p2a: Toxtricity|49\/100|[from] Stealth Rock
|-status|p1a: Dhelmise|psn|[from] ability: Acid Rock|[of] p2a: Toxtricity
|move|p1a: Dhelmise|Poltergeist|p2a: Toxtricity
|-activate|p2a: Toxtricity|move: Poltergeist|Toxtricitite
|-damage|p2a: Toxtricity|0 fnt
|faint|p2a: Toxtricity
|
|-damage|p1a: Dhelmise|88\/100 psn|[from] psn
|upkeep
|
|t:|1615663755
|switch|p2a: Gengar|Gengar, M|100\/100
|-damage|p2a: Gengar|88\/100|[from] Stealth Rock
|-damage|p2a: Gengar|63\/100|[from] Spikes
|turn|21
|
|t:|1615663763
|switch|p1a: Tapu Lele|Tapu Lele|38\/100
|-fieldstart|move: Psychic Terrain|[from] ability: Psychic Surge|[of] p1a: Tapu Lele
|move|p2a: Gengar|Hex|p1a: Tapu Lele
|-supereffective|p1a: Tapu Lele
|-damage|p1a: Tapu Lele|0 fnt
|faint|p1a: Tapu Lele
|
|upkeep
|
|t:|1615663769
|switch|p1a: cacturnemega|Cacturne, M|100\/100
|turn|22
|
|t:|1615663775
|detailschange|p1a: cacturnemega|Cacturne-Mega, M
|-mega|p1a: cacturnemega|Cacturne|Cacturnite
|-start|p1a: cacturnemega|typechange|Grass\/Dark|[silent]
|raw|<ul class="utilichart"><li class="result"><span class="col pokemonnamecol" style="white-space: nowrap">Cacturne-Mega<\/span> <span class="col typecol"><img src="https:\/\/play.pokemonshowdown.com\/sprites\/types\/Grass.png" alt="Grass" height="14" width="32"><img src="https:\/\/play.pokemonshowdown.com\/sprites\/types\/Dark.png" alt="Dark" height="14" width="32"><\/span> <span style="float: left ; min-height: 26px"><span class="col abilitycol">Coup de Grass<\/span><span class="col abilitycol"><\/span><\/span><span style="float: left ; min-height: 26px"><span class="col statcol"><em>HP<\/em><br>70<\/span> <span class="col statcol"><em>Atk<\/em><br>115<\/span> <span class="col statcol"><em>Def<\/em><br>115<\/span> <span class="col statcol"><em>SpA<\/em><br>115<\/span> <span class="col statcol"><em>SpD<\/em><br>105<\/span> <span class="col statcol"><em>Spe<\/em><br>55<\/span> <\/span><\/li><li style="clear: both"><\/li><\/ul>
|move|p2a: Gengar|Sludge Wave|p1a: cacturnemega
|-supereffective|p1a: cacturnemega
|-damage|p1a: cacturnemega|13\/100
|move|p1a: cacturnemega|Knock Off|p2a: Gengar
|-supereffective|p2a: Gengar
|-damage|p2a: Gengar|0 fnt
|-enditem|p2a: Gengar|Focus Sash|[from] move: Knock Off|[of] p1a: cacturnemega
|faint|p2a: Gengar
|
|upkeep
|c|☆Parcos|oof
|
|t:|1615663784
|switch|p2a: Slowbro|Slowbro, F|100\/100 tox
|-damage|p2a: Slowbro|76\/100 tox|[from] Spikes
|-damage|p2a: Slowbro|63\/100 tox|[from] Stealth Rock
|turn|23
|c|☆Bekama|gg
|
|t:|1615663794
|-ability|p1a: cacturnemega|Coup de Grass
|-message|cacturnemega prepared to move immediately!
|move|p1a: cacturnemega|Destiny Bond|p1a: cacturnemega
|-singlemove|p1a: cacturnemega|Destiny Bond
|move|p2a: Slowbro|Scald|p1a: cacturnemega
|-resisted|p1a: cacturnemega
|-damage|p1a: cacturnemega|0 fnt
|faint|p1a: cacturnemega
|-activate|p1a: cacturnemega|move: Destiny Bond
|faint|p2a: Slowbro
|
|win|Parcos
|c|☆Parcos|gg
|l|☆Bekama
|l|☆Parcos</script>
</div>
<div class="battle-log battle-log-inline"><div class="inner"><div class="battle-options"><div style="padding-top: 3px; padding-right: 3px; text-align: right"><button class="icon button" name="openBattleOptions" title="Options">Battle Options</button></div></div><div class="inner message-log"><div class="chat"><small>☆Parcos and ☆Bekama joined</small></div><div class=""><small>Format:</small> <br><strong>[Gen 8] Megas for All</strong></div><div class=""><small><em>HP Percentage Mod:</em> HP is shown in percentages</small></div><div class=""><small><em>Endless Battle Clause:</em> Forcing endless battles is banned</small></div><div class=""><small><em>OHKO Clause:</em> OHKO moves are banned</small></div><div class=""><small><em>Evasion Moves Clause:</em> Evasion moves are banned</small></div><div class=""><small><em>Species Clause:</em> Limit one of each Pokémon</small></div><div class=""><small><em>Dynamax Clause:</em> You cannot dynamax</small></div><div class=""><small><em>Sleep Clause Mod:</em> Limit one foe put to sleep</small></div><div class=""><small><em>Freeze Clause Mod:</em> Limit one foe frozen</small></div><div class="chat"><img src="https://www.smogon.com/forums/attachments/banner_2-png.302358/" height="65" width="381"></div><div class="spacer battle-history"><br></div><div class="battle-history"><small>Welcome to Megas for All!</small><br></div><div class="battle-history"><small>This is a National Dex-based format where we aim to give a new Mega Evolution to every Pokémon.</small><br></div><div class="battle-history"><small>Just like any official format, you can still only Mega Evolve one Pokémon per team!</small><br></div><div class="battle-history"><small>You can find our thread and metagame resources here:</small><br></div><div class="battle-history"><small>https://www.smogon.com/forums/threads/3671140/</small><br></div><div class="chat battle-history"><strong>Parcos's team:</strong> <em style="color:#445566;display:block;">Cacturne / Skarmory / Regieleki / Tapu Lele / Dhelmise / Primarina</em></div><div class="chat battle-history"><strong>Bekama's team:</strong> <em style="color:#445566;display:block;">Toxtricity-Low-Key / Slowbro / Tapu Lele / Ferrothorn / Volcarona / Gengar</em></div><div class="chat chatmessage-parcos"><strong style="color:#9c0fc2"><small>☆</small><span class="username" data-name="Parcos">Parcos</span>:</strong> <em>gl hf</em></div><div class="chat chatmessage-bekama"><strong style="color:#ac8416"><small>☆</small><span class="username" data-name="Bekama">Bekama</span>:</strong> <em>u2</em></div><div class="chat chatmessage-parcos"><strong style="color:#9c0fc2"><small>☆</small><span class="username" data-name="Parcos">Parcos</span>:</strong> <em>ty</em></div><div class="spacer battle-history"><br></div><div class="battle-history">Battle started between Parcos and Bekama!<br></div><div class="spacer battle-history"><br></div><div class="battle-history">Go! <strong>Tapu Lele</strong>!<br></div><div class="spacer battle-history"><br></div><div class="battle-history">Bekama sent out <strong>Ferrothorn</strong>!<br></div><div class="battle-history">[Tapu Lele's Psychic Surge]<br><small>The battlefield got weird!</small><br></div><div class="spacer battle-history"><br></div><h2 class="battle-history">Turn 1</h2><div class="spacer battle-history"><br></div><div class="battle-history">Tapu Lele, come back!<br></div><div class="battle-history">Go! <strong>Skarmory</strong>!<br></div><div class="spacer battle-history"><br></div><div class="battle-history">The opposing Ferrothorn used <strong>Stealth Rock</strong>!<br></div><div class="battle-history"><small>Pointed stones float in the air around your team!</small><br></div><div class="spacer battle-history"><br></div><h2 class="battle-history">Turn 2</h2><div class="spacer battle-history"><br></div><div class="battle-history">Skarmory used <strong>Stealth Rock</strong>!<br></div><div class="battle-history"><small>Pointed stones float in the air around the opposing team!</small><br></div><div class="spacer battle-history"><br></div><div class="battle-history">The opposing Ferrothorn used <strong>Knock Off</strong>!<br></div><div class="battle-history"><small>(Skarmory lost 12% of its health!)</small><br></div><div class="battle-history"><small>The opposing Ferrothorn was hurt by the Rocky Helmet!</small><br></div><div class="battle-history"><small>The opposing Ferrothorn knocked off Skarmory's Rocky Helmet!</small><br></div><div class="spacer battle-history"><br></div><h2 class="battle-history">Turn 3</h2><div class="chat"><small> exploziff joined</small></div><div class="spacer battle-history"><br></div><div class="battle-history">Skarmory used <strong>Spikes</strong>!<br></div><div class="battle-history"><small>Spikes were scattered on the ground all around the opposing team!</small><br></div><div class="spacer battle-history"><br></div><div class="battle-history">The opposing Ferrothorn used <strong>Spikes</strong>!<br></div><div class="battle-history"><small>Spikes were scattered on the ground all around your team!</small><br></div><div class="spacer battle-history"><br></div><h2 class="battle-history">Turn 4</h2><div class="spacer battle-history"><br></div><div class="battle-history">Skarmory used <strong>Spikes</strong>!<br></div><div class="battle-history"><small>Spikes were scattered on the ground all around the opposing team!</small><br></div><div class="spacer battle-history"><br></div><div class="battle-history">The opposing Ferrothorn used <strong>Spikes</strong>!<br></div><div class="battle-history"><small>Spikes were scattered on the ground all around your team!</small><br></div><div class="spacer battle-history"><br></div><h2 class="battle-history">Turn 5</h2><div class="spacer battle-history"><br></div><div class="battle-history">Skarmory used <strong>Spikes</strong>!<br></div><div class="battle-history"><small>Spikes were scattered on the ground all around the opposing team!</small><br></div><div class="spacer battle-history"><br></div><div class="battle-history">The opposing Ferrothorn used <strong>Spikes</strong>!<br></div><div class="battle-history"><small>Spikes were scattered on the ground all around your team!</small><br></div><div class="spacer battle-history"><br></div><div class="battle-history"><small>The weirdness disappeared from the battlefield!</small><br></div><div class="spacer battle-history"><br></div><h2 class="battle-history">Turn 6</h2><div class="spacer battle-history"><br></div><div class="battle-history">The opposing Ferrothorn used <strong>Explosion</strong>!<br></div><div class="battle-history"><small>It's not very effective...</small><br></div><div class="battle-history"><small>(Skarmory lost 14% of its health!)</small><br></div><div class="spacer battle-history"><br></div><div class="battle-history">The opposing Ferrothorn fainted!<br></div><div class="battle-history">Skarmory used <strong>Whirlwind</strong>!<br></div><div class="battle-history"><small>But it failed!</small><br></div><div class="spacer battle-history"><br></div><div class="battle-history">Bekama sent out <strong>Volcarona</strong>!<br></div><div class="spacer battle-history"><br></div><h2 class="battle-history">Turn 7</h2><div class="spacer battle-history"><br></div><div class="battle-history">The opposing Volcarona used <strong>Fiery Dance</strong>!<br></div><div class="battle-history"><small>It's super effective!</small><br></div><div class="battle-history"><small>(Skarmory lost 74% of its health!)</small><br></div><div class="battle-history"><small>The opposing Volcarona's Sp. Atk rose!</small><br></div><div class="spacer battle-history"><br></div><div class="battle-history">Skarmory fainted!<br></div><div class="spacer battle-history"><br></div><div class="battle-history">Go! <strong>Primarina</strong>!<br></div><div class="battle-history"><small>Pointed stones dug into Primarina!</small><br></div><div class="battle-history"><small>Primarina was hurt by the spikes!</small><br></div><div class="spacer battle-history"><br></div><h2 class="battle-history">Turn 8</h2><div class="chat"><small>+inkbug1 joined</small></div><div class="spacer battle-history"><br></div><div class="battle-history">The opposing Volcarona used <strong>Giga Drain</strong>!<br></div><div class="battle-history"><small>It's super effective!</small><br></div><div class="battle-history"><small>(Primarina lost 52% of its health!)</small><br></div><div class="spacer battle-history"><br></div><div class="battle-history">Primarina used <strong>Sparkling Aria</strong>!<br></div><div class="battle-history"><small>It's super effective!</small><br></div><div class="battle-history"><small>(The opposing Volcarona lost 100% of its health!)</small><br></div><div class="spacer battle-history"><br></div><div class="battle-history">The opposing Volcarona fainted!<br></div><div class="spacer battle-history"><br></div><div class="battle-history">Bekama sent out Toxtricity (<strong>Toxtricity-Low-Key</strong>)!<br></div><div class="battle-history"><small>Pointed stones dug into the opposing Toxtricity!</small><br></div><div class="battle-history"><small>The opposing Toxtricity was hurt by the spikes!</small><br></div><div class="spacer battle-history"><br></div><h2 class="battle-history">Turn 9</h2><div class="spacer battle-history"><br></div><div class="battle-history"><small>The opposing Toxtricity's Toxtricitite is reacting to the Key Stone!</small><br>The opposing Toxtricity has Mega Evolved into Mega Toxtricity!<br></div><div class="battle-history">[The opposing Toxtricity's Acid Rock]<br><small>Primarina was poisoned!</small><br></div><div class="chat"><ul class="utilichart"><li class="result"><span class="col pokemonnamecol" style="white-space: nowrap">Toxtricity-Low-Key-Mega</span> <span class="col typecol"><img src="https://play.pokemonshowdown.com/sprites/types/Electric.png" alt="Electric" height="14" width="32"><img src="https://play.pokemonshowdown.com/sprites/types/Poison.png" alt="Poison" height="14" width="32"></span> <span style="float: left ; min-height: 26px"><span class="col abilitycol">Acid Rock</span><span class="col abilitycol"></span></span><span style="float: left ; min-height: 26px"><span class="col statcol"><em>HP</em><br>75</span> <span class="col statcol"><em>Atk</em><br>98</span> <span class="col statcol"><em>Def</em><br>100</span> <span class="col statcol"><em>SpA</em><br>114</span> <span class="col statcol"><em>SpD</em><br>140</span> <span class="col statcol"><em>Spe</em><br>75</span> </span></li><li style="clear: both"></li></ul></div><div class="spacer battle-history"><br></div><div class="battle-history">The opposing Toxtricity used <strong>Protect</strong>!<br></div><div class="battle-history"><small>The opposing Toxtricity protected itself!</small><br></div><div class="spacer battle-history"><br></div><div class="battle-history">Primarina used <strong>Sparkling Aria</strong>!<br></div><div class="battle-history"><small>The opposing Toxtricity protected itself!</small><br></div><div class="spacer battle-history"><br></div><div class="battle-history"><small>Primarina was hurt by poison!</small><br></div><div class="spacer battle-history"><br></div><div class="battle-history">Primarina fainted!<br></div><div class="spacer battle-history"><br></div><div class="battle-history">Go! <strong>Regieleki</strong>!<br></div><div class="battle-history"><small>Pointed stones dug into Regieleki!</small><br></div><div class="battle-history"><small>Regieleki was hurt by the spikes!</small><br></div><div class="spacer battle-history"><br></div><h2 class="battle-history">Turn 10</h2><div class="spacer battle-history"><br></div><div class="battle-history">Regieleki used <strong>Rapid Spin</strong>!<br></div><div class="battle-history"><small>(The opposing Toxtricity lost 6% of its health!)</small><br></div><div class="battle-history"><small>Regieleki's Speed rose!</small><br></div><div class="battle-history"><small>The spikes disappeared from the ground around your team!</small><br></div><div class="battle-history"><small>The pointed stones disappeared from around your team!</small><br></div><div class="spacer battle-history"><br></div><div class="battle-history">The opposing Toxtricity used <strong>Slack Off</strong>!<br></div><div class="battle-history"><small>The opposing Toxtricity had its HP restored.</small><br></div><div class="spacer battle-history"><br></div><h2 class="battle-history">Turn 11</h2><div class="spacer battle-history"><br></div><div class="battle-history">The opposing Toxtricity used <strong>Protect</strong>!<br></div><div class="battle-history"><small>The opposing Toxtricity protected itself!</small><br></div><div class="spacer battle-history"><br></div><div class="battle-history">Regieleki used <strong>Light Screen</strong>!<br></div><div class="battle-history"><small>Light Screen made your team stronger against special moves!</small><br></div><div class="spacer battle-history"><br></div><h2 class="battle-history">Turn 12</h2><div class="spacer battle-history"><br></div><div class="battle-history">Regieleki used <strong>Volt Switch</strong>!<br></div><div class="battle-history"><small>It's not very effective...</small><br></div><div class="battle-history"><small>(The opposing Toxtricity lost 13% of its health!)</small><br></div><div class="spacer battle-history"><br></div><div class="battle-history">Regieleki went back to Parcos!<br></div><div class="battle-history">Go! <strong>Tapu Lele</strong>!<br></div><div class="battle-history">[Tapu Lele's Psychic Surge]<br><small>The battlefield got weird!</small><br></div><div class="spacer battle-history"><br></div><div class="battle-history">The opposing Toxtricity used <strong>Volt Switch</strong>!<br></div><div class="battle-history"><small>(Tapu Lele lost 8% of its health!)</small><br></div><div class="spacer battle-history"><br></div><div class="battle-history">The opposing Toxtricity went back to Bekama!<br></div><div class="battle-history">Bekama sent out <strong>Tapu Lele</strong>!<br></div><div class="battle-history"><small>Pointed stones dug into the opposing Tapu Lele!</small><br></div><div class="battle-history"><small>The opposing Tapu Lele was hurt by the spikes!</small><br></div><div class="spacer battle-history"><br></div><div class="battle-history"><small>Tapu Lele restored a little HP using its Leftovers!</small><br></div><div class="spacer battle-history"><br></div><h2 class="battle-history">Turn 13</h2><div class="spacer battle-history"><br></div><div class="battle-history">The opposing Tapu Lele used <strong>Moonblast</strong>!<br></div><div class="battle-history"><small>(Tapu Lele lost 23% of its health!)</small><br></div><div class="spacer battle-history"><br></div><div class="battle-history">Tapu Lele used <strong>Nature's Madness</strong>!<br></div><div class="battle-history"><small>(The opposing Tapu Lele lost 31% of its health!)</small><br></div><div class="spacer battle-history"><br></div><div class="battle-history"><small>Tapu Lele restored a little HP using its Leftovers!</small><br></div><div class="spacer battle-history"><br></div><h2 class="battle-history">Turn 14</h2><div class="spacer battle-history"><br></div><div class="battle-history">The opposing Tapu Lele used <strong>Moonblast</strong>!<br></div><div class="battle-history"><small>(Tapu Lele lost 24% of its health!)</small><br></div><div class="spacer battle-history"><br></div><div class="battle-history">Tapu Lele used <strong>Future Sight</strong>!<br></div><div class="battle-history"><small>Tapu Lele foresaw an attack!</small><br></div><div class="spacer battle-history"><br></div><div class="battle-history"><small>Tapu Lele restored a little HP using its Leftovers!</small><br></div><div class="spacer battle-history"><br></div><h2 class="battle-history">Turn 15</h2><div class="spacer battle-history"><br></div><div class="battle-history">The opposing Tapu Lele used <strong>Moonblast</strong>!<br></div><div class="battle-history"><small>(Tapu Lele lost 26% of its health!)</small><br></div><div class="battle-history"><small>Tapu Lele's Sp. Atk fell!</small><br></div><div class="spacer battle-history"><br></div><div class="battle-history">Tapu Lele used <strong>Toxic</strong>!<br></div><div class="battle-history"><small>The opposing Tapu Lele was badly poisoned!</small><br></div><div class="spacer battle-history"><br></div><div class="battle-history"><small>Tapu Lele restored a little HP using its Leftovers!</small><br></div><div class="battle-history"><small>The opposing Tapu Lele was hurt by poison!</small><br></div><div class="spacer battle-history"><br></div><h2 class="battle-history">Turn 16</h2><div class="chat"><small> Coppersmith joined</small></div><div class="chat chatmessage-coppersmith"><strong style="color:#0aa445"><small> </small><span class="username" data-name="Coppersmith">Coppersmith</span>:</strong> <em>howdy</em></div><div class="chat chatmessage-bekama"><strong style="color:#ac8416"><small>☆</small><span class="username" data-name="Bekama">Bekama</span>:</strong> <em>hi</em></div><div class="spacer battle-history"><br></div><div class="battle-history">The opposing Tapu Lele used <strong>Moonblast</strong>!<br></div><div class="battle-history"><small>(Tapu Lele lost 24% of its health!)</small><br></div><div class="battle-history"><small>Tapu Lele's Sp. Atk fell!</small><br></div><div class="spacer battle-history"><br></div><div class="battle-history">Tapu Lele used <strong>Nature's Madness</strong>!<br></div><div class="battle-history"><small>The opposing Tapu Lele avoided the attack!</small><br></div><div class="spacer battle-history"><br></div><div class="battle-history"><small>The opposing Tapu Lele took the Future Sight attack!</small><br></div><div class="battle-history"><small>It's not very effective...</small><br></div><div class="battle-history"><small>(The opposing Tapu Lele lost 19% of its health!)</small><br></div><div class="battle-history"><small>Tapu Lele restored a little HP using its Leftovers!</small><br></div><div class="battle-history"><small>The opposing Tapu Lele was hurt by poison!</small><br></div><div class="spacer battle-history"><br></div><div class="battle-history">The opposing Tapu Lele fainted!<br></div><div class="battle-history"><small>The weirdness disappeared from the battlefield!</small><br></div><div class="spacer battle-history"><br></div><div class="battle-history">Bekama sent out <strong>Slowbro</strong>!<br></div><div class="battle-history"><small>The opposing Slowbro was hurt by the spikes!</small><br></div><div class="battle-history"><small>Pointed stones dug into the opposing Slowbro!</small><br></div><div class="spacer battle-history"><br></div><h2 class="battle-history">Turn 17</h2><div class="spacer battle-history"><br></div><div class="battle-history">Tapu Lele used <strong>Nature's Madness</strong>!<br></div><div class="battle-history"><small>(The opposing Slowbro lost 31% of its health!)</small><br></div><div class="spacer battle-history"><br></div><div class="battle-history">The opposing Slowbro used <strong>Slack Off</strong>!<br></div><div class="battle-history"><small>The opposing Slowbro had its HP restored.</small><br></div><div class="spacer battle-history"><br></div><div class="battle-history"><small>Tapu Lele restored a little HP using its Leftovers!</small><br></div><div class="battle-history"><small>The opposing Slowbro restored a little HP using its Leftovers!</small><br></div><div class="spacer battle-history"><br></div><h2 class="battle-history">Turn 18</h2><div class="spacer battle-history"><br></div><div class="battle-history">Tapu Lele used <strong>Toxic</strong>!<br></div><div class="battle-history"><small>The opposing Slowbro was badly poisoned!</small><br></div><div class="spacer battle-history"><br></div><div class="battle-history">The opposing Slowbro used <strong>Calm Mind</strong>!<br></div><div class="battle-history"><small>The opposing Slowbro's Sp. Atk rose!</small><br></div><div class="battle-history"><small>The opposing Slowbro's Sp. Def rose!</small><br></div><div class="spacer battle-history"><br></div><div class="battle-history"><small>Tapu Lele restored a little HP using its Leftovers!</small><br></div><div class="battle-history"><small>The opposing Slowbro restored a little HP using its Leftovers!</small><br></div><div class="battle-history"><small>The opposing Slowbro was hurt by poison!</small><br></div><div class="battle-history"><small>Your team's Light Screen wore off!</small><br></div><div class="spacer battle-history"><br></div><h2 class="battle-history">Turn 19</h2><div class="spacer battle-history"><br></div><div class="battle-history">Tapu Lele, come back!<br></div><div class="battle-history">Go! <strong>Regieleki</strong>!<br></div><div class="spacer battle-history"><br></div><div class="battle-history">The opposing Slowbro used <strong>Scald</strong>!<br></div><div class="battle-history"><small>(Regieleki lost 63% of its health!)</small><br></div><div class="spacer battle-history"><br></div><div class="battle-history">Regieleki fainted!<br></div><div class="spacer battle-history"><br></div><div class="battle-history"><small>The opposing Slowbro restored a little HP using its Leftovers!</small><br></div><div class="battle-history"><small>The opposing Slowbro was hurt by poison!</small><br></div><div class="spacer battle-history"><br></div><div class="battle-history">Go! <strong>Dhelmise</strong>!<br></div><div class="spacer battle-history"><br></div><h2 class="battle-history">Turn 20</h2><div class="spacer battle-history"><br></div><div class="battle-history">Bekama withdrew Slowbro!<br></div><div class="battle-history">Bekama sent out Toxtricity (<strong>Toxtricity-Low-Key-Mega</strong>)!<br></div><div class="battle-history"><small>The opposing Toxtricity was hurt by the spikes!</small><br></div><div class="battle-history"><small>Pointed stones dug into the opposing Toxtricity!</small><br></div><div class="battle-history">[The opposing Toxtricity's Acid Rock]<br><small>Dhelmise was poisoned!</small><br></div><div class="spacer battle-history"><br></div><div class="battle-history">Dhelmise used <strong>Poltergeist</strong>!<br></div><div class="battle-history"><small>The opposing Toxtricity is about to be attacked by its Toxtricitite!</small><br></div><div class="battle-history"><small>(The opposing Toxtricity lost 49% of its health!)</small><br></div><div class="spacer battle-history"><br></div><div class="battle-history">The opposing Toxtricity fainted!<br></div><div class="spacer battle-history"><br></div><div class="battle-history"><small>Dhelmise was hurt by poison!</small><br></div><div class="spacer battle-history"><br></div><div class="battle-history">Bekama sent out <strong>Gengar</strong>!<br></div><div class="battle-history"><small>Pointed stones dug into the opposing Gengar!</small><br></div><div class="battle-history"><small>The opposing Gengar was hurt by the spikes!</small><br></div><div class="spacer battle-history"><br></div><h2 class="battle-history">Turn 21</h2><div class="spacer battle-history"><br></div><div class="battle-history">Dhelmise, come back!<br></div><div class="battle-history">Go! <strong>Tapu Lele</strong>!<br></div><div class="battle-history">[Tapu Lele's Psychic Surge]<br><small>The battlefield got weird!</small><br></div><div class="spacer battle-history"><br></div><div class="battle-history">The opposing Gengar used <strong>Hex</strong>!<br></div><div class="battle-history"><small>It's super effective!</small><br></div><div class="battle-history"><small>(Tapu Lele lost 38% of its health!)</small><br></div><div class="spacer battle-history"><br></div><div class="battle-history">Tapu Lele fainted!<br></div><div class="spacer battle-history"><br></div><div class="battle-history">Go! cacturnemega (<strong>Cacturne</strong>)!<br></div><div class="spacer battle-history"><br></div><h2 class="battle-history">Turn 22</h2><div class="spacer battle-history"><br></div><div class="battle-history"><small>cacturnemega's Cacturnite is reacting to the Key Stone!</small><br>cacturnemega has Mega Evolved into Mega Cacturne!<br></div><div class="chat"><ul class="utilichart"><li class="result"><span class="col pokemonnamecol" style="white-space: nowrap">Cacturne-Mega</span> <span class="col typecol"><img src="https://play.pokemonshowdown.com/sprites/types/Grass.png" alt="Grass" height="14" width="32"><img src="https://play.pokemonshowdown.com/sprites/types/Dark.png" alt="Dark" height="14" width="32"></span> <span style="float: left ; min-height: 26px"><span class="col abilitycol">Coup de Grass</span><span class="col abilitycol"></span></span><span style="float: left ; min-height: 26px"><span class="col statcol"><em>HP</em><br>70</span> <span class="col statcol"><em>Atk</em><br>115</span> <span class="col statcol"><em>Def</em><br>115</span> <span class="col statcol"><em>SpA</em><br>115</span> <span class="col statcol"><em>SpD</em><br>105</span> <span class="col statcol"><em>Spe</em><br>55</span> </span></li><li style="clear: both"></li></ul></div><div class="spacer battle-history"><br></div><div class="battle-history">The opposing Gengar used <strong>Sludge Wave</strong>!<br></div><div class="battle-history"><small>It's super effective!</small><br></div><div class="battle-history"><small>(cacturnemega lost 87% of its health!)</small><br></div><div class="spacer battle-history"><br></div><div class="battle-history">cacturnemega used <strong>Knock Off</strong>!<br></div><div class="battle-history"><small>It's super effective!</small><br></div><div class="battle-history"><small>(The opposing Gengar lost 63% of its health!)</small><br></div><div class="battle-history"><small>cacturnemega knocked off the opposing Gengar's Focus Sash!</small><br></div><div class="spacer battle-history"><br></div><div class="battle-history">The opposing Gengar fainted!<br></div><div class="chat chatmessage-parcos"><strong style="color:#9c0fc2"><small>☆</small><span class="username" data-name="Parcos">Parcos</span>:</strong> <em>oof</em></div><div class="spacer battle-history"><br></div><div class="battle-history">Bekama sent out <strong>Slowbro</strong>!<br></div><div class="battle-history"><small>The opposing Slowbro was hurt by the spikes!</small><br></div><div class="battle-history"><small>Pointed stones dug into the opposing Slowbro!</small><br></div><div class="spacer battle-history"><br></div><h2 class="battle-history">Turn 23</h2><div class="chat chatmessage-bekama"><strong style="color:#ac8416"><small>☆</small><span class="username" data-name="Bekama">Bekama</span>:</strong> <em>gg</em></div><div class="spacer battle-history"><br></div><div class="battle-history">[cacturnemega's Coup de Grass]<br></div><div class="battle-history"><small>cacturnemega prepared to move immediately!</small><br></div><div class="spacer battle-history"><br></div><div class="battle-history">cacturnemega used <strong>Destiny Bond</strong>!<br></div><div class="battle-history"><small>cacturnemega is hoping to take its attacker down with it!</small><br></div><div class="spacer battle-history"><br></div><div class="battle-history">The opposing Slowbro used <strong>Scald</strong>!<br></div><div class="battle-history"><small>It's not very effective...</small><br></div><div class="battle-history"><small>(cacturnemega lost 13% of its health!)</small><br></div><div class="spacer battle-history"><br></div><div class="battle-history">cacturnemega fainted!<br></div><div class="battle-history">cacturnemega took its attacker down with it!<br></div><div class="spacer battle-history"><br></div><div class="battle-history">The opposing Slowbro fainted!<br></div><div class="spacer battle-history"><br></div><div class="battle-history"><strong>Parcos</strong> won the battle!<br></div><div class="chat chatmessage-parcos"><strong style="color:#9c0fc2"><small>☆</small><span class="username" data-name="Parcos">Parcos</span>:</strong> <em>gg</em></div><div class="chat"><small>☆Bekama and ☆Parcos left</small></div></div><div class="inner-preempt message-log"></div></div></div>
</div>
<script>
let daily = Math.floor(Date.now()/1000/60/60/24);document.write('<script src="https://dragonheaven.herokuapp.com/js/replay-embed.js?version'+daily+'"></'+'script>');
</script>
