<!DOCTYPE html>
<meta charset="utf-8" />
<!-- version 1 -->
<title>[Gen 8] M4A Monotype replay: BotwNerd745 vs. Mossy Sandwich</title>
<style>
html,body {font-family:Verdana, sans-serif;font-size:10pt;margin:0;padding:0;}body{padding:12px 0;} .battle-log {font-family:Verdana, sans-serif;font-size:10pt;} .battle-log-inline {border:1px solid #AAAAAA;background:#EEF2F5;color:black;max-width:640px;margin:0 auto 80px;padding-bottom:5px;} .battle-log .inner {padding:4px 8px 0px 8px;} .battle-log .inner-preempt {padding:0 8px 4px 8px;} .battle-log .inner-after {margin-top:0.5em;} .battle-log h2 {margin:0.5em -8px;padding:4px 8px;border:1px solid #AAAAAA;background:#E0E7EA;border-left:0;border-right:0;font-family:Verdana, sans-serif;font-size:13pt;} .battle-log .chat {vertical-align:middle;padding:3px 0 3px 0;font-size:8pt;} .battle-log .chat strong {color:#40576A;} .battle-log .chat em {padding:1px 4px 1px 3px;color:#000000;font-style:normal;} .chat.mine {background:rgba(0,0,0,0.05);margin-left:-8px;margin-right:-8px;padding-left:8px;padding-right:8px;} .spoiler {color:#BBBBBB;background:#BBBBBB;padding:0px 3px;} .spoiler:hover, .spoiler:active, .spoiler-shown {color:#000000;background:#E2E2E2;padding:0px 3px;} .spoiler a {color:#BBBBBB;} .spoiler:hover a, .spoiler:active a, .spoiler-shown a {color:#2288CC;} .chat code, .chat .spoiler:hover code, .chat .spoiler:active code, .chat .spoiler-shown code {border:1px solid #C0C0C0;background:#EEEEEE;color:black;padding:0 2px;} .chat .spoiler code {border:1px solid #CCCCCC;background:#CCCCCC;color:#CCCCCC;} .battle-log .rated {padding:3px 4px;} .battle-log .rated strong {color:white;background:#89A;padding:1px 4px;border-radius:4px;} .spacer {margin-top:0.5em;} .message-announce {background:#6688AA;color:white;padding:1px 4px 2px;} .message-announce a, .broadcast-green a, .broadcast-blue a, .broadcast-red a {color:#DDEEFF;} .broadcast-green {background-color:#559955;color:white;padding:2px 4px;} .broadcast-blue {background-color:#6688AA;color:white;padding:2px 4px;} .infobox {border:1px solid #6688AA;padding:2px 4px;} .infobox-limited {max-height:200px;overflow:auto;overflow-x:hidden;} .broadcast-red {background-color:#AA5544;color:white;padding:2px 4px;} .message-learn-canlearn {font-weight:bold;color:#228822;text-decoration:underline;} .message-learn-cannotlearn {font-weight:bold;color:#CC2222;text-decoration:underline;} .message-effect-weak {font-weight:bold;color:#CC2222;} .message-effect-resist {font-weight:bold;color:#6688AA;} .message-effect-immune {font-weight:bold;color:#666666;} .message-learn-list {margin-top:0;margin-bottom:0;} .message-throttle-notice, .message-error {color:#992222;} .message-overflow, .chat small.message-overflow {font-size:0pt;} .message-overflow::before {font-size:9pt;content:'...';} .subtle {color:#3A4A66;}
</style>
<div class="wrapper replay-wrapper" style="max-width:1180px;margin:0 auto">
<input type="hidden" name="replayid" value="dragonheaven-gen8m4amonotype-903" />
<div class="battle"></div><div class="battle-log"></div><div class="replay-controls"></div><div class="replay-controls-2"></div>
<h1 style="font-weight:normal;text-align:center"><strong>[Gen 8] M4A Monotype</strong><br /><a href="http://pokemonshowdown.com/users/botwnerd745" class="subtle" target="_blank">BotwNerd745</a> vs. <a href="http://pokemonshowdown.com/users/mossysandwich" class="subtle" target="_blank">Mossy Sandwich</a></h1>
<script type="text/plain" class="battle-log-data">|j|☆BotwNerd745
|j|☆Mossy Sandwich

|t:|1609279330
|player|p1|BotwNerd745|hilda-dueldisk|
|player|p2|Mossy Sandwich|265|
|teamsize|p1|6
|teamsize|p2|6
|gametype|singles
|gen|8
|tier|[Gen 8] M4A Monotype
|rule|Same Type Clause: Pokémon in a team must share a type
|clearpoke
|poke|p1|Inteleon, F|
|poke|p1|Araquanid, F|
|poke|p1|Rotom-Wash|
|poke|p1|Primarina, F|
|poke|p1|Pelipper, M|
|poke|p1|Gastrodon, F|
|poke|p2|Tapu Lele|
|poke|p2|Claydol|
|poke|p2|Hatterene, F|
|poke|p2|Meowstic-F, F|
|poke|p2|Victini|
|poke|p2|Necrozma|
|rule|HP Percentage Mod: HP is shown in percentages
|rule|Endless Battle Clause: Forcing endless battles is banned
|rule|OHKO Clause: OHKO moves are banned
|rule|Evasion Moves Clause: Evasion moves are banned
|rule|Species Clause: Limit one of each Pokémon
|rule|Dynamax Clause: You cannot dynamax
|rule|Sleep Clause Mod: Limit one foe put to sleep
|rule|Freeze Clause Mod: Limit one foe frozen
|teampreview
|c|☆Mossy Sandwich|gl hf!
|
|t:|1609279342
|start
|switch|p1a: E-liter|Inteleon, F|100\/100
|switch|p2a: Tapu Lele|Tapu Lele|281\/281
|-fieldstart|move: Psychic Terrain|[from] ability: Psychic Surge|[of] p2a: Tapu Lele
|turn|1
|c|☆BotwNerd745|u2
|j| BlaueBrause
|
|t:|1609279356
|detailschange|p1a: E-liter|Inteleon-Mega, F
|-mega|p1a: E-liter|Inteleon|Inteleonite
|-start|p1a: E-liter|typechange|Water\/Bug|[silent]
|raw|<ul class="utilichart"><li class="result"><span class="col pokemonnamecol" style="white-space: nowrap">Inteleon-Mega<\/span> <span class="col typecol"><img src="https:\/\/play.pokemonshowdown.com\/sprites\/types\/Water.png" alt="Water" height="14" width="32"><img src="https:\/\/play.pokemonshowdown.com\/sprites\/types\/Bug.png" alt="Bug" height="14" width="32"><\/span> <span style="float: left ; min-height: 26px"><span class="col abilitycol">Illusion<\/span><span class="col abilitycol"><\/span><\/span><span style="float: left ; min-height: 26px"><span class="col statcol"><em>HP<\/em><br>70<\/span> <span class="col statcol"><em>Atk<\/em><br>145<\/span> <span class="col statcol"><em>Def<\/em><br>102<\/span> <span class="col statcol"><em>SpA<\/em><br>85<\/span> <span class="col statcol"><em>SpD<\/em><br>102<\/span> <span class="col statcol"><em>Spe<\/em><br>126<\/span> <\/span><\/li><li style="clear: both"><\/li><\/ul>
|move|p2a: Tapu Lele|Psychic|p1a: E-liter
|-damage|p1a: E-liter|21\/100
|-start|p1a: E-liter|typechange|Water\/Bug|[silent]
|move|p1a: E-liter|U-turn|p2a: Tapu Lele
|-damage|p2a: Tapu Lele|95\/281
|
|t:|1609279363
|switch|p1a: Araquanid|Araquanid, F|100\/100|[from]move: U-turn
|
|upkeep
|turn|2
|
|t:|1609279367
|switch|p2a: Hatterene|Hatterene, F|318\/318
|move|p1a: Araquanid|Sticky Web|p2a: Hatterene
|move|p2a: Hatterene|Sticky Web|p1a: Araquanid|[from]ability: Magic Bounce
|-sidestart|p1: BotwNerd745|move: Sticky Web
|
|upkeep
|turn|3
|j| H2OPulse
|j| ViZarPKMN
|c|☆BotwNerd745|nice move
|
|t:|1609279387
|switch|p1a: Rotom|Rotom-Wash|100\/100
|move|p2a: Hatterene|Calm Mind|p2a: Hatterene
|-boost|p2a: Hatterene|spa|1
|-boost|p2a: Hatterene|spd|1
|
|upkeep
|turn|4
|j| inkbug1
|
|t:|1609279393
|move|p1a: Rotom|Defog|p2a: Hatterene
|move|p2a: Hatterene|Defog|p1a: Rotom|[from]ability: Magic Bounce
|-unboost|p1a: Rotom|evasion|1
|-sideend|p1: BotwNerd745|Sticky Web|[from] move: Defog|[of] p2a: Hatterene
|-fieldend|move: Psychic Terrain
|move|p2a: Hatterene|Calm Mind|p2a: Hatterene
|-boost|p2a: Hatterene|spa|1
|-boost|p2a: Hatterene|spd|1
|
|upkeep
|turn|5
|
|t:|1609279402
|move|p1a: Rotom|Volt Switch|p2a: Hatterene
|-damage|p2a: Hatterene|263\/318
|
|t:|1609279412
|switch|p1a: Araquanid|Araquanid, F|100\/100|[from]move: Volt Switch
|move|p2a: Hatterene|Trick Room|p2a: Hatterene
|-fieldstart|move: Trick Room|[of] p2a: Hatterene
|
|-heal|p2a: Hatterene|282\/318|[from] item: Leftovers
|upkeep
|turn|6
|
|t:|1609279424
|move|p2a: Hatterene|Draining Kiss|p1a: Araquanid
|-damage|p1a: Araquanid|64\/100
|-heal|p2a: Hatterene|318\/318|[from] drain|[of] p1a: Araquanid
|move|p1a: Araquanid|Liquidation|p2a: Hatterene
|-damage|p2a: Hatterene|152\/318
|-unboost|p2a: Hatterene|def|1
|
|-heal|p2a: Hatterene|171\/318|[from] item: Leftovers
|upkeep
|turn|7
|
|t:|1609279434
|move|p2a: Hatterene|Draining Kiss|p1a: Araquanid
|-damage|p1a: Araquanid|28\/100
|-heal|p2a: Hatterene|263\/318|[from] drain|[of] p1a: Araquanid
|move|p1a: Araquanid|Liquidation|p2a: Hatterene
|-crit|p2a: Hatterene
|-damage|p2a: Hatterene|0 fnt
|faint|p2a: Hatterene
|
|upkeep
|
|t:|1609279444
|switch|p2a: Necrozma|Necrozma|335\/335
|turn|8
|
|t:|1609279447
|move|p1a: Araquanid|Leech Life|p2a: Necrozma
|-supereffective|p2a: Necrozma
|-damage|p2a: Necrozma|232\/335
|-heal|p1a: Araquanid|43\/100|[from] drain|[of] p2a: Necrozma
|-enditem|p2a: Necrozma|Weakness Policy
|-boost|p2a: Necrozma|atk|2|[from] item: Weakness Policy
|-boost|p2a: Necrozma|spa|2|[from] item: Weakness Policy
|move|p2a: Necrozma|Photon Geyser|p1a: Araquanid
|-damage|p1a: Araquanid|0 fnt
|faint|p1a: Araquanid
|
|upkeep
|
|t:|1609279465
|switch|p1a: Splash|Primarina, F|100\/100
|turn|9
|
|t:|1609279469
|move|p1a: Splash|Hyper Voice|p2a: Necrozma
|-damage|p2a: Necrozma|51\/335
|-enditem|p1a: Splash|Throat Spray
|-boost|p1a: Splash|spa|1|[from] item: Throat Spray
|move|p2a: Necrozma|Photon Geyser|p1a: Splash
|-damage|p1a: Splash|0 fnt
|faint|p1a: Splash
|
|-fieldend|move: Trick Room
|upkeep
|
|t:|1609279481
|switch|p1a: Gastrodon|Gastrodon, F|21\/100
|turn|10
|
|t:|1609279486
|move|p1a: Gastrodon|First Impression|p2a: Necrozma
|-supereffective|p2a: Necrozma
|-damage|p2a: Necrozma|0 fnt
|faint|p2a: Necrozma
|
|upkeep
No Pokémon, item, move, ability or nature named 'meowstic-mega-f' was found. Showing the data of 'Meowstic-Mega' instead.
|raw|<div class="message"><ul class="utilichart"><li class="result"><span class="col numcol">(PU)<\/span> <span class="col iconcol"><psicon pokemon="meowsticmega"\/><\/span> <span class="col pokemonnamecol" style="white-space:nowrap"><a href="https:\/\/dex.pokemonshowdown.com\/pokemon\/meowsticmega" target="_blank">Meowstic-Mega<\/a><\/span> <span class="col typecol"><img src="https:\/\/play.pokemonshowdown.com\/sprites\/types\/Psychic.png" alt="Psychic" height="14" width="32"><img src="https:\/\/play.pokemonshowdown.com\/sprites\/types\/Dark.png" alt="Dark" height="14" width="32"><\/span> <span style="float:left;min-height:26px"><span class="col abilitycol">Dark Aura<\/span><span class="col abilitycol"><\/span><\/span><span style="float:left;min-height:26px"><span class="col statcol"><em>HP<\/em><br \/>74<\/span> <span class="col statcol"><em>Atk<\/em><br \/>133<\/span> <span class="col statcol"><em>Def<\/em><br \/>91<\/span> <span class="col statcol"><em>SpA<\/em><br \/>48<\/span> <span class="col statcol"><em>SpD<\/em><br \/>96<\/span> <span class="col statcol"><em>Spe<\/em><br \/>124<\/span> <span class="col bstcol"><em>BST<br \/>566<\/em><\/span> <\/span><\/li><li style="clear:both"><\/li><\/ul><\/div>
|raw|<font size="1"><font color="#686868">Dex#:<\/font> 678&nbsp;|&ThickSpace;<font color="#686868">Gen:<\/font> 6&nbsp;|&ThickSpace;<font color="#686868">Height:<\/font> 0.6 m&nbsp;|&ThickSpace;<font color="#686868">Weight:<\/font> 8.5 kg <em>(20 BP)<\/em>&nbsp;|&ThickSpace;<font color="#686868">Dex Colour:<\/font> Blue&nbsp;|&ThickSpace;<font color="#686868">Egg Group(s):<\/font> Field&nbsp;|&ThickSpace;<font color="#686868">Does Not Evolve<\/font><\/font>

|
|t:|1609279507
|switch|p2a: Tapu Lele|Tapu Lele|95\/281
|-fieldstart|move: Psychic Terrain|[from] ability: Psychic Surge|[of] p2a: Tapu Lele
|turn|11
|
|t:|1609279512
|move|p2a: Tapu Lele|Psychic|p1a: Gastrodon
|-damage|p1a: Gastrodon|0 fnt
|replace|p1a: E-liter|Inteleon-Mega, F
|-end|p1a: E-liter|Illusion
|-start|p1a: E-liter|typechange|Water\/Bug|[silent]
|faint|p1a: E-liter
|
|upkeep
|
|t:|1609279524
|switch|p1a: Pelipper|Pelipper, M|100\/100
|-weather|RainDance|[from] ability: Drizzle|[of] p1a: Pelipper
|turn|12
|
|t:|1609279533
|move|p2a: Tapu Lele|Psychic|p1a: Pelipper
|-damage|p1a: Pelipper|42\/100
|move|p1a: Pelipper|Hurricane|p2a: Tapu Lele
|-damage|p2a: Tapu Lele|0 fnt
|faint|p2a: Tapu Lele
|
|-weather|RainDance|[upkeep]
|upkeep
|
|t:|1609279540
|switch|p2a: Meowstic|Meowstic-F, F|289\/289
|turn|13
|
|t:|1609279553
|detailschange|p2a: Meowstic|Meowstic-F-Mega, F
|-mega|p2a: Meowstic|Meowstic|Meowsticite
|-ability|p2a: Meowstic|Fairy Aura
|-start|p2a: Meowstic|typechange|Psychic\/Fairy|[silent]
|raw|<ul class="utilichart"><li class="result"><span class="col pokemonnamecol" style="white-space: nowrap">Meowstic-F-Mega<\/span> <span class="col typecol"><img src="https:\/\/play.pokemonshowdown.com\/sprites\/types\/Psychic.png" alt="Psychic" height="14" width="32"><img src="https:\/\/play.pokemonshowdown.com\/sprites\/types\/Fairy.png" alt="Fairy" height="14" width="32"><\/span> <span style="float: left ; min-height: 26px"><span class="col abilitycol">Fairy Aura<\/span><span class="col abilitycol"><\/span><\/span><span style="float: left ; min-height: 26px"><span class="col statcol"><em>HP<\/em><br>74<\/span> <span class="col statcol"><em>Atk<\/em><br>48<\/span> <span class="col statcol"><em>Def<\/em><br>91<\/span> <span class="col statcol"><em>SpA<\/em><br>133<\/span> <span class="col statcol"><em>SpD<\/em><br>96<\/span> <span class="col statcol"><em>Spe<\/em><br>124<\/span> <\/span><\/li><li style="clear: both"><\/li><\/ul>
|move|p2a: Meowstic|Moonblast|p1a: Pelipper
|-damage|p1a: Pelipper|0 fnt
|faint|p1a: Pelipper
|
|-weather|RainDance|[upkeep]
|upkeep
|
|t:|1609279560
|switch|p1a: Gastrodon|Gastrodon, F|100\/100
|turn|14
|
|t:|1609279566
|move|p2a: Meowstic|Nasty Plot|p2a: Meowstic
|-boost|p2a: Meowstic|spa|2
|move|p1a: Gastrodon|Scald|p2a: Meowstic
|-damage|p2a: Meowstic|142\/289
|
|-weather|RainDance|[upkeep]
|upkeep
|turn|15
|
|t:|1609279574
|move|p2a: Meowstic|Moonblast|p1a: Gastrodon
|-damage|p1a: Gastrodon|0 fnt
|faint|p1a: Gastrodon
|
|-weather|RainDance|[upkeep]
|-fieldend|move: Psychic Terrain
|upkeep
|
|t:|1609279579
|switch|p1a: Rotom|Rotom-Wash|100\/100
|turn|16
|
|t:|1609279582
|move|p2a: Meowstic|Moonblast|p1a: Rotom
|-damage|p1a: Rotom|0 fnt
|faint|p1a: Rotom
|
|win|Mossy Sandwich
|c|☆Mossy Sandwich|gg
|c|☆BotwNerd745|gg</script>
</div>
<div class="battle-log battle-log-inline"><div class="inner"><div class="battle-options"><div style="padding-top: 3px; padding-right: 3px; text-align: right"><button class="icon button" name="openBattleOptions" title="Options">Battle Options</button></div></div><div class="inner message-log"><div class="chat"><small>☆BotwNerd745 and ☆Mossy Sandwich joined</small></div><div class=""><small>Format:</small> <br><strong>[Gen 8] M4A Monotype</strong></div><div class=""><small><em>Same Type Clause:</em> Pokémon in a team must share a type</small></div><div class=""><small><em>HP Percentage Mod:</em> HP is shown in percentages</small></div><div class=""><small><em>Endless Battle Clause:</em> Forcing endless battles is banned</small></div><div class=""><small><em>OHKO Clause:</em> OHKO moves are banned</small></div><div class=""><small><em>Evasion Moves Clause:</em> Evasion moves are banned</small></div><div class=""><small><em>Species Clause:</em> Limit one of each Pokémon</small></div><div class=""><small><em>Dynamax Clause:</em> You cannot dynamax</small></div><div class=""><small><em>Sleep Clause Mod:</em> Limit one foe put to sleep</small></div><div class=""><small><em>Freeze Clause Mod:</em> Limit one foe frozen</small></div><div class="chat battle-history"><strong>BotwNerd745's team:</strong> <em style="color:#445566;display:block;">Inteleon / Araquanid / Rotom-Wash / Primarina / Pelipper / Gastrodon</em></div><div class="chat battle-history"><strong>Mossy Sandwich's team:</strong> <em style="color:#445566;display:block;">Tapu Lele / Claydol / Hatterene / Meowstic-F / Victini / Necrozma</em></div><div class="chat chatmessage-mossysandwich mine"><strong style="color:#ba49a2"><small>☆</small><span class="username" data-name="Mossy Sandwich">Mossy Sandwich</span>:</strong> <em>gl hf!</em></div><div class="spacer battle-history"><br></div><div class="battle-history">Battle started between BotwNerd745 and Mossy Sandwich!<br></div><div class="spacer battle-history"><br></div><div class="battle-history">BotwNerd745 sent out E-liter (<strong>Inteleon</strong>)!<br></div><div class="spacer battle-history"><br></div><div class="battle-history">Go! <strong>Tapu Lele</strong>!<br></div><div class="battle-history">[Tapu Lele's Psychic Surge]<br><small>The battlefield got weird!</small><br></div><div class="spacer battle-history"><br></div><h2 class="battle-history">Turn 1</h2><div class="chat chatmessage-botwnerd745"><strong style="color:#9835de"><small>☆</small><span class="username" data-name="BotwNerd745">BotwNerd745</span>:</strong> <em>u2</em></div><div class="chat"><small> BlaueBrause joined</small></div><div class="spacer battle-history"><br></div><div class="battle-history"><small>The opposing E-liter's Inteleonite is reacting to the Key Stone!</small><br>The opposing E-liter has Mega Evolved into Mega Inteleon!<br></div><div class="chat"><ul class="utilichart"><li class="result"><span class="col pokemonnamecol" style="white-space: nowrap">Inteleon-Mega</span> <span class="col typecol"><img src="https://play.pokemonshowdown.com/sprites/types/Water.png" alt="Water" height="14" width="32"><img src="https://play.pokemonshowdown.com/sprites/types/Bug.png" alt="Bug" height="14" width="32"></span> <span style="float: left ; min-height: 26px"><span class="col abilitycol">Illusion</span><span class="col abilitycol"></span></span><span style="float: left ; min-height: 26px"><span class="col statcol"><em>HP</em><br>70</span> <span class="col statcol"><em>Atk</em><br>145</span> <span class="col statcol"><em>Def</em><br>102</span> <span class="col statcol"><em>SpA</em><br>85</span> <span class="col statcol"><em>SpD</em><br>102</span> <span class="col statcol"><em>Spe</em><br>126</span> </span></li><li style="clear: both"></li></ul></div><div class="spacer battle-history"><br></div><div class="battle-history">Tapu Lele used <strong>Psychic</strong>!<br></div><div class="battle-history"><small>(The opposing E-liter lost 79% of its health!)</small><br></div><div class="spacer battle-history"><br></div><div class="battle-history">The opposing E-liter used <strong>U-turn</strong>!<br></div><div class="battle-history"><small>(Tapu Lele lost <abbr title="−186/281">66.2%</abbr> of its health!)</small><br></div><div class="spacer battle-history"><br></div><div class="battle-history">The opposing E-liter went back to BotwNerd745!<br></div><div class="battle-history">BotwNerd745 sent out <strong>Araquanid</strong>!<br></div><div class="spacer battle-history"><br></div><h2 class="battle-history">Turn 2</h2><div class="spacer battle-history"><br></div><div class="battle-history">Tapu Lele, come back!<br></div><div class="battle-history">Go! <strong>Hatterene</strong>!<br></div><div class="spacer battle-history"><br></div><div class="battle-history">The opposing Araquanid used <strong>Sticky Web</strong>!<br></div><div class="spacer battle-history"><br></div><div class="battle-history">[Hatterene's Magic Bounce]<br>Hatterene bounced the Sticky Web back!<br></div><div class="battle-history"><small>A sticky web has been laid out on the ground around the opposing team!</small><br></div><div class="spacer battle-history"><br></div><h2 class="battle-history">Turn 3</h2><div class="chat"><small> H2OPulse and  ViZarPKMN joined</small></div><div class="chat chatmessage-botwnerd745"><strong style="color:#9835de"><small>☆</small><span class="username" data-name="BotwNerd745">BotwNerd745</span>:</strong> <em>nice move</em></div><div class="spacer battle-history"><br></div><div class="battle-history">BotwNerd745 withdrew Araquanid!<br></div><div class="battle-history">BotwNerd745 sent out Rotom (<strong>Rotom-Wash</strong>)!<br></div><div class="spacer battle-history"><br></div><div class="battle-history">Hatterene used <strong>Calm Mind</strong>!<br></div><div class="battle-history"><small>Hatterene's Sp. Atk rose!</small><br></div><div class="battle-history"><small>Hatterene's Sp. Def rose!</small><br></div><div class="spacer battle-history"><br></div><h2 class="battle-history">Turn 4</h2><div class="chat"><small> inkbug1 joined</small></div><div class="spacer battle-history"><br></div><div class="battle-history">The opposing Rotom used <strong>Defog</strong>!<br></div><div class="spacer battle-history"><br></div><div class="battle-history">[Hatterene's Magic Bounce]<br>Hatterene bounced the Defog back!<br></div><div class="battle-history"><small>The opposing Rotom's evasiveness fell!</small><br></div><div class="battle-history"><small>The sticky web has disappeared from the ground around the opposing team!</small><br></div><div class="battle-history"><small>The weirdness disappeared from the battlefield!</small><br></div><div class="spacer battle-history"><br></div><div class="battle-history">Hatterene used <strong>Calm Mind</strong>!<br></div><div class="battle-history"><small>Hatterene's Sp. Atk rose!</small><br></div><div class="battle-history"><small>Hatterene's Sp. Def rose!</small><br></div><div class="spacer battle-history"><br></div><h2 class="battle-history">Turn 5</h2><div class="spacer battle-history"><br></div><div class="battle-history">The opposing Rotom used <strong>Volt Switch</strong>!<br></div><div class="battle-history"><small>(Hatterene lost <abbr title="−55/318">17.3%</abbr> of its health!)</small><br></div><div class="spacer battle-history"><br></div><div class="battle-history">The opposing Rotom went back to BotwNerd745!<br></div><div class="battle-history">BotwNerd745 sent out <strong>Araquanid</strong>!<br></div><div class="spacer battle-history"><br></div><div class="battle-history">Hatterene used <strong>Trick Room</strong>!<br></div><div class="battle-history"><small>Hatterene twisted the dimensions!</small><br></div><div class="spacer battle-history"><br></div><div class="battle-history"><small>Hatterene restored a little HP using its Leftovers!</small><br></div><div class="spacer battle-history"><br></div><h2 class="battle-history">Turn 6</h2><div class="spacer battle-history"><br></div><div class="battle-history">Hatterene used <strong>Draining Kiss</strong>!<br></div><div class="battle-history"><small>(The opposing Araquanid lost 36% of its health!)</small><br></div><div class="battle-history"><small>The opposing Araquanid had its energy drained!</small><br></div><div class="spacer battle-history"><br></div><div class="battle-history">The opposing Araquanid used <strong>Liquidation</strong>!<br></div><div class="battle-history"><small>(Hatterene lost <abbr title="−166/318">52.2%</abbr> of its health!)</small><br></div><div class="battle-history"><small>Hatterene's Defense fell!</small><br></div><div class="spacer battle-history"><br></div><div class="battle-history"><small>Hatterene restored a little HP using its Leftovers!</small><br></div><div class="spacer battle-history"><br></div><h2 class="battle-history">Turn 7</h2><div class="spacer battle-history"><br></div><div class="battle-history">Hatterene used <strong>Draining Kiss</strong>!<br></div><div class="battle-history"><small>(The opposing Araquanid lost 36% of its health!)</small><br></div><div class="battle-history"><small>The opposing Araquanid had its energy drained!</small><br></div><div class="spacer battle-history"><br></div><div class="battle-history">The opposing Araquanid used <strong>Liquidation</strong>!<br></div><div class="battle-history"><small>A critical hit!</small><br></div><div class="battle-history"><small>(Hatterene lost <abbr title="−263/318">82.7%</abbr> of its health!)</small><br></div><div class="spacer battle-history"><br></div><div class="battle-history">Hatterene fainted!<br></div><div class="spacer battle-history"><br></div><div class="battle-history">Go! <strong>Necrozma</strong>!<br></div><div class="spacer battle-history"><br></div><h2 class="battle-history">Turn 8</h2><div class="spacer battle-history"><br></div><div class="battle-history">The opposing Araquanid used <strong>Leech Life</strong>!<br></div><div class="battle-history"><small>It's super effective!</small><br></div><div class="battle-history"><small>(Necrozma lost <abbr title="−103/335">30.7%</abbr> of its health!)</small><br></div><div class="battle-history"><small>Necrozma had its energy drained!</small><br></div><div class="battle-history"><small>(Necrozma used its Weakness Policy!)</small><br></div><div class="battle-history"><small>The Weakness Policy sharply raised Necrozma's Attack!</small><br></div><div class="battle-history"><small>The Weakness Policy sharply raised Necrozma's Sp. Atk!</small><br></div><div class="spacer battle-history"><br></div><div class="battle-history">Necrozma used <strong>Photon Geyser</strong>!<br></div><div class="battle-history"><small>(The opposing Araquanid lost 43% of its health!)</small><br></div><div class="spacer battle-history"><br></div><div class="battle-history">The opposing Araquanid fainted!<br></div><div class="spacer battle-history"><br></div><div class="battle-history">BotwNerd745 sent out Splash (<strong>Primarina</strong>)!<br></div><div class="spacer battle-history"><br></div><h2 class="battle-history">Turn 9</h2><div class="spacer battle-history"><br></div><div class="battle-history">The opposing Splash used <strong>Hyper Voice</strong>!<br></div><div class="battle-history"><small>(Necrozma lost <abbr title="−181/335">54.0%</abbr> of its health!)</small><br></div><div class="battle-history"><small>(The opposing Splash used its Throat Spray!)</small><br></div><div class="battle-history"><small>The Throat Spray raised the opposing Splash's Sp. Atk!</small><br></div><div class="spacer battle-history"><br></div><div class="battle-history">Necrozma used <strong>Photon Geyser</strong>!<br></div><div class="battle-history"><small>(The opposing Splash lost 100% of its health!)</small><br></div><div class="spacer battle-history"><br></div><div class="battle-history">The opposing Splash fainted!<br></div><div class="spacer battle-history"><br></div><div class="battle-history"><small>The twisted dimensions returned to normal!</small><br></div><div class="spacer battle-history"><br></div><div class="battle-history">BotwNerd745 sent out <strong>Gastrodon</strong>!<br></div><div class="spacer battle-history"><br></div><h2 class="battle-history">Turn 10</h2><div class="spacer battle-history"><br></div><div class="battle-history">The opposing Gastrodon used <strong>First Impression</strong>!<br></div><div class="battle-history"><small>It's super effective!</small><br></div><div class="battle-history"><small>(Necrozma lost <abbr title="−51/335">15.2%</abbr> of its health!)</small><br></div><div class="spacer battle-history"><br></div><div class="battle-history">Necrozma fainted!<br></div><div class="chat">No Pokémon, item, move, ability or nature named 'meowstic-mega-f' was found. Showing the data of 'Meowstic-Mega' instead.</div><div class="chat"><div class="message"><ul class="utilichart"><li class="result"><span class="col numcol">(PU)</span> <span class="col iconcol"><span class="picon" style="background: transparent url(&quot;https://play.pokemonshowdown.com/sprites/pokemonicons-sheet.png?v4&quot;) no-repeat scroll -0px -0px"></span></span> <span class="col pokemonnamecol" style="white-space: nowrap"><a href="https://dex.pokemonshowdown.com/pokemon/meowsticmega" target="_blank" rel="noopener">Meowstic-Mega</a></span> <span class="col typecol"><img src="https://play.pokemonshowdown.com/sprites/types/Psychic.png" alt="Psychic" height="14" width="32"><img src="https://play.pokemonshowdown.com/sprites/types/Dark.png" alt="Dark" height="14" width="32"></span> <span style="float: left ; min-height: 26px"><span class="col abilitycol">Dark Aura</span><span class="col abilitycol"></span></span><span style="float: left ; min-height: 26px"><span class="col statcol"><em>HP</em><br>74</span> <span class="col statcol"><em>Atk</em><br>133</span> <span class="col statcol"><em>Def</em><br>91</span> <span class="col statcol"><em>SpA</em><br>48</span> <span class="col statcol"><em>SpD</em><br>96</span> <span class="col statcol"><em>Spe</em><br>124</span> <span class="col bstcol"><em>BST<br>566</em></span> </span></li><li style="clear: both"></li></ul></div></div><div class="chat"><font size="1"><font color="#686868">Dex#:</font> 678&nbsp;|  <font color="#686868">Gen:</font> 6&nbsp;|  <font color="#686868">Height:</font> 0.6 m&nbsp;|  <font color="#686868">Weight:</font> 8.5 kg <em>(20 BP)</em>&nbsp;|  <font color="#686868">Dex Colour:</font> Blue&nbsp;|  <font color="#686868">Egg Group(s):</font> Field&nbsp;|  <font color="#686868">Does Not Evolve</font></font></div><div class="spacer battle-history"><br></div><div class="battle-history">Go! <strong>Tapu Lele</strong>!<br></div><div class="battle-history">[Tapu Lele's Psychic Surge]<br><small>The battlefield got weird!</small><br></div><div class="spacer battle-history"><br></div><h2 class="battle-history">Turn 11</h2><div class="spacer battle-history"><br></div><div class="battle-history">Tapu Lele used <strong>Psychic</strong>!<br></div><div class="battle-history"><small>(The opposing Gastrodon lost 21% of its health!)</small><br></div><div class="battle-history"><small>The opposing E-liter's illusion wore off!</small><br></div><div class="spacer battle-history"><br></div><div class="battle-history">The opposing E-liter fainted!<br></div><div class="spacer battle-history"><br></div><div class="battle-history">BotwNerd745 sent out <strong>Pelipper</strong>!<br></div><div class="battle-history">[The opposing Pelipper's Drizzle]<br><small>It started to rain!</small><br></div><div class="spacer battle-history"><br></div><h2 class="battle-history">Turn 12</h2><div class="spacer battle-history"><br></div><div class="battle-history">Tapu Lele used <strong>Psychic</strong>!<br></div><div class="battle-history"><small>(The opposing Pelipper lost 58% of its health!)</small><br></div><div class="spacer battle-history"><br></div><div class="battle-history">The opposing Pelipper used <strong>Hurricane</strong>!<br></div><div class="battle-history"><small>(Tapu Lele lost <abbr title="−95/281">33.8%</abbr> of its health!)</small><br></div><div class="spacer battle-history"><br></div><div class="battle-history">Tapu Lele fainted!<br></div><div class="spacer battle-history"><br></div><div class="battle-history"><small>(Rain continues to fall.)</small><br></div><div class="spacer battle-history"><br></div><div class="battle-history">Go! Meowstic (<strong>Meowstic-F</strong>)!<br></div><div class="spacer battle-history"><br></div><h2 class="battle-history">Turn 13</h2><div class="spacer battle-history"><br></div><div class="battle-history"><small>Meowstic's Meowsticite is reacting to the Key Stone!</small><br>Meowstic has Mega Evolved into Mega Meowstic!<br></div><div class="battle-history">[Meowstic's Fairy Aura]<br><small>Meowstic is radiating a fairy aura!</small><br></div><div class="chat"><ul class="utilichart"><li class="result"><span class="col pokemonnamecol" style="white-space: nowrap">Meowstic-F-Mega</span> <span class="col typecol"><img src="https://play.pokemonshowdown.com/sprites/types/Psychic.png" alt="Psychic" height="14" width="32"><img src="https://play.pokemonshowdown.com/sprites/types/Fairy.png" alt="Fairy" height="14" width="32"></span> <span style="float: left ; min-height: 26px"><span class="col abilitycol">Fairy Aura</span><span class="col abilitycol"></span></span><span style="float: left ; min-height: 26px"><span class="col statcol"><em>HP</em><br>74</span> <span class="col statcol"><em>Atk</em><br>48</span> <span class="col statcol"><em>Def</em><br>91</span> <span class="col statcol"><em>SpA</em><br>133</span> <span class="col statcol"><em>SpD</em><br>96</span> <span class="col statcol"><em>Spe</em><br>124</span> </span></li><li style="clear: both"></li></ul></div><div class="spacer battle-history"><br></div><div class="battle-history">Meowstic used <strong>Moonblast</strong>!<br></div><div class="battle-history"><small>(The opposing Pelipper lost 42% of its health!)</small><br></div><div class="spacer battle-history"><br></div><div class="battle-history">The opposing Pelipper fainted!<br></div><div class="spacer battle-history"><br></div><div class="battle-history"><small>(Rain continues to fall.)</small><br></div><div class="spacer battle-history"><br></div><div class="battle-history">BotwNerd745 sent out <strong>Gastrodon</strong>!<br></div><div class="spacer battle-history"><br></div><h2 class="battle-history">Turn 14</h2><div class="spacer battle-history"><br></div><div class="battle-history">Meowstic used <strong>Nasty Plot</strong>!<br></div><div class="battle-history"><small>Meowstic's Sp. Atk rose sharply!</small><br></div><div class="spacer battle-history"><br></div><div class="battle-history">The opposing Gastrodon used <strong>Scald</strong>!<br></div><div class="battle-history"><small>(Meowstic lost <abbr title="−147/289">50.9%</abbr> of its health!)</small><br></div><div class="spacer battle-history"><br></div><div class="battle-history"><small>(Rain continues to fall.)</small><br></div><div class="spacer battle-history"><br></div><h2 class="battle-history">Turn 15</h2><div class="spacer battle-history"><br></div><div class="battle-history">Meowstic used <strong>Moonblast</strong>!<br></div><div class="battle-history"><small>(The opposing Gastrodon lost 100% of its health!)</small><br></div><div class="spacer battle-history"><br></div><div class="battle-history">The opposing Gastrodon fainted!<br></div><div class="spacer battle-history"><br></div><div class="battle-history"><small>(Rain continues to fall.)</small><br></div><div class="battle-history"><small>The weirdness disappeared from the battlefield!</small><br></div><div class="spacer battle-history"><br></div><div class="battle-history">BotwNerd745 sent out Rotom (<strong>Rotom-Wash</strong>)!<br></div><div class="spacer battle-history"><br></div><h2 class="battle-history">Turn 16</h2><div class="spacer battle-history"><br></div><div class="battle-history">Meowstic used <strong>Moonblast</strong>!<br></div><div class="battle-history"><small>(The opposing Rotom lost 100% of its health!)</small><br></div><div class="spacer battle-history"><br></div><div class="battle-history">The opposing Rotom fainted!<br></div><div class="spacer battle-history"><br></div><div class="battle-history"><strong>Mossy Sandwich</strong> won the battle!<br></div><div class="chat chatmessage-mossysandwich mine"><strong style="color:#ba49a2"><small>☆</small><span class="username" data-name="Mossy Sandwich">Mossy Sandwich</span>:</strong> <em>gg</em></div><div class="chat chatmessage-botwnerd745"><strong style="color:#9835de"><small>☆</small><span class="username" data-name="BotwNerd745">BotwNerd745</span>:</strong> <em>gg</em></div></div><div class="inner-preempt message-log"></div></div></div>
</div>
<script>
let daily = Math.floor(Date.now()/1000/60/60/24);document.write('<script src="https://dragonheaven.herokuapp.com/js/replay-embed.js?version'+daily+'"></'+'script>');
</script>
