<!DOCTYPE html>
<meta charset="utf-8" />
<!-- version 1 -->
<title>[Gen 8] Megas for All replay: JosJet vs. pupugugu</title>
<style>
html,body {font-family:Verdana, sans-serif;font-size:10pt;margin:0;padding:0;}body{padding:12px 0;} .battle-log {font-family:Verdana, sans-serif;font-size:10pt;} .battle-log-inline {border:1px solid #AAAAAA;background:#EEF2F5;color:black;max-width:640px;margin:0 auto 80px;padding-bottom:5px;} .battle-log .inner {padding:4px 8px 0px 8px;} .battle-log .inner-preempt {padding:0 8px 4px 8px;} .battle-log .inner-after {margin-top:0.5em;} .battle-log h2 {margin:0.5em -8px;padding:4px 8px;border:1px solid #AAAAAA;background:#E0E7EA;border-left:0;border-right:0;font-family:Verdana, sans-serif;font-size:13pt;} .battle-log .chat {vertical-align:middle;padding:3px 0 3px 0;font-size:8pt;} .battle-log .chat strong {color:#40576A;} .battle-log .chat em {padding:1px 4px 1px 3px;color:#000000;font-style:normal;} .chat.mine {background:rgba(0,0,0,0.05);margin-left:-8px;margin-right:-8px;padding-left:8px;padding-right:8px;} .spoiler {color:#BBBBBB;background:#BBBBBB;padding:0px 3px;} .spoiler:hover, .spoiler:active, .spoiler-shown {color:#000000;background:#E2E2E2;padding:0px 3px;} .spoiler a {color:#BBBBBB;} .spoiler:hover a, .spoiler:active a, .spoiler-shown a {color:#2288CC;} .chat code, .chat .spoiler:hover code, .chat .spoiler:active code, .chat .spoiler-shown code {border:1px solid #C0C0C0;background:#EEEEEE;color:black;padding:0 2px;} .chat .spoiler code {border:1px solid #CCCCCC;background:#CCCCCC;color:#CCCCCC;} .battle-log .rated {padding:3px 4px;} .battle-log .rated strong {color:white;background:#89A;padding:1px 4px;border-radius:4px;} .spacer {margin-top:0.5em;} .message-announce {background:#6688AA;color:white;padding:1px 4px 2px;} .message-announce a, .broadcast-green a, .broadcast-blue a, .broadcast-red a {color:#DDEEFF;} .broadcast-green {background-color:#559955;color:white;padding:2px 4px;} .broadcast-blue {background-color:#6688AA;color:white;padding:2px 4px;} .infobox {border:1px solid #6688AA;padding:2px 4px;} .infobox-limited {max-height:200px;overflow:auto;overflow-x:hidden;} .broadcast-red {background-color:#AA5544;color:white;padding:2px 4px;} .message-learn-canlearn {font-weight:bold;color:#228822;text-decoration:underline;} .message-learn-cannotlearn {font-weight:bold;color:#CC2222;text-decoration:underline;} .message-effect-weak {font-weight:bold;color:#CC2222;} .message-effect-resist {font-weight:bold;color:#6688AA;} .message-effect-immune {font-weight:bold;color:#666666;} .message-learn-list {margin-top:0;margin-bottom:0;} .message-throttle-notice, .message-error {color:#992222;} .message-overflow, .chat small.message-overflow {font-size:0pt;} .message-overflow::before {font-size:9pt;content:'...';} .subtle {color:#3A4A66;}
</style>
<div class="wrapper replay-wrapper" style="max-width:1180px;margin:0 auto">
<input type="hidden" name="replayid" value="dragonheaven-gen8megasforall-293" />
<div class="battle"></div><div class="battle-log"></div><div class="replay-controls"></div><div class="replay-controls-2"></div>
<h1 style="font-weight:normal;text-align:center"><strong>[Gen 8] Megas for All</strong><br /><a href="http://pokemonshowdown.com/users/josjet" class="subtle" target="_blank">JosJet</a> vs. <a href="http://pokemonshowdown.com/users/pupugugu" class="subtle" target="_blank">pupugugu</a></h1>
<script type="text/plain" class="battle-log-data">|j|☆JosJet
|j|☆pupugugu
|t:|1635146155
|player|p1|JosJet|maid-gen4|
|player|p2|pupugugu|caitlin|
|teamsize|p1|6
|teamsize|p2|6
|gametype|singles
|gen|8
|tier|[Gen 8] Megas for All
|rated|Tournament battle
|clearpoke
|poke|p1|Dhelmise|
|poke|p1|Necrozma|
|poke|p1|Nidoqueen, F|
|poke|p1|Raichu-Alola, F|
|poke|p1|Skuntank, F|
|poke|p1|Terrakion|
|poke|p2|Regirock|
|poke|p2|Appletun, F|
|poke|p2|Mesprit|
|poke|p2|Toxicroak, F|
|poke|p2|Shiftry, M|
|poke|p2|Walrein, M|
|rule|HP Percentage Mod: HP is shown in percentages
|rule|Endless Battle Clause: Forcing endless battles is banned
|rule|OHKO Clause: OHKO moves are banned
|rule|Evasion Moves Clause: Evasion moves are banned
|rule|Species Clause: Limit one of each Pokémon
|rule|Dynamax Clause: You cannot dynamax
|rule|Sleep Clause Mod: Limit one foe put to sleep
|rule|Freeze Clause Mod: Limit one foe frozen
|raw|<img src="https:\/\/raw.githubusercontent.com\/scoopapa\/DH\/master\/data\/mods\/m4av6\/sprites\/m4a_banner.png" height="65" width="381">
|-message|Welcome to Megas for All!
|-message|This is a National Dex-based format where we aim to give a new Mega Evolution to every Pokémon.
|-message|Just like any official format, you can still only Mega Evolve one Pokémon per team!
|-message|You can find our thread and metagame resources here:
|-message|https:\/\/www.smogon.com\/forums\/threads\/3671140\/
|teampreview
|j|#inkbug1

|c|☆pupugugu|glhf
|j| SimpyShrimp
|c| SimpyShrimp|jos
|
|t:|1635146182
|start
|switch|p1a: Nidoqueen|Nidoqueen, F|100\/100
|switch|p2a: Beeg 1|Regirock|100\/100
|turn|1
|c|☆JosJet|ty yt!
|c| SimpyShrimp|win
|c| SimpyShrimp|glhf
|c|☆pupugugu|LOL
|c|☆JosJet|idk if my brain can do that tonight
|c|☆JosJet|but I sure will tryW!
|
|t:|1635146207
|switch|p2a: Beeg 3|Walrein, M|100\/100
|move|p1a: Nidoqueen|Stealth Rock|p2a: Beeg 3
|-sidestart|p2: pupugugu|move: Stealth Rock
|
|upkeep
|turn|2
|
|t:|1635146217
|switch|p1a: Skuntank|Skuntank, F|100\/100
|move|p2a: Beeg 3|Hail|p2a: Beeg 3
|-weather|Hail
|
|-weather|Hail|[upkeep]
|-damage|p1a: Skuntank|94\/100|[from] Hail
|-heal|p1a: Skuntank|100\/100|[from] item: Black Sludge
|upkeep
|turn|3
|
|t:|1635146223
|move|p2a: Beeg 3|Protect|p2a: Beeg 3
|-singleturn|p2a: Beeg 3|Protect
|move|p1a: Skuntank|Taunt|p2a: Beeg 3
|-activate|p2a: Beeg 3|move: Protect
|
|-weather|Hail|[upkeep]
|-damage|p1a: Skuntank|94\/100|[from] Hail
|-heal|p1a: Skuntank|100\/100|[from] item: Black Sludge
|upkeep
|turn|4
|
|t:|1635146228
|switch|p2a: Beeg 1|Regirock|100\/100
|-damage|p2a: Beeg 1|88\/100|[from] Stealth Rock
|move|p1a: Skuntank|Taunt|p2a: Beeg 1
|-start|p2a: Beeg 1|move: Taunt
|
|-weather|Hail|[upkeep]
|-damage|p1a: Skuntank|94\/100|[from] Hail
|-damage|p2a: Beeg 1|82\/100|[from] Hail
|-heal|p1a: Skuntank|100\/100|[from] item: Black Sludge
|upkeep
|turn|5
|
|t:|1635146235
|switch|p1a: Nidoqueen|Nidoqueen, F|100\/100
|detailschange|p2a: Beeg 1|Regirock-Mega
|-mega|p2a: Beeg 1|Regirock|Reginite
|-start|p2a: Beeg 1|typechange|Rock|[silent]
|raw|<ul class="utilichart"><li class="result"><span class="col pokemonnamecol" style="white-space: nowrap">Regirock-Mega<\/span> <span class="col typecol"><img src="https:\/\/play.pokemonshowdown.com\/sprites\/types\/Rock.png" alt="Rock" height="14" width="32"><\/span> <span style="float: left ; min-height: 26px"><span class="col abilitycol">Stamina<\/span><span class="col abilitycol"><\/span><\/span><span style="float: left ; min-height: 26px"><span class="col statcol"><em>HP<\/em><br>80<\/span> <span class="col statcol"><em>Atk<\/em><br>145<\/span> <span class="col statcol"><em>Def<\/em><br>200<\/span> <span class="col statcol"><em>SpA<\/em><br>70<\/span> <span class="col statcol"><em>SpD<\/em><br>120<\/span> <span class="col statcol"><em>Spe<\/em><br>65<\/span> <\/span><\/li><li style="clear: both"><\/li><\/ul>
|-hint|Regirock-Mega was submitted by DrPumpkinz!
|move|p2a: Beeg 1|Body Press|p1a: Nidoqueen
|-resisted|p1a: Nidoqueen
|-damage|p1a: Nidoqueen|74\/100
|
|-weather|Hail|[upkeep]
|-damage|p1a: Nidoqueen|68\/100|[from] Hail
|-damage|p2a: Beeg 1|76\/100|[from] Hail
|upkeep
|turn|6
|
|t:|1635146239
|move|p1a: Nidoqueen|Earth Power|p2a: Beeg 1
|-supereffective|p2a: Beeg 1
|-damage|p2a: Beeg 1|4\/100
|-ability|p2a: Beeg 1|Stamina|boost
|-boost|p2a: Beeg 1|def|1
|move|p2a: Beeg 1|Body Press|p1a: Nidoqueen
|-resisted|p1a: Nidoqueen
|-damage|p1a: Nidoqueen|33\/100
|
|-weather|none
|-end|p2a: Beeg 1|move: Taunt
|upkeep
|turn|7
|c|☆pupugugu|hm
|c|☆pupugugu|i didn't
|c|☆pupugugu|think this through
|c|☆JosJet|lmao
|
|t:|1635146267
|switch|p1a: Dhelmise|Dhelmise|100\/100
|switch|p2a: Angry Leaf|Shiftry, M|100\/100
|-damage|p2a: Angry Leaf|88\/100|[from] Stealth Rock
|
|upkeep
|turn|8
|
|t:|1635146309
|switch|p1a: Skuntank|Skuntank, F|100\/100
|move|p2a: Angry Leaf|Knock Off|p1a: Skuntank
|-resisted|p1a: Skuntank
|-damage|p1a: Skuntank|63\/100
|-enditem|p1a: Skuntank|Black Sludge|[from] move: Knock Off|[of] p2a: Angry Leaf
|-damage|p2a: Angry Leaf|78\/100|[from] item: Life Orb
|
|upkeep
|turn|9
|
|t:|1635146319
|switch|p2a: Beeg 1|Regirock-Mega|4\/100
|-start|p2a: Beeg 1|typechange|Rock|[silent]
|-damage|p2a: Beeg 1|0 fnt|[from] Stealth Rock
|faint|p2a: Beeg 1
|move|p1a: Skuntank|Taunt|p2: Beeg 1|[notarget]
|-fail|p1a: Skuntank
|
|upkeep
|
|t:|1635146337
|switch|p2a: Beeg 2|Appletun, F|100\/100
|-damage|p2a: Beeg 2|88\/100|[from] Stealth Rock
|turn|10
|
|t:|1635146343
|move|p1a: Skuntank|Poison Jab|p2a: Beeg 2
|-supereffective|p2a: Beeg 2
|-crit|p2a: Beeg 2
|-damage|p2a: Beeg 2|0 fnt
|faint|p2a: Beeg 2
|
|upkeep
|c|☆pupugugu|oh no
|c|☆JosJet|omg
|
|t:|1635146348
|switch|p2a: Bem Bem|Toxicroak, F|100\/100
|-damage|p2a: Bem Bem|94\/100|[from] Stealth Rock
|turn|11
|c|☆pupugugu|i wonder if that mattered
|c|☆JosJet|prob
|
|t:|1635146363
|move|p2a: Bem Bem|Swords Dance|p2a: Bem Bem
|-boost|p2a: Bem Bem|atk|2
|move|p1a: Skuntank|Taunt|p2a: Bem Bem
|-start|p2a: Bem Bem|move: Taunt
|
|upkeep
|turn|12
|
|t:|1635146368
|move|p1a: Skuntank|Sucker Punch|p2a: Bem Bem
|-resisted|p2a: Bem Bem
|-damage|p2a: Bem Bem|71\/100
|move|p2a: Bem Bem|Low Kick|p1a: Skuntank
|-damage|p1a: Skuntank|0 fnt
|-damage|p2a: Bem Bem|46\/100|[from] ability: Aftermath|[of] p1a: Skuntank
|-damage|p2a: Bem Bem|37\/100|[from] item: Life Orb
|faint|p1a: Skuntank
|
|upkeep
|c|☆pupugugu|oh right
|c|☆pupugugu|aftermath
|c|☆pupugugu|shoulda thought about that one
|c|☆pupugugu|time to lose to terrak!
|
|t:|1635146415
|switch|p1a: Terrakion|Terrakion|100\/100
|turn|13
|
|t:|1635146454
|switch|p2a: Pink Baby|Mesprit|100\/100
|-damage|p2a: Pink Baby|88\/100|[from] Stealth Rock
|move|p1a: Terrakion|Earthquake|p2a: Pink Baby
|-immune|p2a: Pink Baby|[from] ability: Levitate
|
|upkeep
|turn|14
|
|t:|1635146475
|switch|p1a: Necrozma|Necrozma|100\/100
|move|p2a: Pink Baby|U-turn|p1a: Necrozma
|-supereffective|p1a: Necrozma
|-damage|p1a: Necrozma|79\/100
|
|t:|1635146480
|switch|p2a: Beeg 3|Walrein, M|100\/100|[from]move: U-turn
|
|upkeep
|turn|15
|
|t:|1635146493
|move|p1a: Necrozma|Autotomize|p1a: Necrozma
|-boost|p1a: Necrozma|spe|2
|-start|p1a: Necrozma|Autotomize
|move|p2a: Beeg 3|Hail|p2a: Beeg 3
|-weather|Hail
|
|-weather|Hail|[upkeep]
|-damage|p1a: Necrozma|73\/100|[from] Hail
|upkeep
|turn|16
|
|t:|1635146498
|move|p2a: Beeg 3|Protect|p2a: Beeg 3
|-singleturn|p2a: Beeg 3|Protect
|move|p1a: Necrozma|Meteor Beam||[still]
|-prepare|p1a: Necrozma|Meteor Beam
|-boost|p1a: Necrozma|spa|1
|-enditem|p1a: Necrozma|Power Herb
|-anim|p1a: Necrozma|Meteor Beam|p2a: Beeg 3
|-activate|p2a: Beeg 3|move: Protect
|
|-weather|Hail|[upkeep]
|-damage|p1a: Necrozma|67\/100|[from] Hail
|upkeep
|turn|17
|
|t:|1635146501
|move|p1a: Necrozma|Meteor Beam||[still]
|-prepare|p1a: Necrozma|Meteor Beam
|-boost|p1a: Necrozma|spa|1
|move|p2a: Beeg 3|Substitute|p2a: Beeg 3
|-start|p2a: Beeg 3|Substitute
|-damage|p2a: Beeg 3|76\/100
|
|-weather|Hail|[upkeep]
|-damage|p1a: Necrozma|61\/100|[from] Hail
|-heal|p2a: Beeg 3|82\/100|[from] ability: Ice Body
|upkeep
|turn|18
|
|t:|1635146508
|move|p2a: Beeg 3|Protect|p2a: Beeg 3
|-singleturn|p2a: Beeg 3|Protect
|move|p1a: Necrozma|Meteor Beam|p2a: Beeg 3|[from]lockedmove
|-activate|p2a: Beeg 3|move: Protect
|
|-weather|Hail|[upkeep]
|-damage|p1a: Necrozma|55\/100|[from] Hail
|-heal|p2a: Beeg 3|88\/100|[from] ability: Ice Body
|upkeep
|turn|19
|
|t:|1635146518
|move|p1a: Necrozma|Photon Geyser|p2a: Beeg 3
|-end|p2a: Beeg 3|Substitute
|move|p2a: Beeg 3|Yawn|p1a: Necrozma
|-start|p1a: Necrozma|move: Yawn|[of] p2a: Beeg 3
|
|-weather|none
|upkeep
|turn|20
|
|t:|1635146553
|move|p2a: Beeg 3|Protect|p2a: Beeg 3
|-singleturn|p2a: Beeg 3|Protect
|move|p1a: Necrozma|Photon Geyser|p2a: Beeg 3
|-activate|p2a: Beeg 3|move: Protect
|
|-end|p1a: Necrozma|move: Yawn|[silent]
|-status|p1a: Necrozma|slp
|upkeep
|turn|21
|
|t:|1635146556
|cant|p1a: Necrozma|slp
|move|p2a: Beeg 3|Substitute|p2a: Beeg 3
|-start|p2a: Beeg 3|Substitute
|-damage|p2a: Beeg 3|63\/100
|
|upkeep
|turn|22
|
|t:|1635146558
|cant|p1a: Necrozma|slp
|move|p2a: Beeg 3|Hail|p2a: Beeg 3
|-weather|Hail
|
|-weather|Hail|[upkeep]
|-damage|p1a: Necrozma|49\/100 slp|[from] Hail
|-heal|p2a: Beeg 3|69\/100|[from] ability: Ice Body
|upkeep
|turn|23
|
|t:|1635146561
|move|p2a: Beeg 3|Protect|p2a: Beeg 3
|-singleturn|p2a: Beeg 3|Protect
|-curestatus|p1a: Necrozma|slp|[msg]
|move|p1a: Necrozma|Photon Geyser|p2a: Beeg 3
|-activate|p2a: Beeg 3|move: Protect
|
|-weather|Hail|[upkeep]
|-damage|p1a: Necrozma|43\/100|[from] Hail
|-heal|p2a: Beeg 3|75\/100|[from] ability: Ice Body
|upkeep
|turn|24
|
|t:|1635146563
|move|p1a: Necrozma|Photon Geyser|p2a: Beeg 3
|-end|p2a: Beeg 3|Substitute
|move|p2a: Beeg 3|Yawn|p1a: Necrozma
|-start|p1a: Necrozma|move: Yawn|[of] p2a: Beeg 3
|
|-weather|Hail|[upkeep]
|-damage|p1a: Necrozma|37\/100|[from] Hail
|-heal|p2a: Beeg 3|82\/100|[from] ability: Ice Body
|upkeep
|turn|25
|
|t:|1635146567
|switch|p1a: Raichu|Raichu-Alola, F|100\/100
|move|p2a: Beeg 3|Protect||[still]
|-fail|p2a: Beeg 3
|
|-weather|Hail|[upkeep]
|-damage|p1a: Raichu|94\/100|[from] Hail
|-heal|p2a: Beeg 3|88\/100|[from] ability: Ice Body
|upkeep
|turn|26
|
|t:|1635146577
|switch|p2a: Angry Leaf|Shiftry, M|78\/100
|-damage|p2a: Angry Leaf|66\/100|[from] Stealth Rock
|-zpower|p1a: Raichu
|move|p1a: Raichu|Stoked Sparksurfer|p2a: Angry Leaf|[zeffect]
|-resisted|p2a: Angry Leaf
|-damage|p2a: Angry Leaf|7\/100
|-status|p2a: Angry Leaf|par
|
|-weather|none
|upkeep
|turn|27
|
|t:|1635146582
|move|p2a: Angry Leaf|Sucker Punch|p1a: Raichu
|-supereffective|p1a: Raichu
|-damage|p1a: Raichu|0 fnt
|-damage|p2a: Angry Leaf|0 fnt|[from] item: Life Orb
|faint|p1a: Raichu
|faint|p2a: Angry Leaf
|
|upkeep
|
|t:|1635146600
|switch|p1a: Dhelmise|Dhelmise|100\/100
|switch|p2a: Beeg 3|Walrein, M|88\/100
|turn|28
|
|t:|1635146605
|detailschange|p1a: Dhelmise|Dhelmise-Mega
|-mega|p1a: Dhelmise|Dhelmise|Dhelmite
|-weather|PrimordialSea|[from] ability: Primordial Sea|[of] p1a: Dhelmise
|-start|p1a: Dhelmise|typechange|Ghost\/Steel|[silent]
|raw|<ul class="utilichart"><li class="result"><span class="col pokemonnamecol" style="white-space: nowrap">Dhelmise-Mega<\/span> <span class="col typecol"><img src="https:\/\/play.pokemonshowdown.com\/sprites\/types\/Ghost.png" alt="Ghost" height="14" width="32"><img src="https:\/\/play.pokemonshowdown.com\/sprites\/types\/Steel.png" alt="Steel" height="14" width="32"><\/span> <span style="float: left ; min-height: 26px"><span class="col abilitycol">Primordial Sea<\/span><span class="col abilitycol"><\/span><\/span><span style="float: left ; min-height: 26px"><span class="col statcol"><em>HP<\/em><br>70<\/span> <span class="col statcol"><em>Atk<\/em><br>151<\/span> <span class="col statcol"><em>Def<\/em><br>115<\/span> <span class="col statcol"><em>SpA<\/em><br>116<\/span> <span class="col statcol"><em>SpD<\/em><br>115<\/span> <span class="col statcol"><em>Spe<\/em><br>50<\/span> <\/span><\/li><li style="clear: both"><\/li><\/ul>
|-hint|Dhelmise-Mega was submitted by Mossy Sandwich!
|move|p2a: Beeg 3|Yawn|p1a: Dhelmise
|-start|p1a: Dhelmise|move: Yawn|[of] p2a: Beeg 3
|move|p1a: Dhelmise|Anchor Shot|p2a: Beeg 3
|-damage|p2a: Beeg 3|45\/100
|-activate|p2a: Beeg 3|trapped
|
|-weather|PrimordialSea|[upkeep]
|upkeep
|turn|29
|
|t:|1635146612
|move|p2a: Beeg 3|Protect|p2a: Beeg 3
|-singleturn|p2a: Beeg 3|Protect
|move|p1a: Dhelmise|Flip Turn|p2a: Beeg 3
|-activate|p2a: Beeg 3|move: Protect
|
|-weather|PrimordialSea|[upkeep]
|-end|p1a: Dhelmise|move: Yawn|[silent]
|-status|p1a: Dhelmise|slp
|upkeep
|turn|30
|c|☆pupugugu|wait
|c|☆pupugugu|i can't escape anyway
|c|☆pupugugu|hm
|c|☆pupugugu|i didn't
|c|☆pupugugu|think this one through
|c|☆pupugugu|xD
|
|t:|1635146626
|move|p2a: Beeg 3|Substitute|p2a: Beeg 3
|-start|p2a: Beeg 3|Substitute
|-damage|p2a: Beeg 3|20\/100
|cant|p1a: Dhelmise|slp
|
|-weather|PrimordialSea|[upkeep]
|upkeep
|turn|31
|
|t:|1635146629
|move|p2a: Beeg 3|Protect|p2a: Beeg 3
|-singleturn|p2a: Beeg 3|Protect
|cant|p1a: Dhelmise|slp
|
|-weather|PrimordialSea|[upkeep]
|upkeep
|turn|32
|c|☆JosJet|xD
|c|☆pupugugu|i can't even
|c|☆pupugugu|remove the rain
|
|t:|1635146643
|move|p2a: Beeg 3|Protect||[still]
|-fail|p2a: Beeg 3
|-curestatus|p1a: Dhelmise|slp|[msg]
|move|p1a: Dhelmise|Swords Dance|p1a: Dhelmise
|-boost|p1a: Dhelmise|atk|2
|
|-weather|PrimordialSea|[upkeep]
|upkeep
|turn|33
|
|t:|1635146652
|move|p2a: Beeg 3|Yawn|p1a: Dhelmise
|-start|p1a: Dhelmise|move: Yawn|[of] p2a: Beeg 3
|move|p1a: Dhelmise|Anchor Shot|p2a: Beeg 3
|-crit|p2a: Beeg 3
|-end|p2a: Beeg 3|Substitute
|
|-weather|PrimordialSea|[upkeep]
|upkeep
|turn|34
|c| SimpyShrimp|randbat
|
|t:|1635146668
|move|p2a: Beeg 3|Hail|p2a: Beeg 3
|-fail|p2a: Beeg 3|Hail|[from] primordialsea
|move|p1a: Dhelmise|Flip Turn|p2a: Beeg 3
|-resisted|p2a: Beeg 3
|-damage|p2a: Beeg 3|0 fnt
|faint|p2a: Beeg 3
|c| SimpyShrimp|~~more like rainbat~~
|c|☆pupugugu|"there is no relief"
|c|☆pupugugu|that's exactly how i feel right now v.v
|
|t:|1635146693
|-weather|none
|switch|p1a: Necrozma|Necrozma|37\/100|[from]move: Flip Turn
|
|upkeep
|
|t:|1635146699
|switch|p2a: Bem Bem|Toxicroak, F|37\/100
|-damage|p2a: Bem Bem|30\/100|[from] Stealth Rock
|turn|35
|
|t:|1635146707
|move|p2a: Bem Bem|Gunk Shot|p1a: Necrozma
|-damage|p1a: Necrozma|0 fnt
|-damage|p2a: Bem Bem|21\/100|[from] item: Life Orb
|faint|p1a: Necrozma
|
|upkeep
|
|t:|1635146718
|switch|p1a: Terrakion|Terrakion|100\/100
|turn|36
|c|☆pupugugu|this is rly unfortunate
|c|☆pupugugu|mesprit can't beat both dhelm and terrak v.v
|c|☆pupugugu|actually
|c|☆pupugugu|scratch that
|c|☆pupugugu|it can't beat dhelm at all LOL
|
|t:|1635146737
|move|p2a: Bem Bem|Sucker Punch|p1a: Terrakion
|-resisted|p1a: Terrakion
|-crit|p1a: Terrakion
|-damage|p1a: Terrakion|77\/100
|-ability|p1a: Terrakion|Justified|boost
|-boost|p1a: Terrakion|atk|1
|-damage|p2a: Bem Bem|11\/100|[from] item: Life Orb
|move|p1a: Terrakion|Stone Edge|p2a: Bem Bem
|-resisted|p2a: Bem Bem
|-damage|p2a: Bem Bem|0 fnt
|faint|p2a: Bem Bem
|
|upkeep
|
|t:|1635146739
|switch|p2a: Pink Baby|Mesprit|88\/100
|-damage|p2a: Pink Baby|76\/100|[from] Stealth Rock
|turn|37
|
|t:|1635146742
|move|p2a: Pink Baby|Psychic|p1a: Terrakion
|-supereffective|p1a: Terrakion
|-damage|p1a: Terrakion|0 fnt
|faint|p1a: Terrakion
|
|upkeep
|c|☆JosJet|you never know
|
|t:|1635146750
|switch|p1a: Dhelmise|Dhelmise-Mega|100\/100
|-start|p1a: Dhelmise|typechange|Ghost\/Steel|[silent]
|-weather|PrimordialSea|[from] ability: Primordial Sea|[of] p1a: Dhelmise
|turn|38
|c|☆JosJet|crit into 5 misses
|c| SimpyShrimp|vamos
|
|t:|1635146764
|move|p2a: Pink Baby|Psychic|p1a: Dhelmise
|-resisted|p1a: Dhelmise
|-damage|p1a: Dhelmise|83\/100
|move|p1a: Dhelmise|Poltergeist|p2a: Pink Baby|[miss]
|-miss|p1a: Dhelmise|p2a: Pink Baby
|
|-weather|PrimordialSea|[upkeep]
|upkeep
|turn|39
|c|☆pupugugu|LET'S DO THIS BABY
|c|#inkbug1|good start
|c|☆JosJet|lmao
|
|t:|1635146774
|move|p2a: Pink Baby|Psychic|p1a: Dhelmise
|-resisted|p1a: Dhelmise
|-damage|p1a: Dhelmise|66\/100
|move|p1a: Dhelmise|Poltergeist|p2a: Pink Baby
|-activate|p2a: Pink Baby|move: Poltergeist|Choice Scarf
|-supereffective|p2a: Pink Baby
|-damage|p2a: Pink Baby|0 fnt
|faint|p2a: Pink Baby
|
|win|JosJet
|c|☆pupugugu|aw
|c|☆pupugugu|gg
|c|☆JosJet|gg!
|c| SimpyShrimp|gg</script>
</div>
<div class="battle-log battle-log-inline"><div class="inner"><div class="battle-options"><div style="padding-top: 3px; padding-right: 3px; text-align: right"><button class="icon button" name="openBattleOptions" title="Options">Battle Options</button></div></div><div class="inner message-log"><div class="chat"><small>☆JosJet and ☆pupugugu joined</small></div><div class=""><small>Format:</small> <br><strong>[Gen 8] Megas for All</strong></div><div class="rated"><strong>Tournament battle</strong></div><div class=""><small><em>HP Percentage Mod:</em> HP is shown in percentages</small></div><div class=""><small><em>Endless Battle Clause:</em> Forcing endless battles is banned</small></div><div class=""><small><em>OHKO Clause:</em> OHKO moves are banned</small></div><div class=""><small><em>Evasion Moves Clause:</em> Evasion moves are banned</small></div><div class=""><small><em>Species Clause:</em> Limit one of each Pokémon</small></div><div class=""><small><em>Dynamax Clause:</em> You cannot dynamax</small></div><div class=""><small><em>Sleep Clause Mod:</em> Limit one foe put to sleep</small></div><div class=""><small><em>Freeze Clause Mod:</em> Limit one foe frozen</small></div><div class="chat"><img src="https://raw.githubusercontent.com/scoopapa/DH/master/data/mods/m4av6/sprites/m4a_banner.png" height="65" width="381"></div><div class="spacer battle-history"><br></div><div class="battle-history"><small>Welcome to Megas for All!</small><br></div><div class="battle-history"><small>This is a National Dex-based format where we aim to give a new Mega Evolution to every Pokémon.</small><br></div><div class="battle-history"><small>Just like any official format, you can still only Mega Evolve one Pokémon per team!</small><br></div><div class="battle-history"><small>You can find our thread and metagame resources here:</small><br></div><div class="battle-history"><small>https://www.smogon.com/forums/threads/3671140/</small><br></div><div class="chat battle-history"><strong>JosJet's team:</strong> <em style="color:#445566;display:block;">Dhelmise / Necrozma / Nidoqueen / Raichu-Alola / Skuntank / Terrakion</em></div><div class="chat battle-history"><strong>pupugugu's team:</strong> <em style="color:#445566;display:block;">Regirock / Appletun / Mesprit / Toxicroak / Shiftry / Walrein</em></div><div class="chat"><small>#inkbug1 joined</small></div><div class="chat chatmessage-pupugugu"><strong style="color:#2b7b91"><small>☆</small><span class="username" data-name="pupugugu">pupugugu</span>:</strong> <em>glhf</em></div><div class="chat"><small> SimpyShrimp joined</small></div><div class="chat chatmessage-simpyshrimp"><strong style="color:#ae6819"><small> </small><span class="username" data-name="SimpyShrimp">SimpyShrimp</span>:</strong> <em>jos</em></div><div class="spacer battle-history"><br></div><div class="battle-history">Battle started between JosJet and pupugugu!<br></div><div class="spacer battle-history"><br></div><div class="battle-history">Go! <strong>Nidoqueen</strong>!<br></div><div class="spacer battle-history"><br></div><div class="battle-history">pupugugu sent out Beeg 1 (<strong>Regirock</strong>)!<br></div><div class="spacer battle-history"><br></div><h2 class="battle-history">Turn 1</h2><div class="chat chatmessage-josjet"><strong style="color:#41b2b6"><small>☆</small><span class="username" data-name="JosJet">JosJet</span>:</strong> <em>ty yt!</em></div><div class="chat chatmessage-simpyshrimp"><strong style="color:#ae6819"><small> </small><span class="username" data-name="SimpyShrimp">SimpyShrimp</span>:</strong> <em>win</em></div><div class="chat chatmessage-simpyshrimp"><strong style="color:#ae6819"><small> </small><span class="username" data-name="SimpyShrimp">SimpyShrimp</span>:</strong> <em>glhf</em></div><div class="chat chatmessage-pupugugu"><strong style="color:#2b7b91"><small>☆</small><span class="username" data-name="pupugugu">pupugugu</span>:</strong> <em>LOL</em></div><div class="chat chatmessage-josjet"><strong style="color:#41b2b6"><small>☆</small><span class="username" data-name="JosJet">JosJet</span>:</strong> <em>idk if my brain can do that tonight</em></div><div class="chat chatmessage-josjet"><strong style="color:#41b2b6"><small>☆</small><span class="username" data-name="JosJet">JosJet</span>:</strong> <em>but I sure will tryW!</em></div><div class="spacer battle-history"><br></div><div class="battle-history">pupugugu withdrew Beeg 1!<br></div><div class="battle-history">pupugugu sent out Beeg 3 (<strong>Walrein</strong>)!<br></div><div class="spacer battle-history"><br></div><div class="battle-history">Nidoqueen used <strong>Stealth Rock</strong>!<br></div><div class="battle-history"><small>Pointed stones float in the air around the opposing team!</small><br></div><div class="spacer battle-history"><br></div><h2 class="battle-history">Turn 2</h2><div class="spacer battle-history"><br></div><div class="battle-history">Nidoqueen, come back!<br></div><div class="battle-history">Go! <strong>Skuntank</strong>!<br></div><div class="spacer battle-history"><br></div><div class="battle-history">The opposing Beeg 3 used <strong>Hail</strong>!<br></div><div class="battle-history"><small>It started to hail!</small><br></div><div class="spacer battle-history"><br></div><div class="battle-history"><small>(The hail is crashing down.)</small><br></div><div class="battle-history"><small>Skuntank is buffeted by the hail!</small><br></div><div class="battle-history"><small>Skuntank restored a little HP using its Black Sludge!</small><br></div><div class="spacer battle-history"><br></div><h2 class="battle-history">Turn 3</h2><div class="spacer battle-history"><br></div><div class="battle-history">The opposing Beeg 3 used <strong>Protect</strong>!<br></div><div class="battle-history"><small>The opposing Beeg 3 protected itself!</small><br></div><div class="spacer battle-history"><br></div><div class="battle-history">Skuntank used <strong>Taunt</strong>!<br></div><div class="battle-history"><small>The opposing Beeg 3 protected itself!</small><br></div><div class="spacer battle-history"><br></div><div class="battle-history"><small>(The hail is crashing down.)</small><br></div><div class="battle-history"><small>Skuntank is buffeted by the hail!</small><br></div><div class="battle-history"><small>Skuntank restored a little HP using its Black Sludge!</small><br></div><div class="spacer battle-history"><br></div><h2 class="battle-history">Turn 4</h2><div class="spacer battle-history"><br></div><div class="battle-history">pupugugu withdrew Beeg 3!<br></div><div class="battle-history">pupugugu sent out Beeg 1 (<strong>Regirock</strong>)!<br></div><div class="battle-history"><small>Pointed stones dug into the opposing Beeg 1!</small><br></div><div class="spacer battle-history"><br></div><div class="battle-history">Skuntank used <strong>Taunt</strong>!<br></div><div class="battle-history"><small>The opposing Beeg 1 fell for the taunt!</small><br></div><div class="spacer battle-history"><br></div><div class="battle-history"><small>(The hail is crashing down.)</small><br></div><div class="battle-history"><small>Skuntank is buffeted by the hail!</small><br></div><div class="battle-history"><small>The opposing Beeg 1 is buffeted by the hail!</small><br></div><div class="battle-history"><small>Skuntank restored a little HP using its Black Sludge!</small><br></div><div class="spacer battle-history"><br></div><h2 class="battle-history">Turn 5</h2><div class="spacer battle-history"><br></div><div class="battle-history">Skuntank, come back!<br></div><div class="battle-history">Go! <strong>Nidoqueen</strong>!<br></div><div class="spacer battle-history"><br></div><div class="battle-history"><small>The opposing Beeg 1's Reginite is reacting to the Key Stone!</small><br>The opposing Beeg 1 has Mega Evolved into Mega Regirock!<br></div><div class="chat"><ul class="utilichart"><li class="result"><span class="col pokemonnamecol" style="white-space: nowrap">Regirock-Mega</span> <span class="col typecol"><img src="https://play.pokemonshowdown.com/sprites/types/Rock.png" alt="Rock" height="14" width="32"></span> <span style="float: left ; min-height: 26px"><span class="col abilitycol">Stamina</span><span class="col abilitycol"></span></span><span style="float: left ; min-height: 26px"><span class="col statcol"><em>HP</em><br>80</span> <span class="col statcol"><em>Atk</em><br>145</span> <span class="col statcol"><em>Def</em><br>200</span> <span class="col statcol"><em>SpA</em><br>70</span> <span class="col statcol"><em>SpD</em><br>120</span> <span class="col statcol"><em>Spe</em><br>65</span> </span></li><li style="clear: both"></li></ul></div><div class="battle-history"><small>(Regirock-Mega was submitted by DrPumpkinz!)</small><br></div><div class="spacer battle-history"><br></div><div class="battle-history">The opposing Beeg 1 used <strong>Body Press</strong>!<br></div><div class="battle-history"><small>It's not very effective...</small><br></div><div class="battle-history"><small>(Nidoqueen lost 26% of its health!)</small><br></div><div class="spacer battle-history"><br></div><div class="battle-history"><small>(The hail is crashing down.)</small><br></div><div class="battle-history"><small>Nidoqueen is buffeted by the hail!</small><br></div><div class="battle-history"><small>The opposing Beeg 1 is buffeted by the hail!</small><br></div><div class="spacer battle-history"><br></div><h2 class="battle-history">Turn 6</h2><div class="spacer battle-history"><br></div><div class="battle-history">Nidoqueen used <strong>Earth Power</strong>!<br></div><div class="battle-history"><small>It's super effective!</small><br></div><div class="battle-history"><small>(The opposing Beeg 1 lost 72% of its health!)</small><br></div><div class="battle-history">[The opposing Beeg 1's Stamina]<br></div><div class="battle-history"><small>The opposing Beeg 1's Defense rose!</small><br></div><div class="spacer battle-history"><br></div><div class="battle-history">The opposing Beeg 1 used <strong>Body Press</strong>!<br></div><div class="battle-history"><small>It's not very effective...</small><br></div><div class="battle-history"><small>(Nidoqueen lost 35% of its health!)</small><br></div><div class="spacer battle-history"><br></div><div class="battle-history"><small>The hail stopped.</small><br></div><div class="battle-history"><small>The opposing Beeg 1 shook off the taunt!</small><br></div><div class="spacer battle-history"><br></div><h2 class="battle-history">Turn 7</h2><div class="chat chatmessage-pupugugu"><strong style="color:#2b7b91"><small>☆</small><span class="username" data-name="pupugugu">pupugugu</span>:</strong> <em>hm</em></div><div class="chat chatmessage-pupugugu"><strong style="color:#2b7b91"><small>☆</small><span class="username" data-name="pupugugu">pupugugu</span>:</strong> <em>i didn't</em></div><div class="chat chatmessage-pupugugu"><strong style="color:#2b7b91"><small>☆</small><span class="username" data-name="pupugugu">pupugugu</span>:</strong> <em>think this through</em></div><div class="chat chatmessage-josjet"><strong style="color:#41b2b6"><small>☆</small><span class="username" data-name="JosJet">JosJet</span>:</strong> <em>lmao</em></div><div class="spacer battle-history"><br></div><div class="battle-history">Nidoqueen, come back!<br></div><div class="battle-history">Go! <strong>Dhelmise</strong>!<br></div><div class="spacer battle-history"><br></div><div class="battle-history">pupugugu withdrew Beeg 1!<br></div><div class="battle-history">pupugugu sent out Angry Leaf (<strong>Shiftry</strong>)!<br></div><div class="battle-history"><small>Pointed stones dug into the opposing Angry Leaf!</small><br></div><div class="spacer battle-history"><br></div><h2 class="battle-history">Turn 8</h2><div class="spacer battle-history"><br></div><div class="battle-history">Dhelmise, come back!<br></div><div class="battle-history">Go! <strong>Skuntank</strong>!<br></div><div class="spacer battle-history"><br></div><div class="battle-history">The opposing Angry Leaf used <strong>Knock Off</strong>!<br></div><div class="battle-history"><small>It's not very effective...</small><br></div><div class="battle-history"><small>(Skuntank lost 37% of its health!)</small><br></div><div class="battle-history"><small>The opposing Angry Leaf knocked off Skuntank's Black Sludge!</small><br></div><div class="battle-history"><small>The opposing Angry Leaf lost some of its HP!</small><br></div><div class="spacer battle-history"><br></div><h2 class="battle-history">Turn 9</h2><div class="spacer battle-history"><br></div><div class="battle-history">pupugugu withdrew Angry Leaf!<br></div><div class="battle-history">pupugugu sent out Beeg 1 (<strong>Regirock-Mega</strong>)!<br></div><div class="battle-history"><small>Pointed stones dug into the opposing Beeg 1!</small><br></div><div class="spacer battle-history"><br></div><div class="battle-history">The opposing Beeg 1 fainted!<br></div><div class="battle-history">Skuntank used <strong>Taunt</strong>!<br></div><div class="battle-history"><small>But it failed!</small><br></div><div class="spacer battle-history"><br></div><div class="battle-history">pupugugu sent out Beeg 2 (<strong>Appletun</strong>)!<br></div><div class="battle-history"><small>Pointed stones dug into the opposing Beeg 2!</small><br></div><div class="spacer battle-history"><br></div><h2 class="battle-history">Turn 10</h2><div class="spacer battle-history"><br></div><div class="battle-history">Skuntank used <strong>Poison Jab</strong>!<br></div><div class="battle-history"><small>It's super effective!</small><br></div><div class="battle-history"><small>A critical hit!</small><br></div><div class="battle-history"><small>(The opposing Beeg 2 lost 88% of its health!)</small><br></div><div class="spacer battle-history"><br></div><div class="battle-history">The opposing Beeg 2 fainted!<br></div><div class="chat chatmessage-pupugugu"><strong style="color:#2b7b91"><small>☆</small><span class="username" data-name="pupugugu">pupugugu</span>:</strong> <em>oh no</em></div><div class="chat chatmessage-josjet"><strong style="color:#41b2b6"><small>☆</small><span class="username" data-name="JosJet">JosJet</span>:</strong> <em>omg</em></div><div class="spacer battle-history"><br></div><div class="battle-history">pupugugu sent out Bem Bem (<strong>Toxicroak</strong>)!<br></div><div class="battle-history"><small>Pointed stones dug into the opposing Bem Bem!</small><br></div><div class="spacer battle-history"><br></div><h2 class="battle-history">Turn 11</h2><div class="chat chatmessage-pupugugu"><strong style="color:#2b7b91"><small>☆</small><span class="username" data-name="pupugugu">pupugugu</span>:</strong> <em>i wonder if that mattered</em></div><div class="chat chatmessage-josjet"><strong style="color:#41b2b6"><small>☆</small><span class="username" data-name="JosJet">JosJet</span>:</strong> <em>prob</em></div><div class="spacer battle-history"><br></div><div class="battle-history">The opposing Bem Bem used <strong>Swords Dance</strong>!<br></div><div class="battle-history"><small>The opposing Bem Bem's Attack rose sharply!</small><br></div><div class="spacer battle-history"><br></div><div class="battle-history">Skuntank used <strong>Taunt</strong>!<br></div><div class="battle-history"><small>The opposing Bem Bem fell for the taunt!</small><br></div><div class="spacer battle-history"><br></div><h2 class="battle-history">Turn 12</h2><div class="spacer battle-history"><br></div><div class="battle-history">Skuntank used <strong>Sucker Punch</strong>!<br></div><div class="battle-history"><small>It's not very effective...</small><br></div><div class="battle-history"><small>(The opposing Bem Bem lost 23% of its health!)</small><br></div><div class="spacer battle-history"><br></div><div class="battle-history">The opposing Bem Bem used <strong>Low Kick</strong>!<br></div><div class="battle-history"><small>(Skuntank lost 63% of its health!)</small><br></div><div class="battle-history">[Skuntank's Aftermath]<br><small>The opposing Bem Bem was hurt!</small><br></div><div class="battle-history"><small>The opposing Bem Bem lost some of its HP!</small><br></div><div class="spacer battle-history"><br></div><div class="battle-history">Skuntank fainted!<br></div><div class="chat chatmessage-pupugugu"><strong style="color:#2b7b91"><small>☆</small><span class="username" data-name="pupugugu">pupugugu</span>:</strong> <em>oh right</em></div><div class="chat chatmessage-pupugugu"><strong style="color:#2b7b91"><small>☆</small><span class="username" data-name="pupugugu">pupugugu</span>:</strong> <em>aftermath</em></div><div class="chat chatmessage-pupugugu"><strong style="color:#2b7b91"><small>☆</small><span class="username" data-name="pupugugu">pupugugu</span>:</strong> <em>shoulda thought about that one</em></div><div class="chat chatmessage-pupugugu"><strong style="color:#2b7b91"><small>☆</small><span class="username" data-name="pupugugu">pupugugu</span>:</strong> <em>time to lose to terrak!</em></div><div class="spacer battle-history"><br></div><div class="battle-history">Go! <strong>Terrakion</strong>!<br></div><div class="spacer battle-history"><br></div><h2 class="battle-history">Turn 13</h2><div class="spacer battle-history"><br></div><div class="battle-history">pupugugu withdrew Bem Bem!<br></div><div class="battle-history">pupugugu sent out Pink Baby (<strong>Mesprit</strong>)!<br></div><div class="battle-history"><small>Pointed stones dug into the opposing Pink Baby!</small><br></div><div class="spacer battle-history"><br></div><div class="battle-history">Terrakion used <strong>Earthquake</strong>!<br></div><div class="battle-history">[The opposing Pink Baby's Levitate]<br><small>It doesn't affect the opposing Pink Baby...</small><br></div><div class="spacer battle-history"><br></div><h2 class="battle-history">Turn 14</h2><div class="spacer battle-history"><br></div><div class="battle-history">Terrakion, come back!<br></div><div class="battle-history">Go! <strong>Necrozma</strong>!<br></div><div class="spacer battle-history"><br></div><div class="battle-history">The opposing Pink Baby used <strong>U-turn</strong>!<br></div><div class="battle-history"><small>It's super effective!</small><br></div><div class="battle-history"><small>(Necrozma lost 21% of its health!)</small><br></div><div class="spacer battle-history"><br></div><div class="battle-history">The opposing Pink Baby went back to pupugugu!<br></div><div class="battle-history">pupugugu sent out Beeg 3 (<strong>Walrein</strong>)!<br></div><div class="spacer battle-history"><br></div><h2 class="battle-history">Turn 15</h2><div class="spacer battle-history"><br></div><div class="battle-history">Necrozma used <strong>Autotomize</strong>!<br></div><div class="battle-history"><small>Necrozma's Speed rose sharply!</small><br></div><div class="battle-history"><small>Necrozma became nimble!</small><br></div><div class="spacer battle-history"><br></div><div class="battle-history">The opposing Beeg 3 used <strong>Hail</strong>!<br></div><div class="battle-history"><small>It started to hail!</small><br></div><div class="spacer battle-history"><br></div><div class="battle-history"><small>(The hail is crashing down.)</small><br></div><div class="battle-history"><small>Necrozma is buffeted by the hail!</small><br></div><div class="spacer battle-history"><br></div><h2 class="battle-history">Turn 16</h2><div class="spacer battle-history"><br></div><div class="battle-history">The opposing Beeg 3 used <strong>Protect</strong>!<br></div><div class="battle-history"><small>The opposing Beeg 3 protected itself!</small><br></div><div class="spacer battle-history"><br></div><div class="battle-history">Necrozma used <strong>Meteor Beam</strong>!<br></div><div class="battle-history">Necrozma is overflowing with space power!<br></div><div class="battle-history"><small>Necrozma's Sp. Atk rose!</small><br></div><div class="battle-history"><small>Necrozma became fully charged due to its Power Herb!</small><br></div><div class="battle-history"><small>The opposing Beeg 3 protected itself!</small><br></div><div class="spacer battle-history"><br></div><div class="battle-history"><small>(The hail is crashing down.)</small><br></div><div class="battle-history"><small>Necrozma is buffeted by the hail!</small><br></div><div class="spacer battle-history"><br></div><h2 class="battle-history">Turn 17</h2><div class="spacer battle-history"><br></div><div class="battle-history">Necrozma used <strong>Meteor Beam</strong>!<br></div><div class="battle-history">Necrozma is overflowing with space power!<br></div><div class="battle-history"><small>Necrozma's Sp. Atk rose!</small><br></div><div class="spacer battle-history"><br></div><div class="battle-history">The opposing Beeg 3 used <strong>Substitute</strong>!<br></div><div class="battle-history"><small>The opposing Beeg 3 put in a substitute!</small><br></div><div class="battle-history"><small>(The opposing Beeg 3 lost 24% of its health!)</small><br></div><div class="spacer battle-history"><br></div><div class="battle-history"><small>(The hail is crashing down.)</small><br></div><div class="battle-history"><small>Necrozma is buffeted by the hail!</small><br></div><div class="battle-history">[The opposing Beeg 3's Ice Body]<br><small>The opposing Beeg 3 had its HP restored.</small><br></div><div class="spacer battle-history"><br></div><h2 class="battle-history">Turn 18</h2><div class="spacer battle-history"><br></div><div class="battle-history">The opposing Beeg 3 used <strong>Protect</strong>!<br></div><div class="battle-history"><small>The opposing Beeg 3 protected itself!</small><br></div><div class="spacer battle-history"><br></div><div class="battle-history">Necrozma used <strong>Meteor Beam</strong>!<br></div><div class="battle-history"><small>The opposing Beeg 3 protected itself!</small><br></div><div class="spacer battle-history"><br></div><div class="battle-history"><small>(The hail is crashing down.)</small><br></div><div class="battle-history"><small>Necrozma is buffeted by the hail!</small><br></div><div class="battle-history">[The opposing Beeg 3's Ice Body]<br><small>The opposing Beeg 3 had its HP restored.</small><br></div><div class="spacer battle-history"><br></div><h2 class="battle-history">Turn 19</h2><div class="spacer battle-history"><br></div><div class="battle-history">Necrozma used <strong>Photon Geyser</strong>!<br></div><div class="battle-history"><small>The opposing Beeg 3's substitute faded!</small><br></div><div class="spacer battle-history"><br></div><div class="battle-history">The opposing Beeg 3 used <strong>Yawn</strong>!<br></div><div class="battle-history"><small>Necrozma grew drowsy!</small><br></div><div class="spacer battle-history"><br></div><div class="battle-history"><small>The hail stopped.</small><br></div><div class="spacer battle-history"><br></div><h2 class="battle-history">Turn 20</h2><div class="spacer battle-history"><br></div><div class="battle-history">The opposing Beeg 3 used <strong>Protect</strong>!<br></div><div class="battle-history"><small>The opposing Beeg 3 protected itself!</small><br></div><div class="spacer battle-history"><br></div><div class="battle-history">Necrozma used <strong>Photon Geyser</strong>!<br></div><div class="battle-history"><small>The opposing Beeg 3 protected itself!</small><br></div><div class="spacer battle-history"><br></div><div class="battle-history"><small>Necrozma fell asleep!</small><br></div><div class="spacer battle-history"><br></div><h2 class="battle-history">Turn 21</h2><div class="spacer battle-history"><br></div><div class="battle-history">Necrozma is fast asleep.<br></div><div class="spacer battle-history"><br></div><div class="battle-history">The opposing Beeg 3 used <strong>Substitute</strong>!<br></div><div class="battle-history"><small>The opposing Beeg 3 put in a substitute!</small><br></div><div class="battle-history"><small>(The opposing Beeg 3 lost 25% of its health!)</small><br></div><div class="spacer battle-history"><br></div><h2 class="battle-history">Turn 22</h2><div class="spacer battle-history"><br></div><div class="battle-history">Necrozma is fast asleep.<br></div><div class="spacer battle-history"><br></div><div class="battle-history">The opposing Beeg 3 used <strong>Hail</strong>!<br></div><div class="battle-history"><small>It started to hail!</small><br></div><div class="spacer battle-history"><br></div><div class="battle-history"><small>(The hail is crashing down.)</small><br></div><div class="battle-history"><small>Necrozma is buffeted by the hail!</small><br></div><div class="battle-history">[The opposing Beeg 3's Ice Body]<br><small>The opposing Beeg 3 had its HP restored.</small><br></div><div class="spacer battle-history"><br></div><h2 class="battle-history">Turn 23</h2><div class="spacer battle-history"><br></div><div class="battle-history">The opposing Beeg 3 used <strong>Protect</strong>!<br></div><div class="battle-history"><small>The opposing Beeg 3 protected itself!</small><br></div><div class="battle-history"><small>Necrozma woke up!</small><br></div><div class="spacer battle-history"><br></div><div class="battle-history">Necrozma used <strong>Photon Geyser</strong>!<br></div><div class="battle-history"><small>The opposing Beeg 3 protected itself!</small><br></div><div class="spacer battle-history"><br></div><div class="battle-history"><small>(The hail is crashing down.)</small><br></div><div class="battle-history"><small>Necrozma is buffeted by the hail!</small><br></div><div class="battle-history">[The opposing Beeg 3's Ice Body]<br><small>The opposing Beeg 3 had its HP restored.</small><br></div><div class="spacer battle-history"><br></div><h2 class="battle-history">Turn 24</h2><div class="spacer battle-history"><br></div><div class="battle-history">Necrozma used <strong>Photon Geyser</strong>!<br></div><div class="battle-history"><small>The opposing Beeg 3's substitute faded!</small><br></div><div class="spacer battle-history"><br></div><div class="battle-history">The opposing Beeg 3 used <strong>Yawn</strong>!<br></div><div class="battle-history"><small>Necrozma grew drowsy!</small><br></div><div class="spacer battle-history"><br></div><div class="battle-history"><small>(The hail is crashing down.)</small><br></div><div class="battle-history"><small>Necrozma is buffeted by the hail!</small><br></div><div class="battle-history">[The opposing Beeg 3's Ice Body]<br><small>The opposing Beeg 3 had its HP restored.</small><br></div><div class="spacer battle-history"><br></div><h2 class="battle-history">Turn 25</h2><div class="spacer battle-history"><br></div><div class="battle-history">Necrozma, come back!<br></div><div class="battle-history">Go! Raichu (<strong>Raichu-Alola</strong>)!<br></div><div class="spacer battle-history"><br></div><div class="battle-history">The opposing Beeg 3 used <strong>Protect</strong>!<br></div><div class="battle-history"><small>But it failed!</small><br></div><div class="spacer battle-history"><br></div><div class="battle-history"><small>(The hail is crashing down.)</small><br></div><div class="battle-history"><small>Raichu is buffeted by the hail!</small><br></div><div class="battle-history">[The opposing Beeg 3's Ice Body]<br><small>The opposing Beeg 3 had its HP restored.</small><br></div><div class="spacer battle-history"><br></div><h2 class="battle-history">Turn 26</h2><div class="spacer battle-history"><br></div><div class="battle-history">pupugugu withdrew Beeg 3!<br></div><div class="battle-history">pupugugu sent out Angry Leaf (<strong>Shiftry</strong>)!<br></div><div class="battle-history"><small>Pointed stones dug into the opposing Angry Leaf!</small><br></div><div class="battle-history"><small>Raichu surrounded itself with its Z-Power!</small><br></div><div class="spacer battle-history"><br></div><div class="battle-history"><small>Raichu unleashes its full-force Z-Move!</small><br>Raichu used <strong>Stoked Sparksurfer</strong>!<br></div><div class="battle-history"><small>It's not very effective...</small><br></div><div class="battle-history"><small>(The opposing Angry Leaf lost 59% of its health!)</small><br></div><div class="battle-history"><small>The opposing Angry Leaf is paralyzed! It may be unable to move!</small><br></div><div class="spacer battle-history"><br></div><div class="battle-history"><small>The hail stopped.</small><br></div><div class="spacer battle-history"><br></div><h2 class="battle-history">Turn 27</h2><div class="spacer battle-history"><br></div><div class="battle-history">The opposing Angry Leaf used <strong>Sucker Punch</strong>!<br></div><div class="battle-history"><small>It's super effective!</small><br></div><div class="battle-history"><small>(Raichu lost 94% of its health!)</small><br></div><div class="battle-history"><small>The opposing Angry Leaf lost some of its HP!</small><br></div><div class="spacer battle-history"><br></div><div class="battle-history">Raichu fainted!<br></div><div class="battle-history">The opposing Angry Leaf fainted!<br></div><div class="spacer battle-history"><br></div><div class="battle-history">Go! <strong>Dhelmise</strong>!<br></div><div class="spacer battle-history"><br></div><div class="battle-history">pupugugu sent out Beeg 3 (<strong>Walrein</strong>)!<br></div><div class="spacer battle-history"><br></div><h2 class="battle-history">Turn 28</h2><div class="spacer battle-history"><br></div><div class="battle-history"><small>Dhelmise's Dhelmite is reacting to the Key Stone!</small><br>Dhelmise has Mega Evolved into Mega Dhelmise!<br></div><div class="battle-history">[Dhelmise's Primordial Sea]<br><small>A heavy rain began to fall!</small><br></div><div class="chat"><ul class="utilichart"><li class="result"><span class="col pokemonnamecol" style="white-space: nowrap">Dhelmise-Mega</span> <span class="col typecol"><img src="https://play.pokemonshowdown.com/sprites/types/Ghost.png" alt="Ghost" height="14" width="32"><img src="https://play.pokemonshowdown.com/sprites/types/Steel.png" alt="Steel" height="14" width="32"></span> <span style="float: left ; min-height: 26px"><span class="col abilitycol">Primordial Sea</span><span class="col abilitycol"></span></span><span style="float: left ; min-height: 26px"><span class="col statcol"><em>HP</em><br>70</span> <span class="col statcol"><em>Atk</em><br>151</span> <span class="col statcol"><em>Def</em><br>115</span> <span class="col statcol"><em>SpA</em><br>116</span> <span class="col statcol"><em>SpD</em><br>115</span> <span class="col statcol"><em>Spe</em><br>50</span> </span></li><li style="clear: both"></li></ul></div><div class="battle-history"><small>(Dhelmise-Mega was submitted by Mossy Sandwich!)</small><br></div><div class="spacer battle-history"><br></div><div class="battle-history">The opposing Beeg 3 used <strong>Yawn</strong>!<br></div><div class="battle-history"><small>Dhelmise grew drowsy!</small><br></div><div class="spacer battle-history"><br></div><div class="battle-history">Dhelmise used <strong>Anchor Shot</strong>!<br></div><div class="battle-history"><small>(The opposing Beeg 3 lost 43% of its health!)</small><br></div><div class="battle-history"><small>The opposing Beeg 3 can no longer escape!</small><br></div><div class="spacer battle-history"><br></div><h2 class="battle-history">Turn 29</h2><div class="spacer battle-history"><br></div><div class="battle-history">The opposing Beeg 3 used <strong>Protect</strong>!<br></div><div class="battle-history"><small>The opposing Beeg 3 protected itself!</small><br></div><div class="spacer battle-history"><br></div><div class="battle-history">Dhelmise used <strong>Flip Turn</strong>!<br></div><div class="battle-history"><small>The opposing Beeg 3 protected itself!</small><br></div><div class="spacer battle-history"><br></div><div class="battle-history"><small>Dhelmise fell asleep!</small><br></div><div class="spacer battle-history"><br></div><h2 class="battle-history">Turn 30</h2><div class="chat chatmessage-pupugugu"><strong style="color:#2b7b91"><small>☆</small><span class="username" data-name="pupugugu">pupugugu</span>:</strong> <em>wait</em></div><div class="chat chatmessage-pupugugu"><strong style="color:#2b7b91"><small>☆</small><span class="username" data-name="pupugugu">pupugugu</span>:</strong> <em>i can't escape anyway</em></div><div class="chat chatmessage-pupugugu"><strong style="color:#2b7b91"><small>☆</small><span class="username" data-name="pupugugu">pupugugu</span>:</strong> <em>hm</em></div><div class="chat chatmessage-pupugugu"><strong style="color:#2b7b91"><small>☆</small><span class="username" data-name="pupugugu">pupugugu</span>:</strong> <em>i didn't</em></div><div class="chat chatmessage-pupugugu"><strong style="color:#2b7b91"><small>☆</small><span class="username" data-name="pupugugu">pupugugu</span>:</strong> <em>think this one through</em></div><div class="chat chatmessage-pupugugu"><strong style="color:#2b7b91"><small>☆</small><span class="username" data-name="pupugugu">pupugugu</span>:</strong> <em>xD</em></div><div class="spacer battle-history"><br></div><div class="battle-history">The opposing Beeg 3 used <strong>Substitute</strong>!<br></div><div class="battle-history"><small>The opposing Beeg 3 put in a substitute!</small><br></div><div class="battle-history"><small>(The opposing Beeg 3 lost 25% of its health!)</small><br></div><div class="spacer battle-history"><br></div><div class="battle-history">Dhelmise is fast asleep.<br></div><div class="spacer battle-history"><br></div><h2 class="battle-history">Turn 31</h2><div class="spacer battle-history"><br></div><div class="battle-history">The opposing Beeg 3 used <strong>Protect</strong>!<br></div><div class="battle-history"><small>The opposing Beeg 3 protected itself!</small><br></div><div class="spacer battle-history"><br></div><div class="battle-history">Dhelmise is fast asleep.<br></div><div class="spacer battle-history"><br></div><h2 class="battle-history">Turn 32</h2><div class="chat chatmessage-josjet"><strong style="color:#41b2b6"><small>☆</small><span class="username" data-name="JosJet">JosJet</span>:</strong> <em>xD</em></div><div class="chat chatmessage-pupugugu"><strong style="color:#2b7b91"><small>☆</small><span class="username" data-name="pupugugu">pupugugu</span>:</strong> <em>i can't even</em></div><div class="chat chatmessage-pupugugu"><strong style="color:#2b7b91"><small>☆</small><span class="username" data-name="pupugugu">pupugugu</span>:</strong> <em>remove the rain</em></div><div class="spacer battle-history"><br></div><div class="battle-history">The opposing Beeg 3 used <strong>Protect</strong>!<br></div><div class="battle-history"><small>But it failed!</small><br></div><div class="battle-history"><small>Dhelmise woke up!</small><br></div><div class="spacer battle-history"><br></div><div class="battle-history">Dhelmise used <strong>Swords Dance</strong>!<br></div><div class="battle-history"><small>Dhelmise's Attack rose sharply!</small><br></div><div class="spacer battle-history"><br></div><h2 class="battle-history">Turn 33</h2><div class="spacer battle-history"><br></div><div class="battle-history">The opposing Beeg 3 used <strong>Yawn</strong>!<br></div><div class="battle-history"><small>Dhelmise grew drowsy!</small><br></div><div class="spacer battle-history"><br></div><div class="battle-history">Dhelmise used <strong>Anchor Shot</strong>!<br></div><div class="battle-history"><small>A critical hit!</small><br></div><div class="battle-history"><small>The opposing Beeg 3's substitute faded!</small><br></div><div class="spacer battle-history"><br></div><h2 class="battle-history">Turn 34</h2><div class="chat chatmessage-simpyshrimp"><strong style="color:#ae6819"><small> </small><span class="username" data-name="SimpyShrimp">SimpyShrimp</span>:</strong> <em>randbat</em></div><div class="spacer battle-history"><br></div><div class="battle-history">The opposing Beeg 3 used <strong>Hail</strong>!<br></div><div class="battle-history"><small>There is no relief from this heavy rain!</small><br></div><div class="spacer battle-history"><br></div><div class="battle-history">Dhelmise used <strong>Flip Turn</strong>!<br></div><div class="battle-history"><small>It's not very effective...</small><br></div><div class="battle-history"><small>(The opposing Beeg 3 lost 20% of its health!)</small><br></div><div class="spacer battle-history"><br></div><div class="battle-history">The opposing Beeg 3 fainted!<br></div><div class="chat chatmessage-simpyshrimp"><strong style="color:#ae6819"><small> </small><span class="username" data-name="SimpyShrimp">SimpyShrimp</span>:</strong> <em><s>more like rainbat</s></em></div><div class="chat chatmessage-pupugugu"><strong style="color:#2b7b91"><small>☆</small><span class="username" data-name="pupugugu">pupugugu</span>:</strong> <em>"there is no relief"</em></div><div class="chat chatmessage-pupugugu"><strong style="color:#2b7b91"><small>☆</small><span class="username" data-name="pupugugu">pupugugu</span>:</strong> <em>that's exactly how i feel right now v.v</em></div><div class="spacer battle-history"><br></div><div class="battle-history"><small>The heavy rain has lifted!</small><br></div><div class="spacer battle-history"><br></div><div class="battle-history">Dhelmise, come back!<br></div><div class="battle-history">Go! <strong>Necrozma</strong>!<br></div><div class="spacer battle-history"><br></div><div class="battle-history">pupugugu sent out Bem Bem (<strong>Toxicroak</strong>)!<br></div><div class="battle-history"><small>Pointed stones dug into the opposing Bem Bem!</small><br></div><div class="spacer battle-history"><br></div><h2 class="battle-history">Turn 35</h2><div class="spacer battle-history"><br></div><div class="battle-history">The opposing Bem Bem used <strong>Gunk Shot</strong>!<br></div><div class="battle-history"><small>(Necrozma lost 37% of its health!)</small><br></div><div class="battle-history"><small>The opposing Bem Bem lost some of its HP!</small><br></div><div class="spacer battle-history"><br></div><div class="battle-history">Necrozma fainted!<br></div><div class="spacer battle-history"><br></div><div class="battle-history">Go! <strong>Terrakion</strong>!<br></div><div class="spacer battle-history"><br></div><h2 class="battle-history">Turn 36</h2><div class="chat chatmessage-pupugugu"><strong style="color:#2b7b91"><small>☆</small><span class="username" data-name="pupugugu">pupugugu</span>:</strong> <em>this is rly unfortunate</em></div><div class="chat chatmessage-pupugugu"><strong style="color:#2b7b91"><small>☆</small><span class="username" data-name="pupugugu">pupugugu</span>:</strong> <em>mesprit can't beat both dhelm and terrak v.v</em></div><div class="chat chatmessage-pupugugu"><strong style="color:#2b7b91"><small>☆</small><span class="username" data-name="pupugugu">pupugugu</span>:</strong> <em>actually</em></div><div class="chat chatmessage-pupugugu"><strong style="color:#2b7b91"><small>☆</small><span class="username" data-name="pupugugu">pupugugu</span>:</strong> <em>scratch that</em></div><div class="chat chatmessage-pupugugu"><strong style="color:#2b7b91"><small>☆</small><span class="username" data-name="pupugugu">pupugugu</span>:</strong> <em>it can't beat dhelm at all LOL</em></div><div class="spacer battle-history"><br></div><div class="battle-history">The opposing Bem Bem used <strong>Sucker Punch</strong>!<br></div><div class="battle-history"><small>It's not very effective...</small><br></div><div class="battle-history"><small>A critical hit!</small><br></div><div class="battle-history"><small>(Terrakion lost 23% of its health!)</small><br></div><div class="battle-history">[Terrakion's Justified]<br></div><div class="battle-history"><small>Terrakion's Attack rose!</small><br></div><div class="battle-history"><small>The opposing Bem Bem lost some of its HP!</small><br></div><div class="spacer battle-history"><br></div><div class="battle-history">Terrakion used <strong>Stone Edge</strong>!<br></div><div class="battle-history"><small>It's not very effective...</small><br></div><div class="battle-history"><small>(The opposing Bem Bem lost 11% of its health!)</small><br></div><div class="spacer battle-history"><br></div><div class="battle-history">The opposing Bem Bem fainted!<br></div><div class="spacer battle-history"><br></div><div class="battle-history">pupugugu sent out Pink Baby (<strong>Mesprit</strong>)!<br></div><div class="battle-history"><small>Pointed stones dug into the opposing Pink Baby!</small><br></div><div class="spacer battle-history"><br></div><h2 class="battle-history">Turn 37</h2><div class="spacer battle-history"><br></div><div class="battle-history">The opposing Pink Baby used <strong>Psychic</strong>!<br></div><div class="battle-history"><small>It's super effective!</small><br></div><div class="battle-history"><small>(Terrakion lost 77% of its health!)</small><br></div><div class="spacer battle-history"><br></div><div class="battle-history">Terrakion fainted!<br></div><div class="chat chatmessage-josjet"><strong style="color:#41b2b6"><small>☆</small><span class="username" data-name="JosJet">JosJet</span>:</strong> <em>you never know</em></div><div class="spacer battle-history"><br></div><div class="battle-history">Go! Dhelmise (<strong>Dhelmise-Mega</strong>)!<br></div><div class="battle-history">[Dhelmise's Primordial Sea]<br><small>A heavy rain began to fall!</small><br></div><div class="spacer battle-history"><br></div><h2 class="battle-history">Turn 38</h2><div class="chat chatmessage-josjet"><strong style="color:#41b2b6"><small>☆</small><span class="username" data-name="JosJet">JosJet</span>:</strong> <em>crit into 5 misses</em></div><div class="chat chatmessage-simpyshrimp"><strong style="color:#ae6819"><small> </small><span class="username" data-name="SimpyShrimp">SimpyShrimp</span>:</strong> <em>vamos</em></div><div class="spacer battle-history"><br></div><div class="battle-history">The opposing Pink Baby used <strong>Psychic</strong>!<br></div><div class="battle-history"><small>It's not very effective...</small><br></div><div class="battle-history"><small>(Dhelmise lost 17% of its health!)</small><br></div><div class="spacer battle-history"><br></div><div class="battle-history">Dhelmise used <strong>Poltergeist</strong>!<br></div><div class="battle-history"><small>The opposing Pink Baby avoided the attack!</small><br></div><div class="spacer battle-history"><br></div><h2 class="battle-history">Turn 39</h2><div class="chat chatmessage-pupugugu"><strong style="color:#2b7b91"><small>☆</small><span class="username" data-name="pupugugu">pupugugu</span>:</strong> <em>LET'S DO THIS BABY</em></div><div class="chat chatmessage-inkbug1 mine"><strong style="color:#e46e0f"><small>#</small><span class="username" data-name="inkbug1">inkbug1</span>:</strong> <em>good start</em></div><div class="chat chatmessage-josjet"><strong style="color:#41b2b6"><small>☆</small><span class="username" data-name="JosJet">JosJet</span>:</strong> <em>lmao</em></div><div class="spacer battle-history"><br></div><div class="battle-history">The opposing Pink Baby used <strong>Psychic</strong>!<br></div><div class="battle-history"><small>It's not very effective...</small><br></div><div class="battle-history"><small>(Dhelmise lost 17% of its health!)</small><br></div><div class="spacer battle-history"><br></div><div class="battle-history">Dhelmise used <strong>Poltergeist</strong>!<br></div><div class="battle-history"><small>The opposing Pink Baby is about to be attacked by its Choice Scarf!</small><br></div><div class="battle-history"><small>It's super effective!</small><br></div><div class="battle-history"><small>(The opposing Pink Baby lost 76% of its health!)</small><br></div><div class="spacer battle-history"><br></div><div class="battle-history">The opposing Pink Baby fainted!<br></div><div class="spacer battle-history"><br></div><div class="battle-history"><strong>JosJet</strong> won the battle!<br></div><div class="chat chatmessage-pupugugu"><strong style="color:#2b7b91"><small>☆</small><span class="username" data-name="pupugugu">pupugugu</span>:</strong> <em>aw</em></div><div class="chat chatmessage-pupugugu"><strong style="color:#2b7b91"><small>☆</small><span class="username" data-name="pupugugu">pupugugu</span>:</strong> <em>gg</em></div><div class="chat chatmessage-josjet"><strong style="color:#41b2b6"><small>☆</small><span class="username" data-name="JosJet">JosJet</span>:</strong> <em>gg!</em></div><div class="chat chatmessage-simpyshrimp"><strong style="color:#ae6819"><small> </small><span class="username" data-name="SimpyShrimp">SimpyShrimp</span>:</strong> <em>gg</em></div></div><div class="inner-preempt message-log"></div></div></div>
</div>
<script>
let daily = Math.floor(Date.now()/1000/60/60/24);document.write('<script src="https://dragonheaven.herokuapp.com/js/replay-embed.js?version'+daily+'"></'+'script>');
</script>
