<!DOCTYPE html>
<meta charset="utf-8" />
<!-- version 1 -->
<title>[Gen 8] Megas for All replay: Not mossy vs. FierceHawk192</title>
<style>
html,body {font-family:Verdana, sans-serif;font-size:10pt;margin:0;padding:0;}body{padding:12px 0;} .battle-log {font-family:Verdana, sans-serif;font-size:10pt;} .battle-log-inline {border:1px solid #AAAAAA;background:#EEF2F5;color:black;max-width:640px;margin:0 auto 80px;padding-bottom:5px;} .battle-log .inner {padding:4px 8px 0px 8px;} .battle-log .inner-preempt {padding:0 8px 4px 8px;} .battle-log .inner-after {margin-top:0.5em;} .battle-log h2 {margin:0.5em -8px;padding:4px 8px;border:1px solid #AAAAAA;background:#E0E7EA;border-left:0;border-right:0;font-family:Verdana, sans-serif;font-size:13pt;} .battle-log .chat {vertical-align:middle;padding:3px 0 3px 0;font-size:8pt;} .battle-log .chat strong {color:#40576A;} .battle-log .chat em {padding:1px 4px 1px 3px;color:#000000;font-style:normal;} .chat.mine {background:rgba(0,0,0,0.05);margin-left:-8px;margin-right:-8px;padding-left:8px;padding-right:8px;} .spoiler {color:#BBBBBB;background:#BBBBBB;padding:0px 3px;} .spoiler:hover, .spoiler:active, .spoiler-shown {color:#000000;background:#E2E2E2;padding:0px 3px;} .spoiler a {color:#BBBBBB;} .spoiler:hover a, .spoiler:active a, .spoiler-shown a {color:#2288CC;} .chat code, .chat .spoiler:hover code, .chat .spoiler:active code, .chat .spoiler-shown code {border:1px solid #C0C0C0;background:#EEEEEE;color:black;padding:0 2px;} .chat .spoiler code {border:1px solid #CCCCCC;background:#CCCCCC;color:#CCCCCC;} .battle-log .rated {padding:3px 4px;} .battle-log .rated strong {color:white;background:#89A;padding:1px 4px;border-radius:4px;} .spacer {margin-top:0.5em;} .message-announce {background:#6688AA;color:white;padding:1px 4px 2px;} .message-announce a, .broadcast-green a, .broadcast-blue a, .broadcast-red a {color:#DDEEFF;} .broadcast-green {background-color:#559955;color:white;padding:2px 4px;} .broadcast-blue {background-color:#6688AA;color:white;padding:2px 4px;} .infobox {border:1px solid #6688AA;padding:2px 4px;} .infobox-limited {max-height:200px;overflow:auto;overflow-x:hidden;} .broadcast-red {background-color:#AA5544;color:white;padding:2px 4px;} .message-learn-canlearn {font-weight:bold;color:#228822;text-decoration:underline;} .message-learn-cannotlearn {font-weight:bold;color:#CC2222;text-decoration:underline;} .message-effect-weak {font-weight:bold;color:#CC2222;} .message-effect-resist {font-weight:bold;color:#6688AA;} .message-effect-immune {font-weight:bold;color:#666666;} .message-learn-list {margin-top:0;margin-bottom:0;} .message-throttle-notice, .message-error {color:#992222;} .message-overflow, .chat small.message-overflow {font-size:0pt;} .message-overflow::before {font-size:9pt;content:'...';} .subtle {color:#3A4A66;}
</style>
<div class="wrapper replay-wrapper" style="max-width:1180px;margin:0 auto">
<input type="hidden" name="replayid" value="dragonheaven-gen8megasforall-317" />
<div class="battle"></div><div class="battle-log"></div><div class="replay-controls"></div><div class="replay-controls-2"></div>
<h1 style="font-weight:normal;text-align:center"><strong>[Gen 8] Megas for All</strong><br /><a href="http://pokemonshowdown.com/users/notmossy" class="subtle" target="_blank">Not mossy</a> vs. <a href="http://pokemonshowdown.com/users/fiercehawk192" class="subtle" target="_blank">FierceHawk192</a></h1>
<script type="text/plain" class="battle-log-data">|j|☆Not mossy
|j|☆FierceHawk192
|t:|1642201929
|player|p1|Not mossy|bill-gen3|
|player|p2|FierceHawk192|pokemonranger|
|teamsize|p1|6
|teamsize|p2|6
|gametype|singles
|gen|8
|tier|[Gen 8] Megas for All
|clearpoke
|poke|p1|Flygon, M|
|poke|p1|Excadrill, M|
|poke|p1|Magnezone|
|poke|p1|Tapu Fini|
|poke|p1|Ferrothorn, F|
|poke|p1|Zapdos|
|poke|p2|Slowking, M|
|poke|p2|Cinderace, M|
|poke|p2|Tangrowth, M|
|poke|p2|Magnezone|
|poke|p2|Kommo-o, M|
|poke|p2|Togekiss, F|
|rule|HP Percentage Mod: HP is shown in percentages
|rule|Endless Battle Clause: Forcing endless battles is banned
|rule|OHKO Clause: OHKO moves are banned
|rule|Evasion Moves Clause: Evasion moves are banned
|rule|Species Clause: Limit one of each Pokémon
|rule|Dynamax Clause: You cannot dynamax
|rule|Sleep Clause Mod: Limit one foe put to sleep
|rule|Freeze Clause Mod: Limit one foe frozen
|raw|<img src="https:\/\/raw.githubusercontent.com\/scoopapa\/DH\/master\/data\/mods\/m4av6\/sprites\/m4a_banner.png" height="65" width="381">
|-message|Welcome to Megas for All!
|-message|This is a National Dex-based format where we aim to give a new Mega Evolution to every Pokémon.
|-message|Just like any official format, you can still only Mega Evolve one Pokémon per team!
|-message|You can find our thread and metagame resources here:
|-message|https:\/\/www.smogon.com\/forums\/threads\/3671140\/
|teampreview
|c|☆Not mossy|gl hf
|c|☆FierceHawk192|glhf
|
|t:|1642201944
|start
|switch|p1a: Flygon|Flygon, M|100\/100
|switch|p2a: Togekiss|Togekiss, F|100\/100
|turn|1
|
|t:|1642201950
|switch|p1a: Ferrothorn|Ferrothorn, F|100\/100
|move|p2a: Togekiss|Dazzling Gleam|p1a: Ferrothorn
|-resisted|p1a: Ferrothorn
|-damage|p1a: Ferrothorn|87\/100
|
|-heal|p1a: Ferrothorn|94\/100|[from] item: Leftovers
|upkeep
|turn|2
|j| Sticky Fingaa
|
|t:|1642201957
|switch|p2a: Kommo-o|Kommo-o, M|100\/100
|move|p1a: Ferrothorn|Spikes|p2a: Kommo-o
|-sidestart|p2: FierceHawk192|Spikes
|
|-heal|p1a: Ferrothorn|99\/100|[from] item: Leftovers
|upkeep
|turn|3
|
|t:|1642201962
|move|p2a: Kommo-o|Poison Jab|p1a: Ferrothorn
|-immune|p1a: Ferrothorn
|move|p1a: Ferrothorn|Leech Seed|p2a: Kommo-o
|-start|p2a: Kommo-o|move: Leech Seed
|
|-heal|p1a: Ferrothorn|100\/100|[from] item: Leftovers
|-damage|p2a: Kommo-o|88\/100|[from] Leech Seed|[of] p1a: Ferrothorn
|upkeep
|turn|4
|
|t:|1642201966
|switch|p2a: Cinderace|Cinderace, M|100\/100
|switch|p1a: Tapu Fini|Tapu Fini|100\/100
|-fieldstart|move: Misty Terrain|[from] ability: Misty Surge|[of] p1a: Tapu Fini
|
|upkeep
|turn|5
|
|t:|1642201974
|switch|p2a: Tangrowth|Tangrowth, M|100\/100
|-damage|p2a: Tangrowth|88\/100|[from] Spikes
|move|p1a: Tapu Fini|Scald|p2a: Tangrowth
|-resisted|p2a: Tangrowth
|-damage|p2a: Tangrowth|68\/100
|
|upkeep
|turn|6
|
|t:|1642201978
|switch|p1a: Ferrothorn|Ferrothorn, F|100\/100
|move|p2a: Tangrowth|Leech Seed|p1a: Ferrothorn
|-immune|p1a: Ferrothorn
|
|upkeep
|turn|7
|
|t:|1642201982
|move|p2a: Tangrowth|Knock Off|p1a: Ferrothorn
|-damage|p1a: Ferrothorn|82\/100
|-damage|p2a: Tangrowth|55\/100|[from] ability: Iron Barbs|[of] p1a: Ferrothorn
|-enditem|p1a: Ferrothorn|Leftovers|[from] move: Knock Off|[of] p2a: Tangrowth
|move|p1a: Ferrothorn|Spikes|p2a: Tangrowth
|-sidestart|p2: FierceHawk192|Spikes
|
|upkeep
|turn|8
|
|t:|1642201989
|switch|p2a: Cinderace|Cinderace, M|100\/100
|move|p1a: Ferrothorn|Leech Seed|p2a: Cinderace
|-start|p2a: Cinderace|move: Leech Seed
|
|-damage|p2a: Cinderace|88\/100|[from] Leech Seed|[of] p1a: Ferrothorn
|-heal|p1a: Ferrothorn|93\/100|[silent]
|-fieldend|Misty Terrain
|upkeep
|turn|9
|
|t:|1642201992
|switch|p1a: Zapdos|Zapdos|100\/100
|-ability|p1a: Zapdos|Pressure
|move|p2a: Cinderace|Court Change|p2a: Cinderace
|-start|p2a: Cinderace|typechange|Normal|[from] ability: Libero
|-sideend|p2: FierceHawk192|Spikes|[silent]
|-sidestart|p1: Not mossy|Spikes|[silent]
|-sidestart|p1: Not mossy|Spikes|[silent]
|-activate|p2a: Cinderace|move: Court Change
|
|-damage|p2a: Cinderace|76\/100|[from] Leech Seed|[of] p1a: Zapdos
|upkeep
|turn|10
|
|t:|1642201996
|move|p2a: Cinderace|U-turn|p1a: Zapdos
|-start|p2a: Cinderace|typechange|Bug|[from] ability: Libero
|-resisted|p1a: Zapdos
|-damage|p1a: Zapdos|85\/100
|
|t:|1642202000
|switch|p2a: Magnezone|Magnezone|100\/100|[from]move: U-turn
|move|p1a: Zapdos|Defog|p2a: Magnezone
|-unboost|p2a: Magnezone|evasion|1
|-sideend|p1: Not mossy|Spikes|[from] move: Defog|[of] p1a: Zapdos
|
|upkeep
|turn|11
|
|t:|1642202003
|move|p1a: Zapdos|Roost|p1a: Zapdos
|-heal|p1a: Zapdos|100\/100
|-singleturn|p1a: Zapdos|move: Roost
|move|p2a: Magnezone|Volt Switch|p1a: Zapdos
|-resisted|p1a: Zapdos
|-damage|p1a: Zapdos|77\/100
|
|t:|1642202011
|switch|p2a: Tangrowth|Tangrowth, M|89\/100|[from]move: Volt Switch
|
|upkeep
|turn|12
|
|t:|1642202014
|move|p1a: Zapdos|Hurricane|p2a: Tangrowth|[miss]
|-miss|p1a: Zapdos|p2a: Tangrowth
|move|p2a: Tangrowth|Knock Off|p1a: Zapdos
|-damage|p1a: Zapdos|59\/100
|-enditem|p1a: Zapdos|Heavy-Duty Boots|[from] move: Knock Off|[of] p2a: Tangrowth
|
|upkeep
|turn|13
|
|t:|1642202017
|move|p1a: Zapdos|Volt Switch|p2a: Tangrowth
|-resisted|p2a: Tangrowth
|-damage|p2a: Tangrowth|69\/100
|
|t:|1642202019
|switch|p1a: Ferrothorn|Ferrothorn, F|93\/100|[from]move: Volt Switch
|move|p2a: Tangrowth|Toxic|p1a: Ferrothorn
|-immune|p1a: Ferrothorn
|
|upkeep
|turn|14
|
|t:|1642202025
|switch|p2a: Kommo-o|Kommo-o, M|88\/100
|switch|p1a: Tapu Fini|Tapu Fini|100\/100
|-fieldstart|move: Misty Terrain|[from] ability: Misty Surge|[of] p1a: Tapu Fini
|
|upkeep
|turn|15
|
|t:|1642202032
|switch|p1a: Flygon|Flygon, M|100\/100
|switch|p2a: Magnezone|Magnezone|100\/100
|
|upkeep
|turn|16
|
|t:|1642202036
|detailschange|p1a: Flygon|Flygon-Mega, M
|-mega|p1a: Flygon|Flygon|Flygonite
|-ability|p1a: Flygon|Desert Gales
|-weather|Desert Gales|[silent]
|-message|Desert gales kicked up!
|-message|Normal-type moves will become Ground-type.
|-message|Rock-, Ground- and Steel-type moves will also have their power increased.
|-message|Other weather-related moves and Abilities will behave as they do in sandstorm.
|-start|p1a: Flygon|typechange|Ground\/Dragon|[silent]
|raw|<ul class="utilichart"><li class="result"><span class="col pokemonnamecol" style="white-space: nowrap">Flygon-Mega<\/span> <span class="col typecol"><img src="https:\/\/play.pokemonshowdown.com\/sprites\/types\/Ground.png" alt="Ground" height="14" width="32"><img src="https:\/\/play.pokemonshowdown.com\/sprites\/types\/Dragon.png" alt="Dragon" height="14" width="32"><\/span> <span style="float: left ; min-height: 26px"><span class="col abilitycol">Desert Gales<\/span><span class="col abilitycol"><\/span><\/span><span style="float: left ; min-height: 26px"><span class="col statcol"><em>HP<\/em><br>80<\/span> <span class="col statcol"><em>Atk<\/em><br>130<\/span> <span class="col statcol"><em>Def<\/em><br>95<\/span> <span class="col statcol"><em>SpA<\/em><br>105<\/span> <span class="col statcol"><em>SpD<\/em><br>105<\/span> <span class="col statcol"><em>Spe<\/em><br>105<\/span> <\/span><\/li><li style="clear: both"><\/li><\/ul>
|-hint|Flygon-Mega was submitted by Ausma!
|move|p1a: Flygon|U-turn|p2a: Magnezone
|-resisted|p2a: Magnezone
|-damage|p2a: Magnezone|93\/100
|
|t:|1642202040
|switch|p1a: Excadrill|Excadrill, M|100\/100|[from]move: U-turn
|move|p2a: Magnezone|Steel Beam|p1a: Excadrill
|-message|Steel Beam was powered up by the desert gales!
|-resisted|p1a: Excadrill
|-damage|p1a: Excadrill|22\/100
|-damage|p2a: Magnezone|42\/100|[from] mindblown
|
|-weather|Desert Gales|[upkeep]
|-message|The desert gales are raging!
|upkeep
|turn|17
|
|t:|1642202049
|move|p1a: Excadrill|Earthquake|p2a: Magnezone
|-message|Earthquake was powered up by the desert gales!
|-supereffective|p2a: Magnezone
|-damage|p2a: Magnezone|0 fnt
|faint|p2a: Magnezone
|
|-weather|Desert Gales|[upkeep]
|-message|The desert gales are raging!
|upkeep
|
|t:|1642202053
|switch|p2a: Slowking|Slowking, M|100\/100
|turn|18
|j|~inkbug1

|
|t:|1642202055
|switch|p1a: Ferrothorn|Ferrothorn, F|93\/100
|detailschange|p2a: Slowking|Slowking-Mega, M
|-mega|p2a: Slowking|Slowking|Slowkinite
|-ability|p2a: Slowking|Counter-Clockwise Spiral
|-fieldstart|move: Trick Room|[of] p2a: Slowking
|-hint|Counter-Clockwise Spiral doesn't wear off until the user leaves the field!
|-start|p2a: Slowking|typechange|Water\/Psychic|[silent]
|raw|<ul class="utilichart"><li class="result"><span class="col pokemonnamecol" style="white-space: nowrap">Slowking-Mega<\/span> <span class="col typecol"><img src="https:\/\/play.pokemonshowdown.com\/sprites\/types\/Water.png" alt="Water" height="14" width="32"><img src="https:\/\/play.pokemonshowdown.com\/sprites\/types\/Psychic.png" alt="Psychic" height="14" width="32"><\/span> <span style="float: left ; min-height: 26px"><span class="col abilitycol">Counter-Clockwise Spiral<\/span><span class="col abilitycol"><\/span><\/span><span style="float: left ; min-height: 26px"><span class="col statcol"><em>HP<\/em><br>95<\/span> <span class="col statcol"><em>Atk<\/em><br>75<\/span> <span class="col statcol"><em>Def<\/em><br>80<\/span> <span class="col statcol"><em>SpA<\/em><br>110<\/span> <span class="col statcol"><em>SpD<\/em><br>110<\/span> <span class="col statcol"><em>Spe<\/em><br>120<\/span> <\/span><\/li><li style="clear: both"><\/li><\/ul>
|-hint|Slowking-Mega was submitted by Hematite!
|move|p2a: Slowking|Surf|p1a: Ferrothorn
|-resisted|p1a: Ferrothorn
|-damage|p1a: Ferrothorn|80\/100
|
|-fieldend|Misty Terrain
|-weather|Desert Gales|[upkeep]
|-message|The desert gales are raging!
|upkeep
|turn|19
|
|t:|1642202060
|move|p1a: Ferrothorn|Leech Seed|p2a: Slowking
|-start|p2a: Slowking|move: Leech Seed
|move|p2a: Slowking|Focus Blast|p1a: Ferrothorn
|-supereffective|p1a: Ferrothorn
|-crit|p1a: Ferrothorn
|-damage|p1a: Ferrothorn|3\/100
|
|-damage|p2a: Slowking|88\/100|[from] Leech Seed|[of] p1a: Ferrothorn
|-heal|p1a: Ferrothorn|15\/100|[silent]
|-weather|Desert Gales|[upkeep]
|-message|The desert gales are raging!
|upkeep
|turn|20
|
|t:|1642202065
|switch|p1a: Tapu Fini|Tapu Fini|100\/100
|-fieldstart|move: Misty Terrain|[from] ability: Misty Surge|[of] p1a: Tapu Fini
|move|p2a: Slowking|Nasty Plot|p2a: Slowking
|-boost|p2a: Slowking|spa|2
|
|-damage|p2a: Slowking|76\/100|[from] Leech Seed|[of] p1a: Tapu Fini
|-weather|none|[silent]
|-message|The desert gales subsided!
|upkeep
|turn|21
|
|t:|1642202069
|move|p2a: Slowking|Psychic|p1a: Tapu Fini
|-damage|p1a: Tapu Fini|36\/100
|-unboost|p1a: Tapu Fini|spd|1
|move|p1a: Tapu Fini|Moonblast|p2a: Slowking
|-damage|p2a: Slowking|51\/100
|
|-damage|p2a: Slowking|39\/100|[from] Leech Seed|[of] p1a: Tapu Fini
|-heal|p1a: Tapu Fini|48\/100|[silent]
|upkeep
|turn|22
|
|t:|1642202076
|move|p2a: Slowking|Psychic|p1a: Tapu Fini
|-damage|p1a: Tapu Fini|0 fnt
|faint|p1a: Tapu Fini
|
|upkeep
|
|t:|1642202091
|switch|p1a: Magnezone|Magnezone|100\/100
|turn|23
|
|t:|1642202096
|switch|p1a: Zapdos|Zapdos|59\/100
|-ability|p1a: Zapdos|Pressure
|move|p2a: Slowking|Focus Blast|p1a: Zapdos
|-resisted|p1a: Zapdos
|-damage|p1a: Zapdos|24\/100
|
|-damage|p2a: Slowking|27\/100|[from] Leech Seed|[of] p1a: Zapdos
|-heal|p1a: Zapdos|35\/100|[silent]
|upkeep
|turn|24
|
|t:|1642202100
|switch|p1a: Ferrothorn|Ferrothorn, F|15\/100
|move|p2a: Slowking|Surf|p1a: Ferrothorn
|-resisted|p1a: Ferrothorn
|-damage|p1a: Ferrothorn|0 fnt
|faint|p1a: Ferrothorn
|
|-fieldend|Misty Terrain
|upkeep
|
|t:|1642202103
|switch|p1a: Magnezone|Magnezone|100\/100
|turn|25
|
|t:|1642202107
|-fieldend|move: Trick Room
|switch|p2a: Tangrowth|Tangrowth, M|100\/100
|move|p1a: Magnezone|Volt Switch|p2a: Tangrowth
|-resisted|p2a: Tangrowth
|-damage|p2a: Tangrowth|74\/100
|
|t:|1642202117
|switch|p1a: Zapdos|Zapdos|35\/100|[from]move: Volt Switch
|-ability|p1a: Zapdos|Pressure
|
|upkeep
|turn|26
|
|t:|1642202120
|move|p1a: Zapdos|Roost|p1a: Zapdos
|-heal|p1a: Zapdos|85\/100
|-singleturn|p1a: Zapdos|move: Roost
|move|p2a: Tangrowth|Knock Off|p1a: Zapdos
|-damage|p1a: Zapdos|72\/100
|
|upkeep
|turn|27
|
|t:|1642202126
|move|p1a: Zapdos|Hurricane|p2a: Tangrowth|[miss]
|-miss|p1a: Zapdos|p2a: Tangrowth
|move|p2a: Tangrowth|Leech Seed|p1a: Zapdos
|-start|p1a: Zapdos|move: Leech Seed
|
|-damage|p1a: Zapdos|60\/100|[from] Leech Seed|[of] p2a: Tangrowth
|-heal|p2a: Tangrowth|86\/100|[silent]
|upkeep
|turn|28
|
|t:|1642202131
|switch|p2a: Togekiss|Togekiss, F|100\/100
|move|p1a: Zapdos|Volt Switch|p2a: Togekiss
|-supereffective|p2a: Togekiss
|-damage|p2a: Togekiss|44\/100
|
|t:|1642202134
|switch|p1a: Magnezone|Magnezone|100\/100|[from]move: Volt Switch
|
|upkeep
|turn|29
|
|t:|1642202137
|move|p2a: Togekiss|Aura Sphere|p1a: Magnezone
|-supereffective|p1a: Magnezone
|-crit|p1a: Magnezone
|-damage|p1a: Magnezone|0 fnt
|faint|p1a: Magnezone
|
|upkeep
|
|t:|1642202140
|switch|p1a: Zapdos|Zapdos|60\/100
|-ability|p1a: Zapdos|Pressure
|turn|30
|
|t:|1642202143
|switch|p2a: Cinderace|Cinderace, M|76\/100
|move|p1a: Zapdos|Roost|p1a: Zapdos
|-heal|p1a: Zapdos|100\/100
|-singleturn|p1a: Zapdos|move: Roost
|
|upkeep
|turn|31
|
|t:|1642202146
|move|p2a: Cinderace|U-turn|p1a: Zapdos
|-start|p2a: Cinderace|typechange|Bug|[from] ability: Libero
|-resisted|p1a: Zapdos
|-damage|p1a: Zapdos|85\/100
|
|t:|1642202151
|switch|p2a: Tangrowth|Tangrowth, M|100\/100|[from]move: U-turn
|move|p1a: Zapdos|Volt Switch|p2a: Tangrowth
|-resisted|p2a: Tangrowth
|-damage|p2a: Tangrowth|80\/100
|
|t:|1642202154
|switch|p1a: Flygon|Flygon-Mega, M|100\/100|[from]move: Volt Switch
|-start|p1a: Flygon|typechange|Ground\/Dragon|[silent]
|-ability|p1a: Flygon|Desert Gales
|-weather|Desert Gales|[silent]
|-message|Desert gales kicked up!
|-message|Normal-type moves will become Ground-type.
|-message|Rock-, Ground- and Steel-type moves will also have their power increased.
|-message|Other weather-related moves and Abilities will behave as they do in sandstorm.
|
|-weather|Desert Gales|[upkeep]
|-message|The desert gales are raging!
|upkeep
|turn|32
|
|t:|1642202158
|move|p1a: Flygon|Draco Meteor|p2a: Tangrowth
|-damage|p2a: Tangrowth|0 fnt
|-unboost|p1a: Flygon|spa|2
|faint|p2a: Tangrowth
|
|-weather|Desert Gales|[upkeep]
|-message|The desert gales are raging!
|upkeep
|
|t:|1642202162
|switch|p2a: Togekiss|Togekiss, F|44\/100
|turn|33
|
|t:|1642202165
|switch|p1a: Zapdos|Zapdos|85\/100
|-ability|p1a: Zapdos|Pressure
|move|p2a: Togekiss|Dazzling Gleam|p1a: Zapdos
|-crit|p1a: Zapdos
|-damage|p1a: Zapdos|28\/100
|
|-weather|Desert Gales|[upkeep]
|-message|The desert gales are raging!
|upkeep
|turn|34
|
|t:|1642202171
|switch|p1a: Excadrill|Excadrill, M|22\/100
|move|p2a: Togekiss|Dazzling Gleam|p1a: Excadrill
|-resisted|p1a: Excadrill
|-damage|p1a: Excadrill|0 fnt
|faint|p1a: Excadrill
|
|-weather|Desert Gales|[upkeep]
|-message|The desert gales are raging!
|upkeep
|
|t:|1642202174
|switch|p1a: Zapdos|Zapdos|28\/100
|-ability|p1a: Zapdos|Pressure
|turn|35
|
|t:|1642202177
|move|p2a: Togekiss|Dazzling Gleam|p1a: Zapdos
|-damage|p1a: Zapdos|0 fnt
|faint|p1a: Zapdos
|
|-weather|none|[silent]
|-message|The desert gales subsided!
|upkeep
|
|t:|1642202178
|switch|p1a: Flygon|Flygon-Mega, M|100\/100
|-start|p1a: Flygon|typechange|Ground\/Dragon|[silent]
|-ability|p1a: Flygon|Desert Gales
|-weather|Desert Gales|[silent]
|-message|Desert gales kicked up!
|-message|Normal-type moves will become Ground-type.
|-message|Rock-, Ground- and Steel-type moves will also have their power increased.
|-message|Other weather-related moves and Abilities will behave as they do in sandstorm.
|turn|36
|
|t:|1642202180
|move|p2a: Togekiss|Dazzling Gleam|p1a: Flygon
|-supereffective|p1a: Flygon
|-damage|p1a: Flygon|19\/100
|move|p1a: Flygon|Roost|p1a: Flygon
|-heal|p1a: Flygon|69\/100
|-singleturn|p1a: Flygon|move: Roost
|
|-weather|Desert Gales|[upkeep]
|-message|The desert gales are raging!
|upkeep
|turn|37
|
|t:|1642202183
|move|p2a: Togekiss|Dazzling Gleam|p1a: Flygon
|-supereffective|p1a: Flygon
|-damage|p1a: Flygon|0 fnt
|faint|p1a: Flygon
|
|win|FierceHawk192
|c|☆Not mossy|gg
|c|☆FierceHawk192|gg</script>
</div>
<div class="battle-log battle-log-inline"><div class="inner"><div class="battle-options"><div style="padding-top: 3px; padding-right: 3px; text-align: right"><button class="icon button" name="openBattleOptions" title="Options">Battle Options</button></div></div><div class="inner message-log"><div class="chat"><small>☆Not mossy and ☆FierceHawk192 joined</small></div><div class=""><small>Format:</small> <br><strong>[Gen 8] Megas for All</strong></div><div class=""><small><em>HP Percentage Mod:</em> HP is shown in percentages</small></div><div class=""><small><em>Endless Battle Clause:</em> Forcing endless battles is banned</small></div><div class=""><small><em>OHKO Clause:</em> OHKO moves are banned</small></div><div class=""><small><em>Evasion Moves Clause:</em> Evasion moves are banned</small></div><div class=""><small><em>Species Clause:</em> Limit one of each Pokémon</small></div><div class=""><small><em>Dynamax Clause:</em> You cannot dynamax</small></div><div class=""><small><em>Sleep Clause Mod:</em> Limit one foe put to sleep</small></div><div class=""><small><em>Freeze Clause Mod:</em> Limit one foe frozen</small></div><div class="chat"><img src="https://raw.githubusercontent.com/scoopapa/DH/master/data/mods/m4av6/sprites/m4a_banner.png" height="65" width="381"></div><div class="spacer battle-history"><br></div><div class="battle-history"><small>Welcome to Megas for All!</small><br></div><div class="battle-history"><small>This is a National Dex-based format where we aim to give a new Mega Evolution to every Pokémon.</small><br></div><div class="battle-history"><small>Just like any official format, you can still only Mega Evolve one Pokémon per team!</small><br></div><div class="battle-history"><small>You can find our thread and metagame resources here:</small><br></div><div class="battle-history"><small>https://www.smogon.com/forums/threads/3671140/</small><br></div><div class="chat battle-history"><strong>Not mossy's team:</strong> <em style="color:#445566;display:block;">Flygon / Excadrill / Magnezone / Tapu Fini / Ferrothorn / Zapdos</em></div><div class="chat battle-history"><strong>FierceHawk192's team:</strong> <em style="color:#445566;display:block;">Slowking / Cinderace / Tangrowth / Magnezone / Kommo-o / Togekiss</em></div><div class="chat chatmessage-notmossy"><strong style="color:#3f7abe"><small>☆</small><span class="username" data-name="Not mossy">Not mossy</span>:</strong> <em>gl hf</em></div><div class="chat chatmessage-fiercehawk192"><strong style="color:#10a683"><small>☆</small><span class="username" data-name="FierceHawk192">FierceHawk192</span>:</strong> <em>glhf</em></div><div class="spacer battle-history"><br></div><div class="battle-history">Battle started between Not mossy and FierceHawk192!<br></div><div class="spacer battle-history"><br></div><div class="battle-history">Go! <strong>Flygon</strong>!<br></div><div class="spacer battle-history"><br></div><div class="battle-history">FierceHawk192 sent out <strong>Togekiss</strong>!<br></div><div class="spacer battle-history"><br></div><h2 class="battle-history">Turn 1</h2><div class="spacer battle-history"><br></div><div class="battle-history">Flygon, come back!<br></div><div class="battle-history">Go! <strong>Ferrothorn</strong>!<br></div><div class="spacer battle-history"><br></div><div class="battle-history">The opposing Togekiss used <strong>Dazzling Gleam</strong>!<br></div><div class="battle-history"><small>It's not very effective...</small><br></div><div class="battle-history"><small>(Ferrothorn lost 13% of its health!)</small><br></div><div class="spacer battle-history"><br></div><div class="battle-history"><small>Ferrothorn restored a little HP using its Leftovers!</small><br></div><div class="spacer battle-history"><br></div><h2 class="battle-history">Turn 2</h2><div class="chat"><small> Sticky Fingaa joined</small></div><div class="spacer battle-history"><br></div><div class="battle-history">FierceHawk192 withdrew Togekiss!<br></div><div class="battle-history">FierceHawk192 sent out <strong>Kommo-o</strong>!<br></div><div class="spacer battle-history"><br></div><div class="battle-history">Ferrothorn used <strong>Spikes</strong>!<br></div><div class="battle-history"><small>Spikes were scattered on the ground all around the opposing team!</small><br></div><div class="spacer battle-history"><br></div><div class="battle-history"><small>Ferrothorn restored a little HP using its Leftovers!</small><br></div><div class="spacer battle-history"><br></div><h2 class="battle-history">Turn 3</h2><div class="spacer battle-history"><br></div><div class="battle-history">The opposing Kommo-o used <strong>Poison Jab</strong>!<br></div><div class="battle-history"><small>It doesn't affect Ferrothorn...</small><br></div><div class="spacer battle-history"><br></div><div class="battle-history">Ferrothorn used <strong>Leech Seed</strong>!<br></div><div class="battle-history"><small>The opposing Kommo-o was seeded!</small><br></div><div class="spacer battle-history"><br></div><div class="battle-history"><small>Ferrothorn restored a little HP using its Leftovers!</small><br></div><div class="battle-history"><small>The opposing Kommo-o's health is sapped by Leech Seed!</small><br></div><div class="spacer battle-history"><br></div><h2 class="battle-history">Turn 4</h2><div class="spacer battle-history"><br></div><div class="battle-history">FierceHawk192 withdrew Kommo-o!<br></div><div class="battle-history">FierceHawk192 sent out <strong>Cinderace</strong>!<br></div><div class="spacer battle-history"><br></div><div class="battle-history">Ferrothorn, come back!<br></div><div class="battle-history">Go! <strong>Tapu Fini</strong>!<br></div><div class="battle-history">[Tapu Fini's Misty Surge]<br><small>Mist swirled around the battlefield!</small><br></div><div class="spacer battle-history"><br></div><h2 class="battle-history">Turn 5</h2><div class="spacer battle-history"><br></div><div class="battle-history">FierceHawk192 withdrew Cinderace!<br></div><div class="battle-history">FierceHawk192 sent out <strong>Tangrowth</strong>!<br></div><div class="battle-history"><small>The opposing Tangrowth was hurt by the spikes!</small><br></div><div class="spacer battle-history"><br></div><div class="battle-history">Tapu Fini used <strong>Scald</strong>!<br></div><div class="battle-history"><small>It's not very effective...</small><br></div><div class="battle-history"><small>(The opposing Tangrowth lost 20% of its health!)</small><br></div><div class="spacer battle-history"><br></div><h2 class="battle-history">Turn 6</h2><div class="spacer battle-history"><br></div><div class="battle-history">Tapu Fini, come back!<br></div><div class="battle-history">Go! <strong>Ferrothorn</strong>!<br></div><div class="spacer battle-history"><br></div><div class="battle-history">The opposing Tangrowth used <strong>Leech Seed</strong>!<br></div><div class="battle-history"><small>It doesn't affect Ferrothorn...</small><br></div><div class="spacer battle-history"><br></div><h2 class="battle-history">Turn 7</h2><div class="spacer battle-history"><br></div><div class="battle-history">The opposing Tangrowth used <strong>Knock Off</strong>!<br></div><div class="battle-history"><small>(Ferrothorn lost 18% of its health!)</small><br></div><div class="battle-history">[Ferrothorn's Iron Barbs]<br><small>The opposing Tangrowth was hurt!</small><br></div><div class="battle-history"><small>The opposing Tangrowth knocked off Ferrothorn's Leftovers!</small><br></div><div class="spacer battle-history"><br></div><div class="battle-history">Ferrothorn used <strong>Spikes</strong>!<br></div><div class="battle-history"><small>Spikes were scattered on the ground all around the opposing team!</small><br></div><div class="spacer battle-history"><br></div><h2 class="battle-history">Turn 8</h2><div class="spacer battle-history"><br></div><div class="battle-history">FierceHawk192 withdrew Tangrowth!<br></div><div class="battle-history">FierceHawk192 sent out <strong>Cinderace</strong>!<br></div><div class="spacer battle-history"><br></div><div class="battle-history">Ferrothorn used <strong>Leech Seed</strong>!<br></div><div class="battle-history"><small>The opposing Cinderace was seeded!</small><br></div><div class="spacer battle-history"><br></div><div class="battle-history"><small>The opposing Cinderace's health is sapped by Leech Seed!</small><br></div><div class="battle-history"><small>The mist disappeared from the battlefield.</small><br></div><div class="spacer battle-history"><br></div><h2 class="battle-history">Turn 9</h2><div class="spacer battle-history"><br></div><div class="battle-history">Ferrothorn, come back!<br></div><div class="battle-history">Go! <strong>Zapdos</strong>!<br></div><div class="battle-history">[Zapdos's Pressure]<br><small>Zapdos is exerting its pressure!</small><br></div><div class="spacer battle-history"><br></div><div class="battle-history">The opposing Cinderace used <strong>Court Change</strong>!<br></div><div class="battle-history">[The opposing Cinderace's Libero]<br><small>The opposing Cinderace's type changed to Normal!</small><br></div><div class="battle-history"><small>The opposing Cinderace swapped the battle effects affecting each side of the field!</small><br></div><div class="spacer battle-history"><br></div><div class="battle-history"><small>The opposing Cinderace's health is sapped by Leech Seed!</small><br></div><div class="spacer battle-history"><br></div><h2 class="battle-history">Turn 10</h2><div class="spacer battle-history"><br></div><div class="battle-history">The opposing Cinderace used <strong>U-turn</strong>!<br></div><div class="battle-history">[The opposing Cinderace's Libero]<br><small>The opposing Cinderace's type changed to Bug!</small><br></div><div class="battle-history"><small>It's not very effective...</small><br></div><div class="battle-history"><small>(Zapdos lost 15% of its health!)</small><br></div><div class="spacer battle-history"><br></div><div class="battle-history">The opposing Cinderace went back to FierceHawk192!<br></div><div class="battle-history">FierceHawk192 sent out <strong>Magnezone</strong>!<br></div><div class="spacer battle-history"><br></div><div class="battle-history">Zapdos used <strong>Defog</strong>!<br></div><div class="battle-history"><small>The opposing Magnezone's evasiveness fell!</small><br></div><div class="battle-history"><small>The spikes disappeared from the ground around your team!</small><br></div><div class="spacer battle-history"><br></div><h2 class="battle-history">Turn 11</h2><div class="spacer battle-history"><br></div><div class="battle-history">Zapdos used <strong>Roost</strong>!<br></div><div class="battle-history"><small>Zapdos had its HP restored.</small><br></div><div class="battle-history"><small>(Zapdos loses Flying type this turn.)</small><br></div><div class="spacer battle-history"><br></div><div class="battle-history">The opposing Magnezone used <strong>Volt Switch</strong>!<br></div><div class="battle-history"><small>It's not very effective...</small><br></div><div class="battle-history"><small>(Zapdos lost 23% of its health!)</small><br></div><div class="spacer battle-history"><br></div><div class="battle-history">The opposing Magnezone went back to FierceHawk192!<br></div><div class="battle-history">FierceHawk192 sent out <strong>Tangrowth</strong>!<br></div><div class="spacer battle-history"><br></div><h2 class="battle-history">Turn 12</h2><div class="spacer battle-history"><br></div><div class="battle-history">Zapdos used <strong>Hurricane</strong>!<br></div><div class="battle-history"><small>The opposing Tangrowth avoided the attack!</small><br></div><div class="spacer battle-history"><br></div><div class="battle-history">The opposing Tangrowth used <strong>Knock Off</strong>!<br></div><div class="battle-history"><small>(Zapdos lost 18% of its health!)</small><br></div><div class="battle-history"><small>The opposing Tangrowth knocked off Zapdos's Heavy-Duty Boots!</small><br></div><div class="spacer battle-history"><br></div><h2 class="battle-history">Turn 13</h2><div class="spacer battle-history"><br></div><div class="battle-history">Zapdos used <strong>Volt Switch</strong>!<br></div><div class="battle-history"><small>It's not very effective...</small><br></div><div class="battle-history"><small>(The opposing Tangrowth lost 20% of its health!)</small><br></div><div class="spacer battle-history"><br></div><div class="battle-history">Zapdos went back to Not mossy!<br></div><div class="battle-history">Go! <strong>Ferrothorn</strong>!<br></div><div class="spacer battle-history"><br></div><div class="battle-history">The opposing Tangrowth used <strong>Toxic</strong>!<br></div><div class="battle-history"><small>It doesn't affect Ferrothorn...</small><br></div><div class="spacer battle-history"><br></div><h2 class="battle-history">Turn 14</h2><div class="spacer battle-history"><br></div><div class="battle-history">FierceHawk192 withdrew Tangrowth!<br></div><div class="battle-history">FierceHawk192 sent out <strong>Kommo-o</strong>!<br></div><div class="spacer battle-history"><br></div><div class="battle-history">Ferrothorn, come back!<br></div><div class="battle-history">Go! <strong>Tapu Fini</strong>!<br></div><div class="battle-history">[Tapu Fini's Misty Surge]<br><small>Mist swirled around the battlefield!</small><br></div><div class="spacer battle-history"><br></div><h2 class="battle-history">Turn 15</h2><div class="spacer battle-history"><br></div><div class="battle-history">Tapu Fini, come back!<br></div><div class="battle-history">Go! <strong>Flygon</strong>!<br></div><div class="spacer battle-history"><br></div><div class="battle-history">FierceHawk192 withdrew Kommo-o!<br></div><div class="battle-history">FierceHawk192 sent out <strong>Magnezone</strong>!<br></div><div class="spacer battle-history"><br></div><h2 class="battle-history">Turn 16</h2><div class="spacer battle-history"><br></div><div class="battle-history"><small>Flygon's Flygonite is reacting to the Key Stone!</small><br>Flygon has Mega Evolved into Mega Flygon!<br></div><div class="battle-history">[Flygon's Desert Gales]<br></div><div class="battle-history"><small>Desert gales kicked up!</small><br></div><div class="battle-history"><small>Normal-type moves will become Ground-type.</small><br></div><div class="battle-history"><small>Rock-, Ground- and Steel-type moves will also have their power increased.</small><br></div><div class="battle-history"><small>Other weather-related moves and Abilities will behave as they do in sandstorm.</small><br></div><div class="chat"><ul class="utilichart"><li class="result"><span class="col pokemonnamecol" style="white-space: nowrap">Flygon-Mega</span> <span class="col typecol"><img src="https://play.pokemonshowdown.com/sprites/types/Ground.png" alt="Ground" height="14" width="32"><img src="https://play.pokemonshowdown.com/sprites/types/Dragon.png" alt="Dragon" height="14" width="32"></span> <span style="float: left ; min-height: 26px"><span class="col abilitycol">Desert Gales</span><span class="col abilitycol"></span></span><span style="float: left ; min-height: 26px"><span class="col statcol"><em>HP</em><br>80</span> <span class="col statcol"><em>Atk</em><br>130</span> <span class="col statcol"><em>Def</em><br>95</span> <span class="col statcol"><em>SpA</em><br>105</span> <span class="col statcol"><em>SpD</em><br>105</span> <span class="col statcol"><em>Spe</em><br>105</span> </span></li><li style="clear: both"></li></ul></div><div class="battle-history"><small>(Flygon-Mega was submitted by Ausma!)</small><br></div><div class="spacer battle-history"><br></div><div class="battle-history">Flygon used <strong>U-turn</strong>!<br></div><div class="battle-history"><small>It's not very effective...</small><br></div><div class="battle-history"><small>(The opposing Magnezone lost 7% of its health!)</small><br></div><div class="spacer battle-history"><br></div><div class="battle-history">Flygon went back to Not mossy!<br></div><div class="battle-history">Go! <strong>Excadrill</strong>!<br></div><div class="spacer battle-history"><br></div><div class="battle-history">The opposing Magnezone used <strong>Steel Beam</strong>!<br></div><div class="battle-history"><small>Steel Beam was powered up by the desert gales!</small><br></div><div class="battle-history"><small>It's not very effective...</small><br></div><div class="battle-history"><small>(Excadrill lost 78% of its health!)</small><br></div><div class="battle-history"><small>(The opposing Magnezone cut its own HP to power up its move!)</small><br></div><div class="spacer battle-history"><br></div><div class="battle-history"><small>The desert gales are raging!</small><br></div><div class="spacer battle-history"><br></div><h2 class="battle-history">Turn 17</h2><div class="spacer battle-history"><br></div><div class="battle-history">Excadrill used <strong>Earthquake</strong>!<br></div><div class="battle-history"><small>Earthquake was powered up by the desert gales!</small><br></div><div class="battle-history"><small>It's super effective!</small><br></div><div class="battle-history"><small>(The opposing Magnezone lost 42% of its health!)</small><br></div><div class="spacer battle-history"><br></div><div class="battle-history">The opposing Magnezone fainted!<br></div><div class="spacer battle-history"><br></div><div class="battle-history"><small>The desert gales are raging!</small><br></div><div class="spacer battle-history"><br></div><div class="battle-history">FierceHawk192 sent out <strong>Slowking</strong>!<br></div><div class="spacer battle-history"><br></div><h2 class="battle-history">Turn 18</h2><div class="chat"><small>~inkbug1 joined</small></div><div class="spacer battle-history"><br></div><div class="battle-history">Excadrill, come back!<br></div><div class="battle-history">Go! <strong>Ferrothorn</strong>!<br></div><div class="spacer battle-history"><br></div><div class="battle-history"><small>The opposing Slowking's Slowkinite is reacting to the Key Stone!</small><br>The opposing Slowking has Mega Evolved into Mega Slowking!<br></div><div class="battle-history">[The opposing Slowking's Counter-Clockwise Spiral]<br></div><div class="battle-history"><small>The opposing Slowking twisted the dimensions!</small><br></div><div class="battle-history"><small>(Counter-Clockwise Spiral doesn't wear off until the user leaves the field!)</small><br></div><div class="chat"><ul class="utilichart"><li class="result"><span class="col pokemonnamecol" style="white-space: nowrap">Slowking-Mega</span> <span class="col typecol"><img src="https://play.pokemonshowdown.com/sprites/types/Water.png" alt="Water" height="14" width="32"><img src="https://play.pokemonshowdown.com/sprites/types/Psychic.png" alt="Psychic" height="14" width="32"></span> <span style="float: left ; min-height: 26px"><span class="col abilitycol">Counter-Clockwise Spiral</span><span class="col abilitycol"></span></span><span style="float: left ; min-height: 26px"><span class="col statcol"><em>HP</em><br>95</span> <span class="col statcol"><em>Atk</em><br>75</span> <span class="col statcol"><em>Def</em><br>80</span> <span class="col statcol"><em>SpA</em><br>110</span> <span class="col statcol"><em>SpD</em><br>110</span> <span class="col statcol"><em>Spe</em><br>120</span> </span></li><li style="clear: both"></li></ul></div><div class="battle-history"><small>(Slowking-Mega was submitted by Hematite!)</small><br></div><div class="spacer battle-history"><br></div><div class="battle-history">The opposing Slowking used <strong>Surf</strong>!<br></div><div class="battle-history"><small>It's not very effective...</small><br></div><div class="battle-history"><small>(Ferrothorn lost 13% of its health!)</small><br></div><div class="spacer battle-history"><br></div><div class="battle-history"><small>The mist disappeared from the battlefield.</small><br></div><div class="battle-history"><small>The desert gales are raging!</small><br></div><div class="spacer battle-history"><br></div><h2 class="battle-history">Turn 19</h2><div class="spacer battle-history"><br></div><div class="battle-history">Ferrothorn used <strong>Leech Seed</strong>!<br></div><div class="battle-history"><small>The opposing Slowking was seeded!</small><br></div><div class="spacer battle-history"><br></div><div class="battle-history">The opposing Slowking used <strong>Focus Blast</strong>!<br></div><div class="battle-history"><small>It's super effective!</small><br></div><div class="battle-history"><small>A critical hit!</small><br></div><div class="battle-history"><small>(Ferrothorn lost 77% of its health!)</small><br></div><div class="spacer battle-history"><br></div><div class="battle-history"><small>The opposing Slowking's health is sapped by Leech Seed!</small><br></div><div class="battle-history"><small>The desert gales are raging!</small><br></div><div class="spacer battle-history"><br></div><h2 class="battle-history">Turn 20</h2><div class="spacer battle-history"><br></div><div class="battle-history">Ferrothorn, come back!<br></div><div class="battle-history">Go! <strong>Tapu Fini</strong>!<br></div><div class="battle-history">[Tapu Fini's Misty Surge]<br><small>Mist swirled around the battlefield!</small><br></div><div class="spacer battle-history"><br></div><div class="battle-history">The opposing Slowking used <strong>Nasty Plot</strong>!<br></div><div class="battle-history"><small>The opposing Slowking's Sp. Atk rose sharply!</small><br></div><div class="spacer battle-history"><br></div><div class="battle-history"><small>The opposing Slowking's health is sapped by Leech Seed!</small><br></div><div class="battle-history"><small>The desert gales subsided!</small><br></div><div class="spacer battle-history"><br></div><h2 class="battle-history">Turn 21</h2><div class="spacer battle-history"><br></div><div class="battle-history">The opposing Slowking used <strong>Psychic</strong>!<br></div><div class="battle-history"><small>(Tapu Fini lost 64% of its health!)</small><br></div><div class="battle-history"><small>Tapu Fini's Sp. Def fell!</small><br></div><div class="spacer battle-history"><br></div><div class="battle-history">Tapu Fini used <strong>Moonblast</strong>!<br></div><div class="battle-history"><small>(The opposing Slowking lost 25% of its health!)</small><br></div><div class="spacer battle-history"><br></div><div class="battle-history"><small>The opposing Slowking's health is sapped by Leech Seed!</small><br></div><div class="spacer battle-history"><br></div><h2 class="battle-history">Turn 22</h2><div class="spacer battle-history"><br></div><div class="battle-history">The opposing Slowking used <strong>Psychic</strong>!<br></div><div class="battle-history"><small>(Tapu Fini lost 48% of its health!)</small><br></div><div class="spacer battle-history"><br></div><div class="battle-history">Tapu Fini fainted!<br></div><div class="spacer battle-history"><br></div><div class="battle-history">Go! <strong>Magnezone</strong>!<br></div><div class="spacer battle-history"><br></div><h2 class="battle-history">Turn 23</h2><div class="spacer battle-history"><br></div><div class="battle-history">Magnezone, come back!<br></div><div class="battle-history">Go! <strong>Zapdos</strong>!<br></div><div class="battle-history">[Zapdos's Pressure]<br><small>Zapdos is exerting its pressure!</small><br></div><div class="spacer battle-history"><br></div><div class="battle-history">The opposing Slowking used <strong>Focus Blast</strong>!<br></div><div class="battle-history"><small>It's not very effective...</small><br></div><div class="battle-history"><small>(Zapdos lost 35% of its health!)</small><br></div><div class="spacer battle-history"><br></div><div class="battle-history"><small>The opposing Slowking's health is sapped by Leech Seed!</small><br></div><div class="spacer battle-history"><br></div><h2 class="battle-history">Turn 24</h2><div class="spacer battle-history"><br></div><div class="battle-history">Zapdos, come back!<br></div><div class="battle-history">Go! <strong>Ferrothorn</strong>!<br></div><div class="spacer battle-history"><br></div><div class="battle-history">The opposing Slowking used <strong>Surf</strong>!<br></div><div class="battle-history"><small>It's not very effective...</small><br></div><div class="battle-history"><small>(Ferrothorn lost 15% of its health!)</small><br></div><div class="spacer battle-history"><br></div><div class="battle-history">Ferrothorn fainted!<br></div><div class="spacer battle-history"><br></div><div class="battle-history"><small>The mist disappeared from the battlefield.</small><br></div><div class="spacer battle-history"><br></div><div class="battle-history">Go! <strong>Magnezone</strong>!<br></div><div class="spacer battle-history"><br></div><h2 class="battle-history">Turn 25</h2><div class="spacer battle-history"><br></div><div class="battle-history"><small>The twisted dimensions returned to normal!</small><br></div><div class="spacer battle-history"><br></div><div class="battle-history">FierceHawk192 withdrew Slowking!<br></div><div class="battle-history">FierceHawk192 sent out <strong>Tangrowth</strong>!<br></div><div class="spacer battle-history"><br></div><div class="battle-history">Magnezone used <strong>Volt Switch</strong>!<br></div><div class="battle-history"><small>It's not very effective...</small><br></div><div class="battle-history"><small>(The opposing Tangrowth lost 26% of its health!)</small><br></div><div class="spacer battle-history"><br></div><div class="battle-history">Magnezone went back to Not mossy!<br></div><div class="battle-history">Go! <strong>Zapdos</strong>!<br></div><div class="battle-history">[Zapdos's Pressure]<br><small>Zapdos is exerting its pressure!</small><br></div><div class="spacer battle-history"><br></div><h2 class="battle-history">Turn 26</h2><div class="spacer battle-history"><br></div><div class="battle-history">Zapdos used <strong>Roost</strong>!<br></div><div class="battle-history"><small>Zapdos had its HP restored.</small><br></div><div class="battle-history"><small>(Zapdos loses Flying type this turn.)</small><br></div><div class="spacer battle-history"><br></div><div class="battle-history">The opposing Tangrowth used <strong>Knock Off</strong>!<br></div><div class="battle-history"><small>(Zapdos lost 13% of its health!)</small><br></div><div class="spacer battle-history"><br></div><h2 class="battle-history">Turn 27</h2><div class="spacer battle-history"><br></div><div class="battle-history">Zapdos used <strong>Hurricane</strong>!<br></div><div class="battle-history"><small>The opposing Tangrowth avoided the attack!</small><br></div><div class="spacer battle-history"><br></div><div class="battle-history">The opposing Tangrowth used <strong>Leech Seed</strong>!<br></div><div class="battle-history"><small>Zapdos was seeded!</small><br></div><div class="spacer battle-history"><br></div><div class="battle-history"><small>Zapdos's health is sapped by Leech Seed!</small><br></div><div class="spacer battle-history"><br></div><h2 class="battle-history">Turn 28</h2><div class="spacer battle-history"><br></div><div class="battle-history">FierceHawk192 withdrew Tangrowth!<br></div><div class="battle-history">FierceHawk192 sent out <strong>Togekiss</strong>!<br></div><div class="spacer battle-history"><br></div><div class="battle-history">Zapdos used <strong>Volt Switch</strong>!<br></div><div class="battle-history"><small>It's super effective!</small><br></div><div class="battle-history"><small>(The opposing Togekiss lost 56% of its health!)</small><br></div><div class="spacer battle-history"><br></div><div class="battle-history">Zapdos went back to Not mossy!<br></div><div class="battle-history">Go! <strong>Magnezone</strong>!<br></div><div class="spacer battle-history"><br></div><h2 class="battle-history">Turn 29</h2><div class="spacer battle-history"><br></div><div class="battle-history">The opposing Togekiss used <strong>Aura Sphere</strong>!<br></div><div class="battle-history"><small>It's super effective!</small><br></div><div class="battle-history"><small>A critical hit!</small><br></div><div class="battle-history"><small>(Magnezone lost 100% of its health!)</small><br></div><div class="spacer battle-history"><br></div><div class="battle-history">Magnezone fainted!<br></div><div class="spacer battle-history"><br></div><div class="battle-history">Go! <strong>Zapdos</strong>!<br></div><div class="battle-history">[Zapdos's Pressure]<br><small>Zapdos is exerting its pressure!</small><br></div><div class="spacer battle-history"><br></div><h2 class="battle-history">Turn 30</h2><div class="spacer battle-history"><br></div><div class="battle-history">FierceHawk192 withdrew Togekiss!<br></div><div class="battle-history">FierceHawk192 sent out <strong>Cinderace</strong>!<br></div><div class="spacer battle-history"><br></div><div class="battle-history">Zapdos used <strong>Roost</strong>!<br></div><div class="battle-history"><small>Zapdos had its HP restored.</small><br></div><div class="battle-history"><small>(Zapdos loses Flying type this turn.)</small><br></div><div class="spacer battle-history"><br></div><h2 class="battle-history">Turn 31</h2><div class="spacer battle-history"><br></div><div class="battle-history">The opposing Cinderace used <strong>U-turn</strong>!<br></div><div class="battle-history">[The opposing Cinderace's Libero]<br><small>The opposing Cinderace's type changed to Bug!</small><br></div><div class="battle-history"><small>It's not very effective...</small><br></div><div class="battle-history"><small>(Zapdos lost 15% of its health!)</small><br></div><div class="spacer battle-history"><br></div><div class="battle-history">The opposing Cinderace went back to FierceHawk192!<br></div><div class="battle-history">FierceHawk192 sent out <strong>Tangrowth</strong>!<br></div><div class="spacer battle-history"><br></div><div class="battle-history">Zapdos used <strong>Volt Switch</strong>!<br></div><div class="battle-history"><small>It's not very effective...</small><br></div><div class="battle-history"><small>(The opposing Tangrowth lost 20% of its health!)</small><br></div><div class="spacer battle-history"><br></div><div class="battle-history">Zapdos went back to Not mossy!<br></div><div class="battle-history">Go! Flygon (<strong>Flygon-Mega</strong>)!<br></div><div class="battle-history">[Flygon's Desert Gales]<br></div><div class="battle-history"><small>Desert gales kicked up!</small><br></div><div class="battle-history"><small>Normal-type moves will become Ground-type.</small><br></div><div class="battle-history"><small>Rock-, Ground- and Steel-type moves will also have their power increased.</small><br></div><div class="battle-history"><small>Other weather-related moves and Abilities will behave as they do in sandstorm.</small><br></div><div class="spacer battle-history"><br></div><div class="battle-history"><small>The desert gales are raging!</small><br></div><div class="spacer battle-history"><br></div><h2 class="battle-history">Turn 32</h2><div class="spacer battle-history"><br></div><div class="battle-history">Flygon used <strong>Draco Meteor</strong>!<br></div><div class="battle-history"><small>(The opposing Tangrowth lost 80% of its health!)</small><br></div><div class="battle-history"><small>Flygon's Sp. Atk fell harshly!</small><br></div><div class="spacer battle-history"><br></div><div class="battle-history">The opposing Tangrowth fainted!<br></div><div class="spacer battle-history"><br></div><div class="battle-history"><small>The desert gales are raging!</small><br></div><div class="spacer battle-history"><br></div><div class="battle-history">FierceHawk192 sent out <strong>Togekiss</strong>!<br></div><div class="spacer battle-history"><br></div><h2 class="battle-history">Turn 33</h2><div class="spacer battle-history"><br></div><div class="battle-history">Flygon, come back!<br></div><div class="battle-history">Go! <strong>Zapdos</strong>!<br></div><div class="battle-history">[Zapdos's Pressure]<br><small>Zapdos is exerting its pressure!</small><br></div><div class="spacer battle-history"><br></div><div class="battle-history">The opposing Togekiss used <strong>Dazzling Gleam</strong>!<br></div><div class="battle-history"><small>A critical hit!</small><br></div><div class="battle-history"><small>(Zapdos lost 57% of its health!)</small><br></div><div class="spacer battle-history"><br></div><div class="battle-history"><small>The desert gales are raging!</small><br></div><div class="spacer battle-history"><br></div><h2 class="battle-history">Turn 34</h2><div class="spacer battle-history"><br></div><div class="battle-history">Zapdos, come back!<br></div><div class="battle-history">Go! <strong>Excadrill</strong>!<br></div><div class="spacer battle-history"><br></div><div class="battle-history">The opposing Togekiss used <strong>Dazzling Gleam</strong>!<br></div><div class="battle-history"><small>It's not very effective...</small><br></div><div class="battle-history"><small>(Excadrill lost 22% of its health!)</small><br></div><div class="spacer battle-history"><br></div><div class="battle-history">Excadrill fainted!<br></div><div class="spacer battle-history"><br></div><div class="battle-history"><small>The desert gales are raging!</small><br></div><div class="spacer battle-history"><br></div><div class="battle-history">Go! <strong>Zapdos</strong>!<br></div><div class="battle-history">[Zapdos's Pressure]<br><small>Zapdos is exerting its pressure!</small><br></div><div class="spacer battle-history"><br></div><h2 class="battle-history">Turn 35</h2><div class="spacer battle-history"><br></div><div class="battle-history">The opposing Togekiss used <strong>Dazzling Gleam</strong>!<br></div><div class="battle-history"><small>(Zapdos lost 28% of its health!)</small><br></div><div class="spacer battle-history"><br></div><div class="battle-history">Zapdos fainted!<br></div><div class="spacer battle-history"><br></div><div class="battle-history"><small>The desert gales subsided!</small><br></div><div class="spacer battle-history"><br></div><div class="battle-history">Go! Flygon (<strong>Flygon-Mega</strong>)!<br></div><div class="battle-history">[Flygon's Desert Gales]<br></div><div class="battle-history"><small>Desert gales kicked up!</small><br></div><div class="battle-history"><small>Normal-type moves will become Ground-type.</small><br></div><div class="battle-history"><small>Rock-, Ground- and Steel-type moves will also have their power increased.</small><br></div><div class="battle-history"><small>Other weather-related moves and Abilities will behave as they do in sandstorm.</small><br></div><div class="spacer battle-history"><br></div><h2 class="battle-history">Turn 36</h2><div class="spacer battle-history"><br></div><div class="battle-history">The opposing Togekiss used <strong>Dazzling Gleam</strong>!<br></div><div class="battle-history"><small>It's super effective!</small><br></div><div class="battle-history"><small>(Flygon lost 81% of its health!)</small><br></div><div class="spacer battle-history"><br></div><div class="battle-history">Flygon used <strong>Roost</strong>!<br></div><div class="battle-history"><small>Flygon had its HP restored.</small><br></div><div class="spacer battle-history"><br></div><div class="battle-history"><small>The desert gales are raging!</small><br></div><div class="spacer battle-history"><br></div><h2 class="battle-history">Turn 37</h2><div class="spacer battle-history"><br></div><div class="battle-history">The opposing Togekiss used <strong>Dazzling Gleam</strong>!<br></div><div class="battle-history"><small>It's super effective!</small><br></div><div class="battle-history"><small>(Flygon lost 69% of its health!)</small><br></div><div class="spacer battle-history"><br></div><div class="battle-history">Flygon fainted!<br></div><div class="spacer battle-history"><br></div><div class="battle-history"><strong>FierceHawk192</strong> won the battle!<br></div><div class="chat chatmessage-notmossy"><strong style="color:#3f7abe"><small>☆</small><span class="username" data-name="Not mossy">Not mossy</span>:</strong> <em>gg</em></div><div class="chat chatmessage-fiercehawk192"><strong style="color:#10a683"><small>☆</small><span class="username" data-name="FierceHawk192">FierceHawk192</span>:</strong> <em>gg</em></div></div><div class="inner-preempt message-log"></div></div></div>
</div>
<script>
let daily = Math.floor(Date.now()/1000/60/60/24);document.write('<script src="https://dragonheaven.herokuapp.com/js/replay-embed.js?version'+daily+'"></'+'script>');
</script>
