<!DOCTYPE html>
<meta charset="utf-8" />
<!-- version 1 -->
<title>[Gen 8] M4A Monotype replay: CCMegaFlareon vs. BotwNerd745</title>
<style>
html,body {font-family:Verdana, sans-serif;font-size:10pt;margin:0;padding:0;}body{padding:12px 0;} .battle-log {font-family:Verdana, sans-serif;font-size:10pt;} .battle-log-inline {border:1px solid #AAAAAA;background:#EEF2F5;color:black;max-width:640px;margin:0 auto 80px;padding-bottom:5px;} .battle-log .inner {padding:4px 8px 0px 8px;} .battle-log .inner-preempt {padding:0 8px 4px 8px;} .battle-log .inner-after {margin-top:0.5em;} .battle-log h2 {margin:0.5em -8px;padding:4px 8px;border:1px solid #AAAAAA;background:#E0E7EA;border-left:0;border-right:0;font-family:Verdana, sans-serif;font-size:13pt;} .battle-log .chat {vertical-align:middle;padding:3px 0 3px 0;font-size:8pt;} .battle-log .chat strong {color:#40576A;} .battle-log .chat em {padding:1px 4px 1px 3px;color:#000000;font-style:normal;} .chat.mine {background:rgba(0,0,0,0.05);margin-left:-8px;margin-right:-8px;padding-left:8px;padding-right:8px;} .spoiler {color:#BBBBBB;background:#BBBBBB;padding:0px 3px;} .spoiler:hover, .spoiler:active, .spoiler-shown {color:#000000;background:#E2E2E2;padding:0px 3px;} .spoiler a {color:#BBBBBB;} .spoiler:hover a, .spoiler:active a, .spoiler-shown a {color:#2288CC;} .chat code, .chat .spoiler:hover code, .chat .spoiler:active code, .chat .spoiler-shown code {border:1px solid #C0C0C0;background:#EEEEEE;color:black;padding:0 2px;} .chat .spoiler code {border:1px solid #CCCCCC;background:#CCCCCC;color:#CCCCCC;} .battle-log .rated {padding:3px 4px;} .battle-log .rated strong {color:white;background:#89A;padding:1px 4px;border-radius:4px;} .spacer {margin-top:0.5em;} .message-announce {background:#6688AA;color:white;padding:1px 4px 2px;} .message-announce a, .broadcast-green a, .broadcast-blue a, .broadcast-red a {color:#DDEEFF;} .broadcast-green {background-color:#559955;color:white;padding:2px 4px;} .broadcast-blue {background-color:#6688AA;color:white;padding:2px 4px;} .infobox {border:1px solid #6688AA;padding:2px 4px;} .infobox-limited {max-height:200px;overflow:auto;overflow-x:hidden;} .broadcast-red {background-color:#AA5544;color:white;padding:2px 4px;} .message-learn-canlearn {font-weight:bold;color:#228822;text-decoration:underline;} .message-learn-cannotlearn {font-weight:bold;color:#CC2222;text-decoration:underline;} .message-effect-weak {font-weight:bold;color:#CC2222;} .message-effect-resist {font-weight:bold;color:#6688AA;} .message-effect-immune {font-weight:bold;color:#666666;} .message-learn-list {margin-top:0;margin-bottom:0;} .message-throttle-notice, .message-error {color:#992222;} .message-overflow, .chat small.message-overflow {font-size:0pt;} .message-overflow::before {font-size:9pt;content:'...';} .subtle {color:#3A4A66;}
</style>
<div class="wrapper replay-wrapper" style="max-width:1180px;margin:0 auto">
<input type="hidden" name="replayid" value="dragonheaven-gen8m4amonotype-914" />
<div class="battle"></div><div class="battle-log"></div><div class="replay-controls"></div><div class="replay-controls-2"></div>
<h1 style="font-weight:normal;text-align:center"><strong>[Gen 8] M4A Monotype</strong><br /><a href="http://pokemonshowdown.com/users/ccmegaflareon" class="subtle" target="_blank">CCMegaFlareon</a> vs. <a href="http://pokemonshowdown.com/users/botwnerd745" class="subtle" target="_blank">BotwNerd745</a></h1>
<script type="text/plain" class="battle-log-data">|j|☆CCMegaFlareon
|j|☆BotwNerd745
|t:|1609282290
|player|p1|CCMegaFlareon|giovanni|
|player|p2|BotwNerd745|hilda-dueldisk|
|teamsize|p1|6
|teamsize|p2|6
|gametype|singles
|gen|8
|tier|[Gen 8] M4A Monotype
|rule|Same Type Clause: Pokémon in a team must share a type
|clearpoke
|poke|p1|Weezing-Galar, F|
|poke|p1|Toxapex, M|
|poke|p1|Amoonguss, F|
|poke|p1|Skuntank, M|
|poke|p1|Nidoqueen, F|
|poke|p1|Nidoking, M|
|poke|p2|Inteleon, M|
|poke|p2|Araquanid, M|
|poke|p2|Rotom-Wash|
|poke|p2|Primarina, M|
|poke|p2|Pelipper, F|
|poke|p2|Gastrodon, F|
|rule|HP Percentage Mod: HP is shown in percentages
|rule|Endless Battle Clause: Forcing endless battles is banned
|rule|OHKO Clause: OHKO moves are banned
|rule|Evasion Moves Clause: Evasion moves are banned
|rule|Species Clause: Limit one of each Pokémon
|rule|Dynamax Clause: You cannot dynamax
|rule|Sleep Clause Mod: Limit one foe put to sleep
|rule|Freeze Clause Mod: Limit one foe frozen
|teampreview
|
|t:|1609282312
|start
|switch|p1a: Nidoking|Nidoking, M|100\/100
|switch|p2a: E-liter|Inteleon, M|100\/100
|turn|1
|
|t:|1609282338
|switch|p1a: Toxapex|Toxapex, M|100\/100
|detailschange|p2a: E-liter|Inteleon-Mega, M
|-mega|p2a: E-liter|Inteleon|Inteleonite
|-start|p2a: E-liter|typechange|Water\/Bug|[silent]
|raw|<ul class="utilichart"><li class="result"><span class="col pokemonnamecol" style="white-space: nowrap">Inteleon-Mega<\/span> <span class="col typecol"><img src="https:\/\/play.pokemonshowdown.com\/sprites\/types\/Water.png" alt="Water" height="14" width="32"><img src="https:\/\/play.pokemonshowdown.com\/sprites\/types\/Bug.png" alt="Bug" height="14" width="32"><\/span> <span style="float: left ; min-height: 26px"><span class="col abilitycol">Illusion<\/span><span class="col abilitycol"><\/span><\/span><span style="float: left ; min-height: 26px"><span class="col statcol"><em>HP<\/em><br>70<\/span> <span class="col statcol"><em>Atk<\/em><br>145<\/span> <span class="col statcol"><em>Def<\/em><br>102<\/span> <span class="col statcol"><em>SpA<\/em><br>85<\/span> <span class="col statcol"><em>SpD<\/em><br>102<\/span> <span class="col statcol"><em>Spe<\/em><br>126<\/span> <\/span><\/li><li style="clear: both"><\/li><\/ul>
|move|p2a: E-liter|Liquidation|p1a: Toxapex
|-resisted|p1a: Toxapex
|-damage|p1a: Toxapex|81\/100
|
|-heal|p1a: Toxapex|87\/100|[from] item: Black Sludge
|upkeep
|turn|2
|
|t:|1609282349
|move|p2a: E-liter|U-turn|p1a: Toxapex
|-resisted|p1a: Toxapex
|-damage|p1a: Toxapex|72\/100
|
|t:|1609282355
|switch|p2a: Gastrodon|Gastrodon, F|100\/100|[from]move: U-turn
|move|p1a: Toxapex|Toxic|p2a: Gastrodon
|-status|p2a: Gastrodon|tox
|
|-heal|p1a: Toxapex|78\/100|[from] item: Black Sludge
|-damage|p2a: Gastrodon|94\/100 tox|[from] psn
|upkeep
|turn|3
|
|t:|1609282371
|switch|p1a: Amoonguss|Amoonguss, F|100\/100
|move|p2a: Gastrodon|Earth Power|p1a: Amoonguss
|-damage|p1a: Amoonguss|73\/100
|
|-heal|p1a: Amoonguss|79\/100|[from] item: Black Sludge
|-damage|p2a: Gastrodon|82\/100 tox|[from] psn
|upkeep
|turn|4
|
|t:|1609282383
|switch|p2a: Araquanid|Araquanid, M|100\/100
|move|p1a: Amoonguss|Giga Drain|p2a: Araquanid
|-damage|p2a: Araquanid|86\/100
|-heal|p1a: Amoonguss|85\/100|[from] drain|[of] p2a: Araquanid
|
|-heal|p1a: Amoonguss|91\/100|[from] item: Black Sludge
|upkeep
|turn|5
|
|t:|1609282391
|move|p2a: Araquanid|Sticky Web|p1a: Amoonguss
|-sidestart|p1: CCMegaFlareon|move: Sticky Web
|move|p1a: Amoonguss|Spore|p2a: Araquanid
|-status|p2a: Araquanid|slp|[from] move: Spore
|
|-heal|p1a: Amoonguss|97\/100|[from] item: Black Sludge
|upkeep
|turn|6
|
|t:|1609282404
|switch|p2a: Pelipper|Pelipper, F|100\/100
|switch|p1a: Skuntank|Skuntank, M|100\/100
|-activate|p1a: Skuntank|move: Sticky Web
|-unboost|p1a: Skuntank|spe|1
|
|upkeep
|turn|7
|
|t:|1609282415
|switch|p1a: Toxapex|Toxapex, M|100\/100
|-activate|p1a: Toxapex|move: Sticky Web
|-unboost|p1a: Toxapex|spe|1
|move|p2a: Pelipper|Scald|p1a: Toxapex
|-resisted|p1a: Toxapex
|-damage|p1a: Toxapex|92\/100
|
|-heal|p1a: Toxapex|98\/100|[from] item: Black Sludge
|upkeep
|turn|8
|
|t:|1609282432
|move|p2a: Pelipper|U-turn|p1a: Toxapex
|-resisted|p1a: Toxapex
|-damage|p1a: Toxapex|94\/100
|
|t:|1609282436
|switch|p2a: Rotom|Rotom-Wash|100\/100|[from]move: U-turn
|move|p1a: Toxapex|Toxic|p2a: Rotom
|-status|p2a: Rotom|tox
|
|-heal|p1a: Toxapex|100\/100|[from] item: Black Sludge
|-damage|p2a: Rotom|94\/100 tox|[from] psn
|upkeep
|turn|9
|
|t:|1609282447
|switch|p1a: Amoonguss|Amoonguss, F|100\/100
|-activate|p1a: Amoonguss|move: Sticky Web
|-unboost|p1a: Amoonguss|spe|1
|move|p2a: Rotom|Thunderbolt|p1a: Amoonguss
|-resisted|p1a: Amoonguss
|-damage|p1a: Amoonguss|81\/100
|
|-heal|p1a: Amoonguss|88\/100|[from] item: Black Sludge
|-damage|p2a: Rotom|82\/100 tox|[from] psn
|upkeep
|turn|10
|
|t:|1609282459
|move|p2a: Rotom|Volt Switch|p1a: Amoonguss
|-resisted|p1a: Amoonguss
|-damage|p1a: Amoonguss|72\/100
|
|t:|1609282463
|switch|p2a: Pelipper|Pelipper, F|100\/100|[from]move: Volt Switch
|move|p1a: Amoonguss|Giga Drain|p2a: Pelipper
|-damage|p2a: Pelipper|69\/100
|-heal|p1a: Amoonguss|85\/100|[from] drain|[of] p2a: Pelipper
|
|-heal|p1a: Amoonguss|91\/100|[from] item: Black Sludge
|upkeep
|turn|11
|
|t:|1609282489
|switch|p1a: Toxapex|Toxapex, M|100\/100
|-activate|p1a: Toxapex|move: Sticky Web
|-unboost|p1a: Toxapex|spe|1
|move|p2a: Pelipper|Hurricane|p1a: Toxapex
|-damage|p1a: Toxapex|77\/100
|
|-heal|p1a: Toxapex|84\/100|[from] item: Black Sludge
|upkeep
|turn|12
|
|t:|1609282506
|move|p2a: Pelipper|U-turn|p1a: Toxapex
|-resisted|p1a: Toxapex
|-damage|p1a: Toxapex|80\/100
|
|t:|1609282518
|switch|p2a: Gastrodon|Gastrodon, F|82\/100 tox|[from]move: U-turn
|move|p1a: Toxapex|Scald|p2a: Gastrodon
|-damage|p2a: Gastrodon|68\/100 tox
|
|-heal|p1a: Toxapex|87\/100|[from] item: Black Sludge
|-damage|p2a: Gastrodon|62\/100 tox|[from] psn
|upkeep
|turn|13
|
|t:|1609282533
|switch|p1a: Amoonguss|Amoonguss, F|100\/100
|-activate|p1a: Amoonguss|move: Sticky Web
|-unboost|p1a: Amoonguss|spe|1
|move|p2a: Gastrodon|Earth Power|p1a: Amoonguss
|-damage|p1a: Amoonguss|71\/100
|-unboost|p1a: Amoonguss|spd|1
|
|-heal|p1a: Amoonguss|78\/100|[from] item: Black Sludge
|-damage|p2a: Gastrodon|50\/100 tox|[from] psn
|upkeep
|turn|14
|
|t:|1609282558
|switch|p2a: Gastrodon|Gastrodon, F|100\/100
|move|p1a: Amoonguss|Giga Drain|p2a: Gastrodon
|-damage|p2a: Gastrodon|72\/100
|-heal|p1a: Amoonguss|87\/100|[from] drain|[of] p2a: Gastrodon
|replace|p2a: E-liter|Inteleon-Mega, M
|-end|p2a: E-liter|Illusion
|-start|p2a: E-liter|typechange|Water\/Bug|[silent]
|
|-heal|p1a: Amoonguss|93\/100|[from] item: Black Sludge
|upkeep
|turn|15
|
|t:|1609282579
|switch|p1a: Weezing|Weezing-Galar, F|100\/100
|move|p2a: E-liter|First Impression|p1a: Weezing
|-resisted|p1a: Weezing
|-damage|p1a: Weezing|93\/100
|
|-heal|p1a: Weezing|99\/100|[from] item: Black Sludge
|upkeep
|turn|16
|
|t:|1609282591
|move|p2a: E-liter|Swords Dance|p2a: E-liter
|-boost|p2a: E-liter|atk|2
|move|p1a: Weezing|Will-O-Wisp|p2a: E-liter
|-status|p2a: E-liter|brn
|
|-heal|p1a: Weezing|100\/100|[from] item: Black Sludge
|-damage|p2a: E-liter|66\/100 brn|[from] brn
|upkeep
|turn|17
|
|t:|1609282600
|move|p2a: E-liter|Liquidation|p1a: Weezing
|-damage|p1a: Weezing|70\/100
|move|p1a: Weezing|Strange Steam|p2a: E-liter
|-damage|p2a: E-liter|34\/100 brn
|-start|p2a: E-liter|typechange|Water\/Bug|[silent]
|
|-heal|p1a: Weezing|76\/100|[from] item: Black Sludge
|-damage|p2a: E-liter|28\/100 brn|[from] brn
|upkeep
|turn|18
|
|t:|1609282609
|move|p2a: E-liter|U-turn|p1a: Weezing
|-resisted|p1a: Weezing
|-damage|p1a: Weezing|70\/100
|
|t:|1609282617
|switch|p2a: Rotom|Rotom-Wash|82\/100 tox|[from]move: U-turn
|move|p1a: Weezing|Strange Steam|p2a: Rotom
|-damage|p2a: Rotom|47\/100 tox
|
|-heal|p1a: Weezing|76\/100|[from] item: Black Sludge
|-damage|p2a: Rotom|41\/100 tox|[from] psn
|upkeep
|turn|19
|
|t:|1609282629
|switch|p1a: Amoonguss|Amoonguss, F|100\/100
|-activate|p1a: Amoonguss|move: Sticky Web
|-unboost|p1a: Amoonguss|spe|1
|move|p2a: Rotom|Hydro Pump|p1a: Amoonguss|[miss]
|-miss|p2a: Rotom|p1a: Amoonguss
|
|-damage|p2a: Rotom|28\/100 tox|[from] psn
|upkeep
|turn|20
|
|t:|1609282640
|move|p2a: Rotom|Volt Switch|p1a: Amoonguss
|-resisted|p1a: Amoonguss
|-damage|p1a: Amoonguss|85\/100
|
|t:|1609282647
|switch|p2a: Araquanid|Araquanid, M|86\/100 slp|[from]move: Volt Switch
|move|p1a: Amoonguss|Giga Drain|p2a: Araquanid
|-damage|p2a: Araquanid|74\/100 slp
|-heal|p1a: Amoonguss|90\/100|[from] drain|[of] p2a: Araquanid
|
|-heal|p1a: Amoonguss|96\/100|[from] item: Black Sludge
|upkeep
|turn|21
|
|t:|1609282660
|switch|p1a: Skuntank|Skuntank, M|100\/100
|-activate|p1a: Skuntank|move: Sticky Web
|-unboost|p1a: Skuntank|spe|1
|cant|p2a: Araquanid|slp
|
|upkeep
|turn|22
|
|t:|1609282672
|move|p1a: Skuntank|Crunch|p2a: Araquanid
|-damage|p2a: Araquanid|48\/100 slp
|-unboost|p2a: Araquanid|def|1
|-curestatus|p2a: Araquanid|slp|[msg]
|move|p2a: Araquanid|Liquidation|p1a: Skuntank
|-damage|p1a: Skuntank|53\/100
|
|-heal|p1a: Skuntank|60\/100|[from] item: Black Sludge
|upkeep
|turn|23
|
|t:|1609282682
|move|p1a: Skuntank|Crunch|p2a: Araquanid
|-damage|p2a: Araquanid|6\/100
|-unboost|p2a: Araquanid|def|1
|move|p2a: Araquanid|Liquidation|p1a: Skuntank
|-damage|p1a: Skuntank|6\/100
|-unboost|p1a: Skuntank|def|1
|
|-heal|p1a: Skuntank|12\/100|[from] item: Black Sludge
|upkeep
|turn|24
|
|t:|1609282695
|move|p1a: Skuntank|Defog|p2a: Araquanid
|-unboost|p2a: Araquanid|evasion|1
|-sideend|p1: CCMegaFlareon|Sticky Web|[from] move: Defog|[of] p1a: Skuntank
|move|p2a: Araquanid|Liquidation|p1a: Skuntank
|-damage|p1a: Skuntank|0 fnt
|-damage|p2a: Araquanid|0 fnt|[from] ability: Aftermath|[of] p1a: Skuntank
|faint|p1a: Skuntank
|faint|p2a: Araquanid
|
|upkeep
|
|t:|1609282708
|switch|p1a: Nidoking|Nidoking, M|100\/100
|switch|p2a: Pelipper|Pelipper, F|69\/100
|turn|25
|
|t:|1609282713
|move|p1a: Nidoking|Thunderbolt|p2a: Pelipper
|-supereffective|p2a: Pelipper
|-enditem|p2a: Pelipper|Wacan Berry|[eat]
|-enditem|p2a: Pelipper|Wacan Berry|[weaken]
|-damage|p2a: Pelipper|0 fnt
|faint|p2a: Pelipper
|
|upkeep
|
|t:|1609282721
|switch|p2a: Splash|Primarina, M|100\/100
|turn|26
|
|t:|1609282728
|move|p1a: Nidoking|Thunderbolt|p2a: Splash
|-supereffective|p2a: Splash
|-damage|p2a: Splash|34\/100
|move|p2a: Splash|Hyper Voice|p1a: Nidoking
|-supereffective|p1a: Nidoking
|-damage|p1a: Nidoking|0 fnt
|-enditem|p2a: Splash|Throat Spray
|-boost|p2a: Splash|spa|1|[from] item: Throat Spray
|faint|p1a: Nidoking
|
|upkeep
|
|t:|1609282747
|switch|p1a: Amoonguss|Amoonguss, F|100\/100
|turn|27
|
|t:|1609282750
|move|p2a: Splash|Ice Beam|p1a: Amoonguss
|-supereffective|p1a: Amoonguss
|-crit|p1a: Amoonguss
|-damage|p1a: Amoonguss|0 fnt
|faint|p1a: Amoonguss
|
|upkeep
|
|t:|1609282757
|switch|p1a: Nidoqueen|Nidoqueen, F|100\/100
|turn|28
|
|t:|1609282761
|detailschange|p1a: Nidoqueen|Nidoqueen-Mega, F
|-mega|p1a: Nidoqueen|Nidoqueen|Nidoqueenite
|-start|p1a: Nidoqueen|typechange|Poison\/Ground|[silent]
|raw|<ul class="utilichart"><li class="result"><span class="col pokemonnamecol" style="white-space: nowrap">Nidoqueen-Mega<\/span> <span class="col typecol"><img src="https:\/\/play.pokemonshowdown.com\/sprites\/types\/Poison.png" alt="Poison" height="14" width="32"><img src="https:\/\/play.pokemonshowdown.com\/sprites\/types\/Ground.png" alt="Ground" height="14" width="32"><\/span> <span style="float: left ; min-height: 26px"><span class="col abilitycol">Stamina<\/span><span class="col abilitycol"><\/span><\/span><span style="float: left ; min-height: 26px"><span class="col statcol"><em>HP<\/em><br>90<\/span> <span class="col statcol"><em>Atk<\/em><br>122<\/span> <span class="col statcol"><em>Def<\/em><br>127<\/span> <span class="col statcol"><em>SpA<\/em><br>75<\/span> <span class="col statcol"><em>SpD<\/em><br>115<\/span> <span class="col statcol"><em>Spe<\/em><br>76<\/span> <\/span><\/li><li style="clear: both"><\/li><\/ul>
|move|p1a: Nidoqueen|Earthquake|p2a: Splash
|-damage|p2a: Splash|0 fnt
|faint|p2a: Splash
|
|upkeep
|
|t:|1609282766
|switch|p2a: Rotom|Rotom-Wash|28\/100 tox
|turn|29
|
|t:|1609282770
|move|p2a: Rotom|Hydro Pump|p1a: Nidoqueen|[miss]
|-miss|p2a: Rotom|p1a: Nidoqueen
|move|p1a: Nidoqueen|Body Press|p2a: Rotom
|-crit|p2a: Rotom
|-damage|p2a: Rotom|0 fnt
|faint|p2a: Rotom
|
|upkeep
|
|t:|1609282779
|switch|p2a: Gastrodon|Gastrodon, F|28\/100 brn
|turn|30
|
|t:|1609282787
|move|p2a: Gastrodon|Liquidation|p1a: Nidoqueen
|-supereffective|p1a: Nidoqueen
|-damage|p1a: Nidoqueen|74\/100
|-ability|p1a: Nidoqueen|Stamina|boost
|-boost|p1a: Nidoqueen|def|1
|move|p1a: Nidoqueen|Body Press|p2a: Gastrodon
|-resisted|p2a: Gastrodon
|-damage|p2a: Gastrodon|1\/100 brn
|replace|p2a: E-liter|Inteleon-Mega, M
|-end|p2a: E-liter|Illusion
|-start|p2a: E-liter|typechange|Water\/Bug|[silent]
|
|-damage|p2a: E-liter|0 fnt|[from] brn
|faint|p2a: E-liter
|upkeep
|
|t:|1609282799
|switch|p2a: Gastrodon|Gastrodon, F|50\/100 tox
|turn|31
|
|t:|1609282804
|move|p1a: Nidoqueen|Body Press|p2a: Gastrodon
|-damage|p2a: Gastrodon|17\/100 tox
|move|p2a: Gastrodon|Earth Power|p1a: Nidoqueen
|-supereffective|p1a: Nidoqueen
|-damage|p1a: Nidoqueen|28\/100
|-ability|p1a: Nidoqueen|Stamina|boost
|-boost|p1a: Nidoqueen|def|1
|
|-damage|p2a: Gastrodon|11\/100 tox|[from] psn
|upkeep
|turn|32
|
|t:|1609282814
|move|p1a: Nidoqueen|Body Press|p2a: Gastrodon
|-damage|p2a: Gastrodon|0 fnt
|faint|p2a: Gastrodon
|
|win|CCMegaFlareon
|c|☆BotwNerd745|gg
|c|☆CCMegaFlareon|gg
|l|☆BotwNerd745
|l|☆CCMegaFlareon
|j|☆BotwNerd745
|player|p2|BotwNerd745|hilda-dueldisk
|l|☆BotwNerd745
|player|p2|
|j| inkbug1
</script>
</div>
<div class="battle-log battle-log-inline"><div class="inner"><div class="battle-options"><div style="padding-top: 3px; padding-right: 3px; text-align: right"><button class="icon button" name="openBattleOptions" title="Options">Battle Options</button></div></div><div class="inner message-log"><div class="chat"><small>☆CCMegaFlareon and ☆BotwNerd745 joined</small></div><div class=""><small>Format:</small> <br><strong>[Gen 8] M4A Monotype</strong></div><div class=""><small><em>Same Type Clause:</em> Pokémon in a team must share a type</small></div><div class=""><small><em>HP Percentage Mod:</em> HP is shown in percentages</small></div><div class=""><small><em>Endless Battle Clause:</em> Forcing endless battles is banned</small></div><div class=""><small><em>OHKO Clause:</em> OHKO moves are banned</small></div><div class=""><small><em>Evasion Moves Clause:</em> Evasion moves are banned</small></div><div class=""><small><em>Species Clause:</em> Limit one of each Pokémon</small></div><div class=""><small><em>Dynamax Clause:</em> You cannot dynamax</small></div><div class=""><small><em>Sleep Clause Mod:</em> Limit one foe put to sleep</small></div><div class=""><small><em>Freeze Clause Mod:</em> Limit one foe frozen</small></div><div class="chat battle-history"><strong>CCMegaFlareon's team:</strong> <em style="color:#445566;display:block;">Weezing-Galar / Toxapex / Amoonguss / Skuntank / Nidoqueen / Nidoking</em></div><div class="chat battle-history"><strong>BotwNerd745's team:</strong> <em style="color:#445566;display:block;">Inteleon / Araquanid / Rotom-Wash / Primarina / Pelipper / Gastrodon</em></div><div class="spacer battle-history"><br></div><div class="battle-history">Battle started between CCMegaFlareon and BotwNerd745!<br></div><div class="spacer battle-history"><br></div><div class="battle-history">Go! <strong>Nidoking</strong>!<br></div><div class="spacer battle-history"><br></div><div class="battle-history">BotwNerd745 sent out E-liter (<strong>Inteleon</strong>)!<br></div><div class="spacer battle-history"><br></div><h2 class="battle-history">Turn 1</h2><div class="spacer battle-history"><br></div><div class="battle-history">Nidoking, come back!<br></div><div class="battle-history">Go! <strong>Toxapex</strong>!<br></div><div class="spacer battle-history"><br></div><div class="battle-history"><small>The opposing E-liter's Inteleonite is reacting to the Key Stone!</small><br>The opposing E-liter has Mega Evolved into Mega Inteleon!<br></div><div class="chat"><ul class="utilichart"><li class="result"><span class="col pokemonnamecol" style="white-space: nowrap">Inteleon-Mega</span> <span class="col typecol"><img src="https://play.pokemonshowdown.com/sprites/types/Water.png" alt="Water" height="14" width="32"><img src="https://play.pokemonshowdown.com/sprites/types/Bug.png" alt="Bug" height="14" width="32"></span> <span style="float: left ; min-height: 26px"><span class="col abilitycol">Illusion</span><span class="col abilitycol"></span></span><span style="float: left ; min-height: 26px"><span class="col statcol"><em>HP</em><br>70</span> <span class="col statcol"><em>Atk</em><br>145</span> <span class="col statcol"><em>Def</em><br>102</span> <span class="col statcol"><em>SpA</em><br>85</span> <span class="col statcol"><em>SpD</em><br>102</span> <span class="col statcol"><em>Spe</em><br>126</span> </span></li><li style="clear: both"></li></ul></div><div class="spacer battle-history"><br></div><div class="battle-history">The opposing E-liter used <strong>Liquidation</strong>!<br></div><div class="battle-history"><small>It's not very effective...</small><br></div><div class="battle-history"><small>(Toxapex lost 19% of its health!)</small><br></div><div class="spacer battle-history"><br></div><div class="battle-history"><small>Toxapex restored a little HP using its Black Sludge!</small><br></div><div class="spacer battle-history"><br></div><h2 class="battle-history">Turn 2</h2><div class="spacer battle-history"><br></div><div class="battle-history">The opposing E-liter used <strong>U-turn</strong>!<br></div><div class="battle-history"><small>It's not very effective...</small><br></div><div class="battle-history"><small>(Toxapex lost 15% of its health!)</small><br></div><div class="spacer battle-history"><br></div><div class="battle-history">The opposing E-liter went back to BotwNerd745!<br></div><div class="battle-history">BotwNerd745 sent out <strong>Gastrodon</strong>!<br></div><div class="spacer battle-history"><br></div><div class="battle-history">Toxapex used <strong>Toxic</strong>!<br></div><div class="battle-history"><small>The opposing Gastrodon was badly poisoned!</small><br></div><div class="spacer battle-history"><br></div><div class="battle-history"><small>Toxapex restored a little HP using its Black Sludge!</small><br></div><div class="battle-history"><small>The opposing Gastrodon was hurt by poison!</small><br></div><div class="spacer battle-history"><br></div><h2 class="battle-history">Turn 3</h2><div class="spacer battle-history"><br></div><div class="battle-history">Toxapex, come back!<br></div><div class="battle-history">Go! <strong>Amoonguss</strong>!<br></div><div class="spacer battle-history"><br></div><div class="battle-history">The opposing Gastrodon used <strong>Earth Power</strong>!<br></div><div class="battle-history"><small>(Amoonguss lost 27% of its health!)</small><br></div><div class="spacer battle-history"><br></div><div class="battle-history"><small>Amoonguss restored a little HP using its Black Sludge!</small><br></div><div class="battle-history"><small>The opposing Gastrodon was hurt by poison!</small><br></div><div class="spacer battle-history"><br></div><h2 class="battle-history">Turn 4</h2><div class="spacer battle-history"><br></div><div class="battle-history">BotwNerd745 withdrew Gastrodon!<br></div><div class="battle-history">BotwNerd745 sent out <strong>Araquanid</strong>!<br></div><div class="spacer battle-history"><br></div><div class="battle-history">Amoonguss used <strong>Giga Drain</strong>!<br></div><div class="battle-history"><small>(The opposing Araquanid lost 14% of its health!)</small><br></div><div class="battle-history"><small>The opposing Araquanid had its energy drained!</small><br></div><div class="spacer battle-history"><br></div><div class="battle-history"><small>Amoonguss restored a little HP using its Black Sludge!</small><br></div><div class="spacer battle-history"><br></div><h2 class="battle-history">Turn 5</h2><div class="spacer battle-history"><br></div><div class="battle-history">The opposing Araquanid used <strong>Sticky Web</strong>!<br></div><div class="battle-history"><small>A sticky web has been laid out on the ground around your team!</small><br></div><div class="spacer battle-history"><br></div><div class="battle-history">Amoonguss used <strong>Spore</strong>!<br></div><div class="battle-history"><small>The opposing Araquanid fell asleep!</small><br></div><div class="spacer battle-history"><br></div><div class="battle-history"><small>Amoonguss restored a little HP using its Black Sludge!</small><br></div><div class="spacer battle-history"><br></div><h2 class="battle-history">Turn 6</h2><div class="spacer battle-history"><br></div><div class="battle-history">BotwNerd745 withdrew Araquanid!<br></div><div class="battle-history">BotwNerd745 sent out <strong>Pelipper</strong>!<br></div><div class="spacer battle-history"><br></div><div class="battle-history">Amoonguss, come back!<br></div><div class="battle-history">Go! <strong>Skuntank</strong>!<br></div><div class="battle-history"><small>Skuntank was caught in a sticky web!</small><br></div><div class="battle-history"><small>Skuntank's Speed fell!</small><br></div><div class="spacer battle-history"><br></div><h2 class="battle-history">Turn 7</h2><div class="spacer battle-history"><br></div><div class="battle-history">Skuntank, come back!<br></div><div class="battle-history">Go! <strong>Toxapex</strong>!<br></div><div class="battle-history"><small>Toxapex was caught in a sticky web!</small><br></div><div class="battle-history"><small>Toxapex's Speed fell!</small><br></div><div class="spacer battle-history"><br></div><div class="battle-history">The opposing Pelipper used <strong>Scald</strong>!<br></div><div class="battle-history"><small>It's not very effective...</small><br></div><div class="battle-history"><small>(Toxapex lost 8% of its health!)</small><br></div><div class="spacer battle-history"><br></div><div class="battle-history"><small>Toxapex restored a little HP using its Black Sludge!</small><br></div><div class="spacer battle-history"><br></div><h2 class="battle-history">Turn 8</h2><div class="spacer battle-history"><br></div><div class="battle-history">The opposing Pelipper used <strong>U-turn</strong>!<br></div><div class="battle-history"><small>It's not very effective...</small><br></div><div class="battle-history"><small>(Toxapex lost 4% of its health!)</small><br></div><div class="spacer battle-history"><br></div><div class="battle-history">The opposing Pelipper went back to BotwNerd745!<br></div><div class="battle-history">BotwNerd745 sent out Rotom (<strong>Rotom-Wash</strong>)!<br></div><div class="spacer battle-history"><br></div><div class="battle-history">Toxapex used <strong>Toxic</strong>!<br></div><div class="battle-history"><small>The opposing Rotom was badly poisoned!</small><br></div><div class="spacer battle-history"><br></div><div class="battle-history"><small>Toxapex restored a little HP using its Black Sludge!</small><br></div><div class="battle-history"><small>The opposing Rotom was hurt by poison!</small><br></div><div class="spacer battle-history"><br></div><h2 class="battle-history">Turn 9</h2><div class="spacer battle-history"><br></div><div class="battle-history">Toxapex, come back!<br></div><div class="battle-history">Go! <strong>Amoonguss</strong>!<br></div><div class="battle-history"><small>Amoonguss was caught in a sticky web!</small><br></div><div class="battle-history"><small>Amoonguss's Speed fell!</small><br></div><div class="spacer battle-history"><br></div><div class="battle-history">The opposing Rotom used <strong>Thunderbolt</strong>!<br></div><div class="battle-history"><small>It's not very effective...</small><br></div><div class="battle-history"><small>(Amoonguss lost 19% of its health!)</small><br></div><div class="spacer battle-history"><br></div><div class="battle-history"><small>Amoonguss restored a little HP using its Black Sludge!</small><br></div><div class="battle-history"><small>The opposing Rotom was hurt by poison!</small><br></div><div class="spacer battle-history"><br></div><h2 class="battle-history">Turn 10</h2><div class="spacer battle-history"><br></div><div class="battle-history">The opposing Rotom used <strong>Volt Switch</strong>!<br></div><div class="battle-history"><small>It's not very effective...</small><br></div><div class="battle-history"><small>(Amoonguss lost 16% of its health!)</small><br></div><div class="spacer battle-history"><br></div><div class="battle-history">The opposing Rotom went back to BotwNerd745!<br></div><div class="battle-history">BotwNerd745 sent out <strong>Pelipper</strong>!<br></div><div class="spacer battle-history"><br></div><div class="battle-history">Amoonguss used <strong>Giga Drain</strong>!<br></div><div class="battle-history"><small>(The opposing Pelipper lost 31% of its health!)</small><br></div><div class="battle-history"><small>The opposing Pelipper had its energy drained!</small><br></div><div class="spacer battle-history"><br></div><div class="battle-history"><small>Amoonguss restored a little HP using its Black Sludge!</small><br></div><div class="spacer battle-history"><br></div><h2 class="battle-history">Turn 11</h2><div class="spacer battle-history"><br></div><div class="battle-history">Amoonguss, come back!<br></div><div class="battle-history">Go! <strong>Toxapex</strong>!<br></div><div class="battle-history"><small>Toxapex was caught in a sticky web!</small><br></div><div class="battle-history"><small>Toxapex's Speed fell!</small><br></div><div class="spacer battle-history"><br></div><div class="battle-history">The opposing Pelipper used <strong>Hurricane</strong>!<br></div><div class="battle-history"><small>(Toxapex lost 23% of its health!)</small><br></div><div class="spacer battle-history"><br></div><div class="battle-history"><small>Toxapex restored a little HP using its Black Sludge!</small><br></div><div class="spacer battle-history"><br></div><h2 class="battle-history">Turn 12</h2><div class="spacer battle-history"><br></div><div class="battle-history">The opposing Pelipper used <strong>U-turn</strong>!<br></div><div class="battle-history"><small>It's not very effective...</small><br></div><div class="battle-history"><small>(Toxapex lost 4% of its health!)</small><br></div><div class="spacer battle-history"><br></div><div class="battle-history">The opposing Pelipper went back to BotwNerd745!<br></div><div class="battle-history">BotwNerd745 sent out <strong>Gastrodon</strong>!<br></div><div class="spacer battle-history"><br></div><div class="battle-history">Toxapex used <strong>Scald</strong>!<br></div><div class="battle-history"><small>(The opposing Gastrodon lost 14% of its health!)</small><br></div><div class="spacer battle-history"><br></div><div class="battle-history"><small>Toxapex restored a little HP using its Black Sludge!</small><br></div><div class="battle-history"><small>The opposing Gastrodon was hurt by poison!</small><br></div><div class="spacer battle-history"><br></div><h2 class="battle-history">Turn 13</h2><div class="spacer battle-history"><br></div><div class="battle-history">Toxapex, come back!<br></div><div class="battle-history">Go! <strong>Amoonguss</strong>!<br></div><div class="battle-history"><small>Amoonguss was caught in a sticky web!</small><br></div><div class="battle-history"><small>Amoonguss's Speed fell!</small><br></div><div class="spacer battle-history"><br></div><div class="battle-history">The opposing Gastrodon used <strong>Earth Power</strong>!<br></div><div class="battle-history"><small>(Amoonguss lost 29% of its health!)</small><br></div><div class="battle-history"><small>Amoonguss's Sp. Def fell!</small><br></div><div class="spacer battle-history"><br></div><div class="battle-history"><small>Amoonguss restored a little HP using its Black Sludge!</small><br></div><div class="battle-history"><small>The opposing Gastrodon was hurt by poison!</small><br></div><div class="spacer battle-history"><br></div><h2 class="battle-history">Turn 14</h2><div class="spacer battle-history"><br></div><div class="battle-history">BotwNerd745 withdrew Gastrodon!<br></div><div class="battle-history">BotwNerd745 sent out <strong>Gastrodon</strong>!<br></div><div class="spacer battle-history"><br></div><div class="battle-history">Amoonguss used <strong>Giga Drain</strong>!<br></div><div class="battle-history"><small>(The opposing Gastrodon lost 28% of its health!)</small><br></div><div class="battle-history"><small>The opposing Gastrodon had its energy drained!</small><br></div><div class="battle-history"><small>The opposing E-liter's illusion wore off!</small><br></div><div class="spacer battle-history"><br></div><div class="battle-history"><small>Amoonguss restored a little HP using its Black Sludge!</small><br></div><div class="spacer battle-history"><br></div><h2 class="battle-history">Turn 15</h2><div class="spacer battle-history"><br></div><div class="battle-history">Amoonguss, come back!<br></div><div class="battle-history">Go! Weezing (<strong>Weezing-Galar</strong>)!<br></div><div class="spacer battle-history"><br></div><div class="battle-history">The opposing E-liter used <strong>First Impression</strong>!<br></div><div class="battle-history"><small>It's not very effective...</small><br></div><div class="battle-history"><small>(Weezing lost 7% of its health!)</small><br></div><div class="spacer battle-history"><br></div><div class="battle-history"><small>Weezing restored a little HP using its Black Sludge!</small><br></div><div class="spacer battle-history"><br></div><h2 class="battle-history">Turn 16</h2><div class="spacer battle-history"><br></div><div class="battle-history">The opposing E-liter used <strong>Swords Dance</strong>!<br></div><div class="battle-history"><small>The opposing E-liter's Attack rose sharply!</small><br></div><div class="spacer battle-history"><br></div><div class="battle-history">Weezing used <strong>Will-O-Wisp</strong>!<br></div><div class="battle-history"><small>The opposing E-liter was burned!</small><br></div><div class="spacer battle-history"><br></div><div class="battle-history"><small>Weezing restored a little HP using its Black Sludge!</small><br></div><div class="battle-history"><small>The opposing E-liter was hurt by its burn!</small><br></div><div class="spacer battle-history"><br></div><h2 class="battle-history">Turn 17</h2><div class="spacer battle-history"><br></div><div class="battle-history">The opposing E-liter used <strong>Liquidation</strong>!<br></div><div class="battle-history"><small>(Weezing lost 30% of its health!)</small><br></div><div class="spacer battle-history"><br></div><div class="battle-history">Weezing used <strong>Strange Steam</strong>!<br></div><div class="battle-history"><small>(The opposing E-liter lost 32% of its health!)</small><br></div><div class="spacer battle-history"><br></div><div class="battle-history"><small>Weezing restored a little HP using its Black Sludge!</small><br></div><div class="battle-history"><small>The opposing E-liter was hurt by its burn!</small><br></div><div class="spacer battle-history"><br></div><h2 class="battle-history">Turn 18</h2><div class="spacer battle-history"><br></div><div class="battle-history">The opposing E-liter used <strong>U-turn</strong>!<br></div><div class="battle-history"><small>It's not very effective...</small><br></div><div class="battle-history"><small>(Weezing lost 6% of its health!)</small><br></div><div class="spacer battle-history"><br></div><div class="battle-history">The opposing E-liter went back to BotwNerd745!<br></div><div class="battle-history">BotwNerd745 sent out Rotom (<strong>Rotom-Wash</strong>)!<br></div><div class="spacer battle-history"><br></div><div class="battle-history">Weezing used <strong>Strange Steam</strong>!<br></div><div class="battle-history"><small>(The opposing Rotom lost 35% of its health!)</small><br></div><div class="spacer battle-history"><br></div><div class="battle-history"><small>Weezing restored a little HP using its Black Sludge!</small><br></div><div class="battle-history"><small>The opposing Rotom was hurt by poison!</small><br></div><div class="spacer battle-history"><br></div><h2 class="battle-history">Turn 19</h2><div class="spacer battle-history"><br></div><div class="battle-history">Weezing, come back!<br></div><div class="battle-history">Go! <strong>Amoonguss</strong>!<br></div><div class="battle-history"><small>Amoonguss was caught in a sticky web!</small><br></div><div class="battle-history"><small>Amoonguss's Speed fell!</small><br></div><div class="spacer battle-history"><br></div><div class="battle-history">The opposing Rotom used <strong>Hydro Pump</strong>!<br></div><div class="battle-history"><small>Amoonguss avoided the attack!</small><br></div><div class="spacer battle-history"><br></div><div class="battle-history"><small>The opposing Rotom was hurt by poison!</small><br></div><div class="spacer battle-history"><br></div><h2 class="battle-history">Turn 20</h2><div class="spacer battle-history"><br></div><div class="battle-history">The opposing Rotom used <strong>Volt Switch</strong>!<br></div><div class="battle-history"><small>It's not very effective...</small><br></div><div class="battle-history"><small>(Amoonguss lost 15% of its health!)</small><br></div><div class="spacer battle-history"><br></div><div class="battle-history">The opposing Rotom went back to BotwNerd745!<br></div><div class="battle-history">BotwNerd745 sent out <strong>Araquanid</strong>!<br></div><div class="spacer battle-history"><br></div><div class="battle-history">Amoonguss used <strong>Giga Drain</strong>!<br></div><div class="battle-history"><small>(The opposing Araquanid lost 12% of its health!)</small><br></div><div class="battle-history"><small>The opposing Araquanid had its energy drained!</small><br></div><div class="spacer battle-history"><br></div><div class="battle-history"><small>Amoonguss restored a little HP using its Black Sludge!</small><br></div><div class="spacer battle-history"><br></div><h2 class="battle-history">Turn 21</h2><div class="spacer battle-history"><br></div><div class="battle-history">Amoonguss, come back!<br></div><div class="battle-history">Go! <strong>Skuntank</strong>!<br></div><div class="battle-history"><small>Skuntank was caught in a sticky web!</small><br></div><div class="battle-history"><small>Skuntank's Speed fell!</small><br></div><div class="spacer battle-history"><br></div><div class="battle-history">The opposing Araquanid is fast asleep.<br></div><div class="spacer battle-history"><br></div><h2 class="battle-history">Turn 22</h2><div class="spacer battle-history"><br></div><div class="battle-history">Skuntank used <strong>Crunch</strong>!<br></div><div class="battle-history"><small>(The opposing Araquanid lost 26% of its health!)</small><br></div><div class="battle-history"><small>The opposing Araquanid's Defense fell!</small><br></div><div class="battle-history"><small>The opposing Araquanid woke up!</small><br></div><div class="spacer battle-history"><br></div><div class="battle-history">The opposing Araquanid used <strong>Liquidation</strong>!<br></div><div class="battle-history"><small>(Skuntank lost 47% of its health!)</small><br></div><div class="spacer battle-history"><br></div><div class="battle-history"><small>Skuntank restored a little HP using its Black Sludge!</small><br></div><div class="spacer battle-history"><br></div><h2 class="battle-history">Turn 23</h2><div class="spacer battle-history"><br></div><div class="battle-history">Skuntank used <strong>Crunch</strong>!<br></div><div class="battle-history"><small>(The opposing Araquanid lost 42% of its health!)</small><br></div><div class="battle-history"><small>The opposing Araquanid's Defense fell!</small><br></div><div class="spacer battle-history"><br></div><div class="battle-history">The opposing Araquanid used <strong>Liquidation</strong>!<br></div><div class="battle-history"><small>(Skuntank lost 54% of its health!)</small><br></div><div class="battle-history"><small>Skuntank's Defense fell!</small><br></div><div class="spacer battle-history"><br></div><div class="battle-history"><small>Skuntank restored a little HP using its Black Sludge!</small><br></div><div class="spacer battle-history"><br></div><h2 class="battle-history">Turn 24</h2><div class="spacer battle-history"><br></div><div class="battle-history">Skuntank used <strong>Defog</strong>!<br></div><div class="battle-history"><small>The opposing Araquanid's evasiveness fell!</small><br></div><div class="battle-history"><small>The sticky web has disappeared from the ground around your team!</small><br></div><div class="spacer battle-history"><br></div><div class="battle-history">The opposing Araquanid used <strong>Liquidation</strong>!<br></div><div class="battle-history"><small>(Skuntank lost 12% of its health!)</small><br></div><div class="battle-history">[Skuntank's Aftermath]<br><small>The opposing Araquanid was hurt!</small><br></div><div class="spacer battle-history"><br></div><div class="battle-history">Skuntank fainted!<br></div><div class="battle-history">The opposing Araquanid fainted!<br></div><div class="spacer battle-history"><br></div><div class="battle-history">Go! <strong>Nidoking</strong>!<br></div><div class="spacer battle-history"><br></div><div class="battle-history">BotwNerd745 sent out <strong>Pelipper</strong>!<br></div><div class="spacer battle-history"><br></div><h2 class="battle-history">Turn 25</h2><div class="spacer battle-history"><br></div><div class="battle-history">Nidoking used <strong>Thunderbolt</strong>!<br></div><div class="battle-history"><small>It's super effective!</small><br></div><div class="battle-history"><small>(The opposing Pelipper ate its Wacan Berry!)</small><br></div><div class="battle-history"><small>The Wacan Berry weakened the damage to the opposing Pelipper!</small><br></div><div class="battle-history"><small>(The opposing Pelipper lost 69% of its health!)</small><br></div><div class="spacer battle-history"><br></div><div class="battle-history">The opposing Pelipper fainted!<br></div><div class="spacer battle-history"><br></div><div class="battle-history">BotwNerd745 sent out Splash (<strong>Primarina</strong>)!<br></div><div class="spacer battle-history"><br></div><h2 class="battle-history">Turn 26</h2><div class="spacer battle-history"><br></div><div class="battle-history">Nidoking used <strong>Thunderbolt</strong>!<br></div><div class="battle-history"><small>It's super effective!</small><br></div><div class="battle-history"><small>(The opposing Splash lost 66% of its health!)</small><br></div><div class="spacer battle-history"><br></div><div class="battle-history">The opposing Splash used <strong>Hyper Voice</strong>!<br></div><div class="battle-history"><small>It's super effective!</small><br></div><div class="battle-history"><small>(Nidoking lost 100% of its health!)</small><br></div><div class="battle-history"><small>(The opposing Splash used its Throat Spray!)</small><br></div><div class="battle-history"><small>The Throat Spray raised the opposing Splash's Sp. Atk!</small><br></div><div class="spacer battle-history"><br></div><div class="battle-history">Nidoking fainted!<br></div><div class="spacer battle-history"><br></div><div class="battle-history">Go! <strong>Amoonguss</strong>!<br></div><div class="spacer battle-history"><br></div><h2 class="battle-history">Turn 27</h2><div class="spacer battle-history"><br></div><div class="battle-history">The opposing Splash used <strong>Ice Beam</strong>!<br></div><div class="battle-history"><small>It's super effective!</small><br></div><div class="battle-history"><small>A critical hit!</small><br></div><div class="battle-history"><small>(Amoonguss lost 100% of its health!)</small><br></div><div class="spacer battle-history"><br></div><div class="battle-history">Amoonguss fainted!<br></div><div class="spacer battle-history"><br></div><div class="battle-history">Go! <strong>Nidoqueen</strong>!<br></div><div class="spacer battle-history"><br></div><h2 class="battle-history">Turn 28</h2><div class="spacer battle-history"><br></div><div class="battle-history"><small>Nidoqueen's Nidoqueenite is reacting to the Key Stone!</small><br>Nidoqueen has Mega Evolved into Mega Nidoqueen!<br></div><div class="chat"><ul class="utilichart"><li class="result"><span class="col pokemonnamecol" style="white-space: nowrap">Nidoqueen-Mega</span> <span class="col typecol"><img src="https://play.pokemonshowdown.com/sprites/types/Poison.png" alt="Poison" height="14" width="32"><img src="https://play.pokemonshowdown.com/sprites/types/Ground.png" alt="Ground" height="14" width="32"></span> <span style="float: left ; min-height: 26px"><span class="col abilitycol">Stamina</span><span class="col abilitycol"></span></span><span style="float: left ; min-height: 26px"><span class="col statcol"><em>HP</em><br>90</span> <span class="col statcol"><em>Atk</em><br>122</span> <span class="col statcol"><em>Def</em><br>127</span> <span class="col statcol"><em>SpA</em><br>75</span> <span class="col statcol"><em>SpD</em><br>115</span> <span class="col statcol"><em>Spe</em><br>76</span> </span></li><li style="clear: both"></li></ul></div><div class="spacer battle-history"><br></div><div class="battle-history">Nidoqueen used <strong>Earthquake</strong>!<br></div><div class="battle-history"><small>(The opposing Splash lost 34% of its health!)</small><br></div><div class="spacer battle-history"><br></div><div class="battle-history">The opposing Splash fainted!<br></div><div class="spacer battle-history"><br></div><div class="battle-history">BotwNerd745 sent out Rotom (<strong>Rotom-Wash</strong>)!<br></div><div class="spacer battle-history"><br></div><h2 class="battle-history">Turn 29</h2><div class="spacer battle-history"><br></div><div class="battle-history">The opposing Rotom used <strong>Hydro Pump</strong>!<br></div><div class="battle-history"><small>Nidoqueen avoided the attack!</small><br></div><div class="spacer battle-history"><br></div><div class="battle-history">Nidoqueen used <strong>Body Press</strong>!<br></div><div class="battle-history"><small>A critical hit!</small><br></div><div class="battle-history"><small>(The opposing Rotom lost 28% of its health!)</small><br></div><div class="spacer battle-history"><br></div><div class="battle-history">The opposing Rotom fainted!<br></div><div class="spacer battle-history"><br></div><div class="battle-history">BotwNerd745 sent out <strong>Gastrodon</strong>!<br></div><div class="spacer battle-history"><br></div><h2 class="battle-history">Turn 30</h2><div class="spacer battle-history"><br></div><div class="battle-history">The opposing Gastrodon used <strong>Liquidation</strong>!<br></div><div class="battle-history"><small>It's super effective!</small><br></div><div class="battle-history"><small>(Nidoqueen lost 26% of its health!)</small><br></div><div class="battle-history">[Nidoqueen's Stamina]<br></div><div class="battle-history"><small>Nidoqueen's Defense rose!</small><br></div><div class="spacer battle-history"><br></div><div class="battle-history">Nidoqueen used <strong>Body Press</strong>!<br></div><div class="battle-history"><small>It's not very effective...</small><br></div><div class="battle-history"><small>(The opposing Gastrodon lost 27% of its health!)</small><br></div><div class="battle-history"><small>The opposing E-liter's illusion wore off!</small><br></div><div class="spacer battle-history"><br></div><div class="battle-history"><small>The opposing E-liter was hurt by its burn!</small><br></div><div class="spacer battle-history"><br></div><div class="battle-history">The opposing E-liter fainted!<br></div><div class="spacer battle-history"><br></div><div class="battle-history">BotwNerd745 sent out <strong>Gastrodon</strong>!<br></div><div class="spacer battle-history"><br></div><h2 class="battle-history">Turn 31</h2><div class="spacer battle-history"><br></div><div class="battle-history">Nidoqueen used <strong>Body Press</strong>!<br></div><div class="battle-history"><small>(The opposing Gastrodon lost 33% of its health!)</small><br></div><div class="spacer battle-history"><br></div><div class="battle-history">The opposing Gastrodon used <strong>Earth Power</strong>!<br></div><div class="battle-history"><small>It's super effective!</small><br></div><div class="battle-history"><small>(Nidoqueen lost 46% of its health!)</small><br></div><div class="battle-history">[Nidoqueen's Stamina]<br></div><div class="battle-history"><small>Nidoqueen's Defense rose!</small><br></div><div class="spacer battle-history"><br></div><div class="battle-history"><small>The opposing Gastrodon was hurt by poison!</small><br></div><div class="spacer battle-history"><br></div><h2 class="battle-history">Turn 32</h2><div class="spacer battle-history"><br></div><div class="battle-history">Nidoqueen used <strong>Body Press</strong>!<br></div><div class="battle-history"><small>(The opposing Gastrodon lost 11% of its health!)</small><br></div><div class="spacer battle-history"><br></div><div class="battle-history">The opposing Gastrodon fainted!<br></div><div class="spacer battle-history"><br></div><div class="battle-history"><strong>CCMegaFlareon</strong> won the battle!<br></div><div class="chat chatmessage-botwnerd745"><strong style="color:#9835de"><small>☆</small><span class="username" data-name="BotwNerd745">BotwNerd745</span>:</strong> <em>gg</em></div><div class="chat chatmessage-ccmegaflareon"><strong style="color:#ac36b5"><small>☆</small><span class="username" data-name="CCMegaFlareon">CCMegaFlareon</span>:</strong> <em>gg</em></div><div class="chat"><small>☆CCMegaFlareon left</small></div><div class="chat"><small>☆BotwNerd745 left</small></div><div class="chat"><small> inkbug1 joined</small></div></div><div class="inner-preempt message-log"></div></div></div>
</div>
<script>
let daily = Math.floor(Date.now()/1000/60/60/24);document.write('<script src="https://dragonheaven.herokuapp.com/js/replay-embed.js?version'+daily+'"></'+'script>');
</script>
