<!DOCTYPE html>
<meta charset="utf-8" />
<!-- version 1 -->
<title>[Gen 8] Megas for All replay: kha243 vs. abismal</title>
<style>
html,body {font-family:Verdana, sans-serif;font-size:10pt;margin:0;padding:0;}body{padding:12px 0;} .battle-log {font-family:Verdana, sans-serif;font-size:10pt;} .battle-log-inline {border:1px solid #AAAAAA;background:#EEF2F5;color:black;max-width:640px;margin:0 auto 80px;padding-bottom:5px;} .battle-log .inner {padding:4px 8px 0px 8px;} .battle-log .inner-preempt {padding:0 8px 4px 8px;} .battle-log .inner-after {margin-top:0.5em;} .battle-log h2 {margin:0.5em -8px;padding:4px 8px;border:1px solid #AAAAAA;background:#E0E7EA;border-left:0;border-right:0;font-family:Verdana, sans-serif;font-size:13pt;} .battle-log .chat {vertical-align:middle;padding:3px 0 3px 0;font-size:8pt;} .battle-log .chat strong {color:#40576A;} .battle-log .chat em {padding:1px 4px 1px 3px;color:#000000;font-style:normal;} .chat.mine {background:rgba(0,0,0,0.05);margin-left:-8px;margin-right:-8px;padding-left:8px;padding-right:8px;} .spoiler {color:#BBBBBB;background:#BBBBBB;padding:0px 3px;} .spoiler:hover, .spoiler:active, .spoiler-shown {color:#000000;background:#E2E2E2;padding:0px 3px;} .spoiler a {color:#BBBBBB;} .spoiler:hover a, .spoiler:active a, .spoiler-shown a {color:#2288CC;} .chat code, .chat .spoiler:hover code, .chat .spoiler:active code, .chat .spoiler-shown code {border:1px solid #C0C0C0;background:#EEEEEE;color:black;padding:0 2px;} .chat .spoiler code {border:1px solid #CCCCCC;background:#CCCCCC;color:#CCCCCC;} .battle-log .rated {padding:3px 4px;} .battle-log .rated strong {color:white;background:#89A;padding:1px 4px;border-radius:4px;} .spacer {margin-top:0.5em;} .message-announce {background:#6688AA;color:white;padding:1px 4px 2px;} .message-announce a, .broadcast-green a, .broadcast-blue a, .broadcast-red a {color:#DDEEFF;} .broadcast-green {background-color:#559955;color:white;padding:2px 4px;} .broadcast-blue {background-color:#6688AA;color:white;padding:2px 4px;} .infobox {border:1px solid #6688AA;padding:2px 4px;} .infobox-limited {max-height:200px;overflow:auto;overflow-x:hidden;} .broadcast-red {background-color:#AA5544;color:white;padding:2px 4px;} .message-learn-canlearn {font-weight:bold;color:#228822;text-decoration:underline;} .message-learn-cannotlearn {font-weight:bold;color:#CC2222;text-decoration:underline;} .message-effect-weak {font-weight:bold;color:#CC2222;} .message-effect-resist {font-weight:bold;color:#6688AA;} .message-effect-immune {font-weight:bold;color:#666666;} .message-learn-list {margin-top:0;margin-bottom:0;} .message-throttle-notice, .message-error {color:#992222;} .message-overflow, .chat small.message-overflow {font-size:0pt;} .message-overflow::before {font-size:9pt;content:'...';} .subtle {color:#3A4A66;}
</style>
<div class="wrapper replay-wrapper" style="max-width:1180px;margin:0 auto">
<input type="hidden" name="replayid" value="dragonheaven-gen8megasforall-347" />
<div class="battle"></div><div class="battle-log"></div><div class="replay-controls"></div><div class="replay-controls-2"></div>
<h1 style="font-weight:normal;text-align:center"><strong>[Gen 8] Megas for All</strong><br /><a href="http://pokemonshowdown.com/users/kha243" class="subtle" target="_blank">kha243</a> vs. <a href="http://pokemonshowdown.com/users/abismal" class="subtle" target="_blank">abismal</a></h1>
<script type="text/plain" class="battle-log-data">|j|☆kha243
|j|☆abismal
|t:|1642211175
|player|p1|kha243|richboy-gen4|
|player|p2|abismal|clemont|
|teamsize|p1|6
|teamsize|p2|6
|gametype|singles
|gen|8
|tier|[Gen 8] Megas for All
|clearpoke
|poke|p1|Hydreigon, F|
|poke|p1|Cinderace, M|
|poke|p1|Tornadus-Therian, M|
|poke|p1|Gliscor, F|
|poke|p1|Tapu Fini|
|poke|p1|Slowking-Galar, M|
|poke|p2|Goodra, M|
|poke|p2|Cinderace, F|
|poke|p2|Gliscor, M|
|poke|p2|Aegislash, M|
|poke|p2|Tapu Koko|
|poke|p2|Tangrowth, M|
|rule|HP Percentage Mod: HP is shown in percentages
|rule|Endless Battle Clause: Forcing endless battles is banned
|rule|OHKO Clause: OHKO moves are banned
|rule|Evasion Moves Clause: Evasion moves are banned
|rule|Species Clause: Limit one of each Pokémon
|rule|Dynamax Clause: You cannot dynamax
|rule|Sleep Clause Mod: Limit one foe put to sleep
|rule|Freeze Clause Mod: Limit one foe frozen
|raw|<img src="https:\/\/raw.githubusercontent.com\/scoopapa\/DH\/master\/data\/mods\/m4av6\/sprites\/m4a_banner.png" height="65" width="381">
|-message|Welcome to Megas for All!
|-message|This is a National Dex-based format where we aim to give a new Mega Evolution to every Pokémon.
|-message|Just like any official format, you can still only Mega Evolve one Pokémon per team!
|-message|You can find our thread and metagame resources here:
|-message|https:\/\/www.smogon.com\/forums\/threads\/3671140\/
|teampreview
|j|~inkbug1

|c|☆kha243|glhf
|j|+Not mossy
|c|☆abismal|u2
|c|☆kha243|thx for waiting for me
|j| Gekokeso
|j| Ed.Capetinha
|j| Sticky Fingaa
|
|t:|1642211242
|start
|switch|p1a: Hydreigon|Hydreigon, F|100\/100
|switch|p2a: Cinderace|Cinderace, F|100\/100
|turn|1
|
|t:|1642211247
|switch|p1a: Gliscor|Gliscor, F|100\/100
|move|p2a: Cinderace|U-turn|p1a: Gliscor
|-start|p2a: Cinderace|typechange|Bug|[from] ability: Libero
|-resisted|p1a: Gliscor
|-damage|p1a: Gliscor|87\/100
|
|t:|1642211249
|switch|p2a: Goodra|Goodra, M|100\/100|[from]move: U-turn
|
|-status|p1a: Gliscor|tox|[from] item: Toxic Orb
|upkeep
|turn|2
|
|t:|1642211256
|switch|p1a: Tapu Fini|Tapu Fini|100\/100
|-fieldstart|move: Misty Terrain|[from] ability: Misty Surge|[of] p1a: Tapu Fini
|detailschange|p2a: Goodra|Goodra-Mega, M
|-mega|p2a: Goodra|Goodra|Goodranite
|-start|p2a: Goodra|typechange|Dragon\/Water|[silent]
|raw|<ul class="utilichart"><li class="result"><span class="col pokemonnamecol" style="white-space: nowrap">Goodra-Mega<\/span> <span class="col typecol"><img src="https:\/\/play.pokemonshowdown.com\/sprites\/types\/Dragon.png" alt="Dragon" height="14" width="32"><img src="https:\/\/play.pokemonshowdown.com\/sprites\/types\/Water.png" alt="Water" height="14" width="32"><\/span> <span style="float: left ; min-height: 26px"><span class="col abilitycol">Gooey<\/span><span class="col abilitycol"><\/span><\/span><span style="float: left ; min-height: 26px"><span class="col statcol"><em>HP<\/em><br>90<\/span> <span class="col statcol"><em>Atk<\/em><br>100<\/span> <span class="col statcol"><em>Def<\/em><br>110<\/span> <span class="col statcol"><em>SpA<\/em><br>145<\/span> <span class="col statcol"><em>SpD<\/em><br>150<\/span> <span class="col statcol"><em>Spe<\/em><br>105<\/span> <\/span><\/li><li style="clear: both"><\/li><\/ul>
|-hint|Goodra-Mega was submitted by MegaFlareon!
|move|p2a: Goodra|Surf|p1a: Tapu Fini
|-resisted|p1a: Tapu Fini
|-damage|p1a: Tapu Fini|82\/100
|
|-heal|p1a: Tapu Fini|88\/100|[from] item: Leftovers
|upkeep
|turn|3
|
|t:|1642211263
|move|p1a: Tapu Fini|Scald|p2a: Goodra
|-resisted|p2a: Goodra
|-damage|p2a: Goodra|97\/100
|move|p2a: Goodra|Thunder|p1a: Tapu Fini|[miss]
|-miss|p2a: Goodra|p1a: Tapu Fini
|
|-heal|p1a: Tapu Fini|94\/100|[from] item: Leftovers
|upkeep
|turn|4
|
|t:|1642211267
|switch|p1a: Slowking|Slowking-Galar, M|100\/100
|move|p2a: Goodra|Thunder|p1a: Slowking
|-damage|p1a: Slowking|82\/100
|
|upkeep
|turn|5
|
|t:|1642211275
|switch|p2a: Aegislash|Aegislash, M|100\/100
|move|p1a: Slowking|Scald|p2a: Aegislash
|-damage|p2a: Aegislash|83\/100
|
|upkeep
|turn|6
|
|t:|1642211279
|switch|p1a: Hydreigon|Hydreigon, F|100\/100
|move|p2a: Aegislash|Swords Dance|p2a: Aegislash
|-boost|p2a: Aegislash|atk|2
|
|-fieldend|Misty Terrain
|upkeep
|turn|7
|
|t:|1642211284
|detailschange|p1a: Hydreigon|Hydreigon-Mega, F
|-mega|p1a: Hydreigon|Hydreigon|Hydreigonite
|-start|p1a: Hydreigon|typechange|Dark\/Dragon|[silent]
|raw|<ul class="utilichart"><li class="result"><span class="col pokemonnamecol" style="white-space: nowrap">Hydreigon-Mega<\/span> <span class="col typecol"><img src="https:\/\/play.pokemonshowdown.com\/sprites\/types\/Dark.png" alt="Dark" height="14" width="32"><img src="https:\/\/play.pokemonshowdown.com\/sprites\/types\/Dragon.png" alt="Dragon" height="14" width="32"><\/span> <span style="float: left ; min-height: 26px"><span class="col abilitycol">Berserk<\/span><span class="col abilitycol"><\/span><\/span><span style="float: left ; min-height: 26px"><span class="col statcol"><em>HP<\/em><br>92<\/span> <span class="col statcol"><em>Atk<\/em><br>129<\/span> <span class="col statcol"><em>Def<\/em><br>110<\/span> <span class="col statcol"><em>SpA<\/em><br>165<\/span> <span class="col statcol"><em>SpD<\/em><br>90<\/span> <span class="col statcol"><em>Spe<\/em><br>114<\/span> <\/span><\/li><li style="clear: both"><\/li><\/ul>
|-hint|Hydreigon-Mega was submitted by Demon Dragon!
|move|p1a: Hydreigon|Dark Pulse|p2a: Aegislash
|-supereffective|p2a: Aegislash
|-damage|p2a: Aegislash|3\/100
|-enditem|p2a: Aegislash|Weakness Policy
|-boost|p2a: Aegislash|atk|2|[from] item: Weakness Policy
|-boost|p2a: Aegislash|spa|2|[from] item: Weakness Policy
|cant|p2a: Aegislash|flinch
|
|upkeep
|turn|8
|
|t:|1642211293
|-formechange|p2a: Aegislash|Aegislash-Blade||[from] ability: Stance Change
|move|p2a: Aegislash|Shadow Sneak|p1a: Hydreigon
|-resisted|p1a: Hydreigon
|-damage|p1a: Hydreigon|63\/100
|move|p1a: Hydreigon|Dark Pulse|p2a: Aegislash
|-supereffective|p2a: Aegislash
|-damage|p2a: Aegislash|0 fnt
|faint|p2a: Aegislash
|
|upkeep
|
|t:|1642211299
|switch|p2a: Cinderace|Cinderace, F|100\/100
|turn|9
|c| Sticky Fingaa|f
|c|+Not mossy|f
|
|t:|1642211303
|switch|p1a: Gliscor|Gliscor, F|87\/100 tox
|move|p2a: Cinderace|U-turn|p1a: Gliscor
|-start|p2a: Cinderace|typechange|Bug|[from] ability: Libero
|-resisted|p1a: Gliscor
|-damage|p1a: Gliscor|73\/100 tox
|
|t:|1642211308
|switch|p2a: Tapu Koko|Tapu Koko|100\/100|[from]move: U-turn
|-fieldstart|move: Electric Terrain|[from] ability: Electric Surge|[of] p2a: Tapu Koko
|
|-heal|p1a: Gliscor|85\/100 tox|[from] ability: Poison Heal
|upkeep
|turn|10
|
|t:|1642211314
|switch|p1a: Slowking|Slowking-Galar, M|100\/100
|move|p2a: Tapu Koko|Hidden Power|p1a: Slowking
|-damage|p1a: Slowking|92\/100
|
|upkeep
|turn|11
|
|t:|1642211319
|move|p2a: Tapu Koko|Calm Mind|p2a: Tapu Koko
|-boost|p2a: Tapu Koko|spa|1
|-boost|p2a: Tapu Koko|spd|1
|move|p1a: Slowking|Scald|p2a: Tapu Koko
|-damage|p2a: Tapu Koko|76\/100
|
|upkeep
|turn|12
|
|t:|1642211323
|-zpower|p2a: Tapu Koko
|move|p2a: Tapu Koko|Gigavolt Havoc|p1a: Slowking|[zeffect]
|-damage|p1a: Slowking|24\/100
|move|p1a: Slowking|Sludge Bomb|p2a: Tapu Koko
|-supereffective|p2a: Tapu Koko
|-damage|p2a: Tapu Koko|0 fnt
|faint|p2a: Tapu Koko
|
|upkeep
|
|t:|1642211338
|switch|p2a: Cinderace|Cinderace, F|100\/100
|turn|13
|
|t:|1642211341
|switch|p1a: Gliscor|Gliscor, F|85\/100 tox
|move|p2a: Cinderace|U-turn|p1a: Gliscor
|-start|p2a: Cinderace|typechange|Bug|[from] ability: Libero
|-resisted|p1a: Gliscor
|-damage|p1a: Gliscor|72\/100 tox
|
|t:|1642211344
|switch|p2a: Gliscor|Gliscor, M|100\/100|[from]move: U-turn
|
|-heal|p1a: Gliscor|85\/100 tox|[from] ability: Poison Heal
|-fieldend|move: Electric Terrain
|-status|p2a: Gliscor|tox|[from] item: Toxic Orb
|upkeep
|turn|14
|
|t:|1642211347
|switch|p2a: Tangrowth|Tangrowth, M|100\/100
|move|p1a: Gliscor|U-turn|p2a: Tangrowth
|-supereffective|p2a: Tangrowth
|-damage|p2a: Tangrowth|82\/100
|-damage|p1a: Gliscor|68\/100 tox|[from] item: Rocky Helmet|[of] p2a: Tangrowth
|
|t:|1642211350
|switch|p1a: Tornadus|Tornadus-Therian, M|100\/100|[from]move: U-turn
|
|upkeep
|turn|15
|
|t:|1642211354
|switch|p2a: Goodra|Goodra-Mega, M|97\/100
|-start|p2a: Goodra|typechange|Dragon\/Water|[silent]
|move|p1a: Tornadus|Nasty Plot|p1a: Tornadus
|-boost|p1a: Tornadus|spa|2
|
|upkeep
|turn|16
|
|t:|1642211359
|-zpower|p1a: Tornadus
|move|p1a: Tornadus|Supersonic Skystrike|p2a: Goodra|[zeffect]
|-damage|p2a: Goodra|5\/100
|move|p2a: Goodra|Thunder|p1a: Tornadus
|-supereffective|p1a: Tornadus
|-damage|p1a: Tornadus|16\/100
|
|upkeep
|turn|17
|
|t:|1642211374
|move|p1a: Tornadus|U-turn|p2a: Goodra
|-damage|p2a: Goodra|0 fnt
|-ability|p2a: Goodra|Gooey
|-unboost|p1a: Tornadus|spe|1
|faint|p2a: Goodra
|
|t:|1642211378
|switch|p1a: Gliscor|Gliscor, F|68\/100 tox|[from]move: U-turn
|
|-heal|p1a: Gliscor|81\/100 tox|[from] ability: Poison Heal
|upkeep
|
|t:|1642211386
|switch|p2a: Cinderace|Cinderace, F|100\/100
|turn|18
|
|t:|1642211389
|move|p2a: Cinderace|Pyro Ball|p1a: Gliscor
|-damage|p1a: Gliscor|38\/100 tox
|move|p1a: Gliscor|Earthquake|p2a: Cinderace
|-supereffective|p2a: Cinderace
|-damage|p2a: Cinderace|5\/100
|
|-heal|p1a: Gliscor|51\/100 tox|[from] ability: Poison Heal
|upkeep
|turn|19
|
|t:|1642211406
|move|p2a: Cinderace|Pyro Ball|p1a: Gliscor
|-damage|p1a: Gliscor|3\/100 tox
|move|p1a: Gliscor|U-turn|p2a: Cinderace
|-resisted|p2a: Cinderace
|-damage|p2a: Cinderace|0 fnt
|faint|p2a: Cinderace
|
|t:|1642211420
|switch|p1a: Hydreigon|Hydreigon-Mega, F|63\/100|[from]move: U-turn
|-start|p1a: Hydreigon|typechange|Dark\/Dragon|[silent]
|
|upkeep
|
|t:|1642211423
|switch|p2a: Tangrowth|Tangrowth, M|100\/100
|turn|20
|
|t:|1642211427
|move|p1a: Hydreigon|Taunt|p2a: Tangrowth
|-start|p2a: Tangrowth|move: Taunt
|cant|p2a: Tangrowth|move: Taunt|Leech Seed
|
|upkeep
|turn|21
|
|t:|1642211430
|move|p1a: Hydreigon|Dark Pulse|p2a: Tangrowth
|-damage|p2a: Tangrowth|19\/100
|move|p2a: Tangrowth|Earthquake|p1a: Hydreigon
|-damage|p1a: Hydreigon|42\/100
|-ability|p1a: Hydreigon|Berserk|boost
|-boost|p1a: Hydreigon|spa|1
|
|upkeep
|turn|22
|c|☆abismal|gg
|
|t:|1642211434
|move|p1a: Hydreigon|Dark Pulse|p2a: Tangrowth
|-damage|p2a: Tangrowth|0 fnt
|faint|p2a: Tangrowth
|
|upkeep
|c|☆kha243|gg
|
|t:|1642211436
|switch|p2a: Gliscor|Gliscor, M|100\/100 tox
|turn|23
|
|t:|1642211439
|move|p1a: Hydreigon|Dark Pulse|p2a: Gliscor
|-damage|p2a: Gliscor|10\/100 tox
|cant|p2a: Gliscor|flinch
|
|-heal|p2a: Gliscor|22\/100 tox|[from] ability: Poison Heal
|upkeep
|turn|24
|c|☆kha243|f
|
|t:|1642211446
|move|p1a: Hydreigon|Dark Pulse|p2a: Gliscor
|-damage|p2a: Gliscor|0 fnt
|faint|p2a: Gliscor
|
|win|kha243
|c|☆kha243|gg
|l|+Not mossy
|c|☆abismal|gg
|l|☆abismal
|l| Ed.Capetinha
|l| Sticky Fingaa</script>
</div>
<div class="battle-log battle-log-inline"><div class="inner"><div class="battle-options"><div style="padding-top: 3px; padding-right: 3px; text-align: right"><button class="icon button" name="openBattleOptions" title="Options">Battle Options</button></div></div><div class="inner message-log"><div class="chat"><small>☆kha243 and ☆abismal joined</small></div><div class=""><small>Format:</small> <br><strong>[Gen 8] Megas for All</strong></div><div class=""><small><em>HP Percentage Mod:</em> HP is shown in percentages</small></div><div class=""><small><em>Endless Battle Clause:</em> Forcing endless battles is banned</small></div><div class=""><small><em>OHKO Clause:</em> OHKO moves are banned</small></div><div class=""><small><em>Evasion Moves Clause:</em> Evasion moves are banned</small></div><div class=""><small><em>Species Clause:</em> Limit one of each Pokémon</small></div><div class=""><small><em>Dynamax Clause:</em> You cannot dynamax</small></div><div class=""><small><em>Sleep Clause Mod:</em> Limit one foe put to sleep</small></div><div class=""><small><em>Freeze Clause Mod:</em> Limit one foe frozen</small></div><div class="chat"><img src="https://raw.githubusercontent.com/scoopapa/DH/master/data/mods/m4av6/sprites/m4a_banner.png" height="65" width="381"></div><div class="spacer battle-history"><br></div><div class="battle-history"><small>Welcome to Megas for All!</small><br></div><div class="battle-history"><small>This is a National Dex-based format where we aim to give a new Mega Evolution to every Pokémon.</small><br></div><div class="battle-history"><small>Just like any official format, you can still only Mega Evolve one Pokémon per team!</small><br></div><div class="battle-history"><small>You can find our thread and metagame resources here:</small><br></div><div class="battle-history"><small>https://www.smogon.com/forums/threads/3671140/</small><br></div><div class="chat battle-history"><strong>kha243's team:</strong> <em style="color:#445566;display:block;">Hydreigon / Cinderace / Tornadus-Therian / Gliscor / Tapu Fini / Slowking-Galar</em></div><div class="chat battle-history"><strong>abismal's team:</strong> <em style="color:#445566;display:block;">Goodra / Cinderace / Gliscor / Aegislash / Tapu Koko / Tangrowth</em></div><div class="chat"><small>~inkbug1 joined</small></div><div class="chat chatmessage-kha243"><strong style="color:#419e8f"><small>☆</small><span class="username" data-name="kha243">kha243</span>:</strong> <em>glhf</em></div><div class="chat"><small>+Not mossy joined</small></div><div class="chat chatmessage-abismal"><strong style="color:#68a730"><small>☆</small><span class="username" data-name="abismal">abismal</span>:</strong> <em>u2</em></div><div class="chat chatmessage-kha243"><strong style="color:#419e8f"><small>☆</small><span class="username" data-name="kha243">kha243</span>:</strong> <em>thx for waiting for me</em></div><div class="chat"><small> Gekokeso,  Ed.Capetinha, and  Sticky Fingaa joined</small></div><div class="spacer battle-history"><br></div><div class="battle-history">Battle started between kha243 and abismal!<br></div><div class="spacer battle-history"><br></div><div class="battle-history">Go! <strong>Hydreigon</strong>!<br></div><div class="spacer battle-history"><br></div><div class="battle-history">abismal sent out <strong>Cinderace</strong>!<br></div><div class="spacer battle-history"><br></div><h2 class="battle-history">Turn 1</h2><div class="spacer battle-history"><br></div><div class="battle-history">Hydreigon, come back!<br></div><div class="battle-history">Go! <strong>Gliscor</strong>!<br></div><div class="spacer battle-history"><br></div><div class="battle-history">The opposing Cinderace used <strong>U-turn</strong>!<br></div><div class="battle-history">[The opposing Cinderace's Libero]<br><small>The opposing Cinderace's type changed to Bug!</small><br></div><div class="battle-history"><small>It's not very effective...</small><br></div><div class="battle-history"><small>(Gliscor lost 13% of its health!)</small><br></div><div class="spacer battle-history"><br></div><div class="battle-history">The opposing Cinderace went back to abismal!<br></div><div class="battle-history">abismal sent out <strong>Goodra</strong>!<br></div><div class="spacer battle-history"><br></div><div class="battle-history"><small>Gliscor was badly poisoned!</small><br></div><div class="spacer battle-history"><br></div><h2 class="battle-history">Turn 2</h2><div class="spacer battle-history"><br></div><div class="battle-history">Gliscor, come back!<br></div><div class="battle-history">Go! <strong>Tapu Fini</strong>!<br></div><div class="battle-history">[Tapu Fini's Misty Surge]<br><small>Mist swirled around the battlefield!</small><br></div><div class="spacer battle-history"><br></div><div class="battle-history"><small>The opposing Goodra's Goodranite is reacting to the Key Stone!</small><br>The opposing Goodra has Mega Evolved into Mega Goodra!<br></div><div class="chat"><ul class="utilichart"><li class="result"><span class="col pokemonnamecol" style="white-space: nowrap">Goodra-Mega</span> <span class="col typecol"><img src="https://play.pokemonshowdown.com/sprites/types/Dragon.png" alt="Dragon" height="14" width="32"><img src="https://play.pokemonshowdown.com/sprites/types/Water.png" alt="Water" height="14" width="32"></span> <span style="float: left ; min-height: 26px"><span class="col abilitycol">Gooey</span><span class="col abilitycol"></span></span><span style="float: left ; min-height: 26px"><span class="col statcol"><em>HP</em><br>90</span> <span class="col statcol"><em>Atk</em><br>100</span> <span class="col statcol"><em>Def</em><br>110</span> <span class="col statcol"><em>SpA</em><br>145</span> <span class="col statcol"><em>SpD</em><br>150</span> <span class="col statcol"><em>Spe</em><br>105</span> </span></li><li style="clear: both"></li></ul></div><div class="battle-history"><small>(Goodra-Mega was submitted by MegaFlareon!)</small><br></div><div class="spacer battle-history"><br></div><div class="battle-history">The opposing Goodra used <strong>Surf</strong>!<br></div><div class="battle-history"><small>It's not very effective...</small><br></div><div class="battle-history"><small>(Tapu Fini lost 18% of its health!)</small><br></div><div class="spacer battle-history"><br></div><div class="battle-history"><small>Tapu Fini restored a little HP using its Leftovers!</small><br></div><div class="spacer battle-history"><br></div><h2 class="battle-history">Turn 3</h2><div class="spacer battle-history"><br></div><div class="battle-history">Tapu Fini used <strong>Scald</strong>!<br></div><div class="battle-history"><small>It's not very effective...</small><br></div><div class="battle-history"><small>(The opposing Goodra lost 3% of its health!)</small><br></div><div class="spacer battle-history"><br></div><div class="battle-history">The opposing Goodra used <strong>Thunder</strong>!<br></div><div class="battle-history"><small>Tapu Fini avoided the attack!</small><br></div><div class="spacer battle-history"><br></div><div class="battle-history"><small>Tapu Fini restored a little HP using its Leftovers!</small><br></div><div class="spacer battle-history"><br></div><h2 class="battle-history">Turn 4</h2><div class="spacer battle-history"><br></div><div class="battle-history">Tapu Fini, come back!<br></div><div class="battle-history">Go! Slowking (<strong>Slowking-Galar</strong>)!<br></div><div class="spacer battle-history"><br></div><div class="battle-history">The opposing Goodra used <strong>Thunder</strong>!<br></div><div class="battle-history"><small>(Slowking lost 18% of its health!)</small><br></div><div class="spacer battle-history"><br></div><h2 class="battle-history">Turn 5</h2><div class="spacer battle-history"><br></div><div class="battle-history">abismal withdrew Goodra!<br></div><div class="battle-history">abismal sent out <strong>Aegislash</strong>!<br></div><div class="spacer battle-history"><br></div><div class="battle-history">Slowking used <strong>Scald</strong>!<br></div><div class="battle-history"><small>(The opposing Aegislash lost 17% of its health!)</small><br></div><div class="spacer battle-history"><br></div><h2 class="battle-history">Turn 6</h2><div class="spacer battle-history"><br></div><div class="battle-history">Slowking, come back!<br></div><div class="battle-history">Go! <strong>Hydreigon</strong>!<br></div><div class="spacer battle-history"><br></div><div class="battle-history">The opposing Aegislash used <strong>Swords Dance</strong>!<br></div><div class="battle-history"><small>The opposing Aegislash's Attack rose sharply!</small><br></div><div class="spacer battle-history"><br></div><div class="battle-history"><small>The mist disappeared from the battlefield.</small><br></div><div class="spacer battle-history"><br></div><h2 class="battle-history">Turn 7</h2><div class="spacer battle-history"><br></div><div class="battle-history"><small>Hydreigon's Hydreigonite is reacting to the Key Stone!</small><br>Hydreigon has Mega Evolved into Mega Hydreigon!<br></div><div class="chat"><ul class="utilichart"><li class="result"><span class="col pokemonnamecol" style="white-space: nowrap">Hydreigon-Mega</span> <span class="col typecol"><img src="https://play.pokemonshowdown.com/sprites/types/Dark.png" alt="Dark" height="14" width="32"><img src="https://play.pokemonshowdown.com/sprites/types/Dragon.png" alt="Dragon" height="14" width="32"></span> <span style="float: left ; min-height: 26px"><span class="col abilitycol">Berserk</span><span class="col abilitycol"></span></span><span style="float: left ; min-height: 26px"><span class="col statcol"><em>HP</em><br>92</span> <span class="col statcol"><em>Atk</em><br>129</span> <span class="col statcol"><em>Def</em><br>110</span> <span class="col statcol"><em>SpA</em><br>165</span> <span class="col statcol"><em>SpD</em><br>90</span> <span class="col statcol"><em>Spe</em><br>114</span> </span></li><li style="clear: both"></li></ul></div><div class="battle-history"><small>(Hydreigon-Mega was submitted by Demon Dragon!)</small><br></div><div class="spacer battle-history"><br></div><div class="battle-history">Hydreigon used <strong>Dark Pulse</strong>!<br></div><div class="battle-history"><small>It's super effective!</small><br></div><div class="battle-history"><small>(The opposing Aegislash lost 80% of its health!)</small><br></div><div class="battle-history"><small>(The opposing Aegislash used its Weakness Policy!)</small><br></div><div class="battle-history"><small>The Weakness Policy sharply raised the opposing Aegislash's Attack!</small><br></div><div class="battle-history"><small>The Weakness Policy sharply raised the opposing Aegislash's Sp. Atk!</small><br></div><div class="spacer battle-history"><br></div><div class="battle-history">The opposing Aegislash flinched and couldn't move!<br></div><div class="spacer battle-history"><br></div><h2 class="battle-history">Turn 8</h2><div class="spacer battle-history"><br></div><div class="battle-history">[The opposing Aegislash's Stance Change]<br>Changed to Blade Forme!<br></div><div class="spacer battle-history"><br></div><div class="battle-history">The opposing Aegislash used <strong>Shadow Sneak</strong>!<br></div><div class="battle-history"><small>It's not very effective...</small><br></div><div class="battle-history"><small>(Hydreigon lost 37% of its health!)</small><br></div><div class="spacer battle-history"><br></div><div class="battle-history">Hydreigon used <strong>Dark Pulse</strong>!<br></div><div class="battle-history"><small>It's super effective!</small><br></div><div class="battle-history"><small>(The opposing Aegislash lost 3% of its health!)</small><br></div><div class="spacer battle-history"><br></div><div class="battle-history">The opposing Aegislash fainted!<br></div><div class="spacer battle-history"><br></div><div class="battle-history">abismal sent out <strong>Cinderace</strong>!<br></div><div class="spacer battle-history"><br></div><h2 class="battle-history">Turn 9</h2><div class="chat chatmessage-stickyfingaa"><strong style="color:#e76311"><small> </small><span class="username" data-name="Sticky Fingaa">Sticky Fingaa</span>:</strong> <em>f</em></div><div class="chat chatmessage-notmossy"><strong style="color:#3f7abe"><small>+</small><span class="username" data-name="Not mossy">Not mossy</span>:</strong> <em>f</em></div><div class="spacer battle-history"><br></div><div class="battle-history">Hydreigon, come back!<br></div><div class="battle-history">Go! <strong>Gliscor</strong>!<br></div><div class="spacer battle-history"><br></div><div class="battle-history">The opposing Cinderace used <strong>U-turn</strong>!<br></div><div class="battle-history">[The opposing Cinderace's Libero]<br><small>The opposing Cinderace's type changed to Bug!</small><br></div><div class="battle-history"><small>It's not very effective...</small><br></div><div class="battle-history"><small>(Gliscor lost 14% of its health!)</small><br></div><div class="spacer battle-history"><br></div><div class="battle-history">The opposing Cinderace went back to abismal!<br></div><div class="battle-history">abismal sent out <strong>Tapu Koko</strong>!<br></div><div class="battle-history">[The opposing Tapu Koko's Electric Surge]<br><small>An electric current ran across the battlefield!</small><br></div><div class="spacer battle-history"><br></div><div class="battle-history">[Gliscor's Poison Heal]<br><small>Gliscor had its HP restored.</small><br></div><div class="spacer battle-history"><br></div><h2 class="battle-history">Turn 10</h2><div class="spacer battle-history"><br></div><div class="battle-history">Gliscor, come back!<br></div><div class="battle-history">Go! Slowking (<strong>Slowking-Galar</strong>)!<br></div><div class="spacer battle-history"><br></div><div class="battle-history">The opposing Tapu Koko used <strong>Hidden Power</strong>!<br></div><div class="battle-history"><small>(Slowking lost 8% of its health!)</small><br></div><div class="spacer battle-history"><br></div><h2 class="battle-history">Turn 11</h2><div class="spacer battle-history"><br></div><div class="battle-history">The opposing Tapu Koko used <strong>Calm Mind</strong>!<br></div><div class="battle-history"><small>The opposing Tapu Koko's Sp. Atk rose!</small><br></div><div class="battle-history"><small>The opposing Tapu Koko's Sp. Def rose!</small><br></div><div class="spacer battle-history"><br></div><div class="battle-history">Slowking used <strong>Scald</strong>!<br></div><div class="battle-history"><small>(The opposing Tapu Koko lost 24% of its health!)</small><br></div><div class="spacer battle-history"><br></div><h2 class="battle-history">Turn 12</h2><div class="spacer battle-history"><br></div><div class="battle-history"><small>The opposing Tapu Koko surrounded itself with its Z-Power!</small><br></div><div class="spacer battle-history"><br></div><div class="battle-history"><small>The opposing Tapu Koko unleashes its full-force Z-Move!</small><br>The opposing Tapu Koko used <strong>Gigavolt Havoc</strong>!<br></div><div class="battle-history"><small>(Slowking lost 68% of its health!)</small><br></div><div class="spacer battle-history"><br></div><div class="battle-history">Slowking used <strong>Sludge Bomb</strong>!<br></div><div class="battle-history"><small>It's super effective!</small><br></div><div class="battle-history"><small>(The opposing Tapu Koko lost 76% of its health!)</small><br></div><div class="spacer battle-history"><br></div><div class="battle-history">The opposing Tapu Koko fainted!<br></div><div class="spacer battle-history"><br></div><div class="battle-history">abismal sent out <strong>Cinderace</strong>!<br></div><div class="spacer battle-history"><br></div><h2 class="battle-history">Turn 13</h2><div class="spacer battle-history"><br></div><div class="battle-history">Slowking, come back!<br></div><div class="battle-history">Go! <strong>Gliscor</strong>!<br></div><div class="spacer battle-history"><br></div><div class="battle-history">The opposing Cinderace used <strong>U-turn</strong>!<br></div><div class="battle-history">[The opposing Cinderace's Libero]<br><small>The opposing Cinderace's type changed to Bug!</small><br></div><div class="battle-history"><small>It's not very effective...</small><br></div><div class="battle-history"><small>(Gliscor lost 13% of its health!)</small><br></div><div class="spacer battle-history"><br></div><div class="battle-history">The opposing Cinderace went back to abismal!<br></div><div class="battle-history">abismal sent out <strong>Gliscor</strong>!<br></div><div class="spacer battle-history"><br></div><div class="battle-history">[Gliscor's Poison Heal]<br><small>Gliscor had its HP restored.</small><br></div><div class="battle-history"><small>The electricity disappeared from the battlefield.</small><br></div><div class="battle-history"><small>The opposing Gliscor was badly poisoned!</small><br></div><div class="spacer battle-history"><br></div><h2 class="battle-history">Turn 14</h2><div class="spacer battle-history"><br></div><div class="battle-history">abismal withdrew Gliscor!<br></div><div class="battle-history">abismal sent out <strong>Tangrowth</strong>!<br></div><div class="spacer battle-history"><br></div><div class="battle-history">Gliscor used <strong>U-turn</strong>!<br></div><div class="battle-history"><small>It's super effective!</small><br></div><div class="battle-history"><small>(The opposing Tangrowth lost 18% of its health!)</small><br></div><div class="battle-history"><small>Gliscor was hurt by the Rocky Helmet!</small><br></div><div class="spacer battle-history"><br></div><div class="battle-history">Gliscor went back to kha243!<br></div><div class="battle-history">Go! Tornadus (<strong>Tornadus-Therian</strong>)!<br></div><div class="spacer battle-history"><br></div><h2 class="battle-history">Turn 15</h2><div class="spacer battle-history"><br></div><div class="battle-history">abismal withdrew Tangrowth!<br></div><div class="battle-history">abismal sent out Goodra (<strong>Goodra-Mega</strong>)!<br></div><div class="spacer battle-history"><br></div><div class="battle-history">Tornadus used <strong>Nasty Plot</strong>!<br></div><div class="battle-history"><small>Tornadus's Sp. Atk rose sharply!</small><br></div><div class="spacer battle-history"><br></div><h2 class="battle-history">Turn 16</h2><div class="spacer battle-history"><br></div><div class="battle-history"><small>Tornadus surrounded itself with its Z-Power!</small><br></div><div class="spacer battle-history"><br></div><div class="battle-history"><small>Tornadus unleashes its full-force Z-Move!</small><br>Tornadus used <strong>Supersonic Skystrike</strong>!<br></div><div class="battle-history"><small>(The opposing Goodra lost 92% of its health!)</small><br></div><div class="spacer battle-history"><br></div><div class="battle-history">The opposing Goodra used <strong>Thunder</strong>!<br></div><div class="battle-history"><small>It's super effective!</small><br></div><div class="battle-history"><small>(Tornadus lost 84% of its health!)</small><br></div><div class="spacer battle-history"><br></div><h2 class="battle-history">Turn 17</h2><div class="spacer battle-history"><br></div><div class="battle-history">Tornadus used <strong>U-turn</strong>!<br></div><div class="battle-history"><small>(The opposing Goodra lost 5% of its health!)</small><br></div><div class="battle-history">[The opposing Goodra's Gooey]<br></div><div class="battle-history"><small>Tornadus's Speed fell!</small><br></div><div class="spacer battle-history"><br></div><div class="battle-history">The opposing Goodra fainted!<br></div><div class="spacer battle-history"><br></div><div class="battle-history">Tornadus went back to kha243!<br></div><div class="battle-history">Go! <strong>Gliscor</strong>!<br></div><div class="spacer battle-history"><br></div><div class="battle-history">[Gliscor's Poison Heal]<br><small>Gliscor had its HP restored.</small><br></div><div class="spacer battle-history"><br></div><div class="battle-history">abismal sent out <strong>Cinderace</strong>!<br></div><div class="spacer battle-history"><br></div><h2 class="battle-history">Turn 18</h2><div class="spacer battle-history"><br></div><div class="battle-history">The opposing Cinderace used <strong>Pyro Ball</strong>!<br></div><div class="battle-history"><small>(Gliscor lost 43% of its health!)</small><br></div><div class="spacer battle-history"><br></div><div class="battle-history">Gliscor used <strong>Earthquake</strong>!<br></div><div class="battle-history"><small>It's super effective!</small><br></div><div class="battle-history"><small>(The opposing Cinderace lost 95% of its health!)</small><br></div><div class="spacer battle-history"><br></div><div class="battle-history">[Gliscor's Poison Heal]<br><small>Gliscor had its HP restored.</small><br></div><div class="spacer battle-history"><br></div><h2 class="battle-history">Turn 19</h2><div class="spacer battle-history"><br></div><div class="battle-history">The opposing Cinderace used <strong>Pyro Ball</strong>!<br></div><div class="battle-history"><small>(Gliscor lost 48% of its health!)</small><br></div><div class="spacer battle-history"><br></div><div class="battle-history">Gliscor used <strong>U-turn</strong>!<br></div><div class="battle-history"><small>It's not very effective...</small><br></div><div class="battle-history"><small>(The opposing Cinderace lost 5% of its health!)</small><br></div><div class="spacer battle-history"><br></div><div class="battle-history">The opposing Cinderace fainted!<br></div><div class="spacer battle-history"><br></div><div class="battle-history">Gliscor went back to kha243!<br></div><div class="battle-history">Go! Hydreigon (<strong>Hydreigon-Mega</strong>)!<br></div><div class="spacer battle-history"><br></div><div class="battle-history">abismal sent out <strong>Tangrowth</strong>!<br></div><div class="spacer battle-history"><br></div><h2 class="battle-history">Turn 20</h2><div class="spacer battle-history"><br></div><div class="battle-history">Hydreigon used <strong>Taunt</strong>!<br></div><div class="battle-history"><small>The opposing Tangrowth fell for the taunt!</small><br></div><div class="spacer battle-history"><br></div><div class="battle-history">The opposing Tangrowth can't use Leech Seed after the taunt!<br></div><div class="spacer battle-history"><br></div><h2 class="battle-history">Turn 21</h2><div class="spacer battle-history"><br></div><div class="battle-history">Hydreigon used <strong>Dark Pulse</strong>!<br></div><div class="battle-history"><small>(The opposing Tangrowth lost 81% of its health!)</small><br></div><div class="spacer battle-history"><br></div><div class="battle-history">The opposing Tangrowth used <strong>Earthquake</strong>!<br></div><div class="battle-history"><small>(Hydreigon lost 21% of its health!)</small><br></div><div class="battle-history">[Hydreigon's Berserk]<br></div><div class="battle-history"><small>Hydreigon's Sp. Atk rose!</small><br></div><div class="spacer battle-history"><br></div><h2 class="battle-history">Turn 22</h2><div class="chat chatmessage-abismal"><strong style="color:#68a730"><small>☆</small><span class="username" data-name="abismal">abismal</span>:</strong> <em>gg</em></div><div class="spacer battle-history"><br></div><div class="battle-history">Hydreigon used <strong>Dark Pulse</strong>!<br></div><div class="battle-history"><small>(The opposing Tangrowth lost 19% of its health!)</small><br></div><div class="spacer battle-history"><br></div><div class="battle-history">The opposing Tangrowth fainted!<br></div><div class="chat chatmessage-kha243"><strong style="color:#419e8f"><small>☆</small><span class="username" data-name="kha243">kha243</span>:</strong> <em>gg</em></div><div class="spacer battle-history"><br></div><div class="battle-history">abismal sent out <strong>Gliscor</strong>!<br></div><div class="spacer battle-history"><br></div><h2 class="battle-history">Turn 23</h2><div class="spacer battle-history"><br></div><div class="battle-history">Hydreigon used <strong>Dark Pulse</strong>!<br></div><div class="battle-history"><small>(The opposing Gliscor lost 90% of its health!)</small><br></div><div class="spacer battle-history"><br></div><div class="battle-history">The opposing Gliscor flinched and couldn't move!<br></div><div class="spacer battle-history"><br></div><div class="battle-history">[The opposing Gliscor's Poison Heal]<br><small>The opposing Gliscor had its HP restored.</small><br></div><div class="spacer battle-history"><br></div><h2 class="battle-history">Turn 24</h2><div class="chat chatmessage-kha243"><strong style="color:#419e8f"><small>☆</small><span class="username" data-name="kha243">kha243</span>:</strong> <em>f</em></div><div class="spacer battle-history"><br></div><div class="battle-history">Hydreigon used <strong>Dark Pulse</strong>!<br></div><div class="battle-history"><small>(The opposing Gliscor lost 22% of its health!)</small><br></div><div class="spacer battle-history"><br></div><div class="battle-history">The opposing Gliscor fainted!<br></div><div class="spacer battle-history"><br></div><div class="battle-history"><strong>kha243</strong> won the battle!<br></div><div class="chat chatmessage-kha243"><strong style="color:#419e8f"><small>☆</small><span class="username" data-name="kha243">kha243</span>:</strong> <em>gg</em></div><div class="chat"><small>+Not mossy left</small></div><div class="chat chatmessage-abismal"><strong style="color:#68a730"><small>☆</small><span class="username" data-name="abismal">abismal</span>:</strong> <em>gg</em></div><div class="chat"><small>☆abismal,  Ed.Capetinha, and  Sticky Fingaa left</small></div></div><div class="inner-preempt message-log"></div></div></div>
</div>
<script>
let daily = Math.floor(Date.now()/1000/60/60/24);document.write('<script src="https://dragonheaven.herokuapp.com/js/replay-embed.js?version'+daily+'"></'+'script>');
</script>
