<!DOCTYPE html>
<meta charset="utf-8" />
<!-- version 1 -->
<title>[Gen 8] M4A Monotype replay: Mossy Sandwich vs. okispokisSUB</title>
<style>
html,body {font-family:Verdana, sans-serif;font-size:10pt;margin:0;padding:0;}body{padding:12px 0;} .battle-log {font-family:Verdana, sans-serif;font-size:10pt;} .battle-log-inline {border:1px solid #AAAAAA;background:#EEF2F5;color:black;max-width:640px;margin:0 auto 80px;padding-bottom:5px;} .battle-log .inner {padding:4px 8px 0px 8px;} .battle-log .inner-preempt {padding:0 8px 4px 8px;} .battle-log .inner-after {margin-top:0.5em;} .battle-log h2 {margin:0.5em -8px;padding:4px 8px;border:1px solid #AAAAAA;background:#E0E7EA;border-left:0;border-right:0;font-family:Verdana, sans-serif;font-size:13pt;} .battle-log .chat {vertical-align:middle;padding:3px 0 3px 0;font-size:8pt;} .battle-log .chat strong {color:#40576A;} .battle-log .chat em {padding:1px 4px 1px 3px;color:#000000;font-style:normal;} .chat.mine {background:rgba(0,0,0,0.05);margin-left:-8px;margin-right:-8px;padding-left:8px;padding-right:8px;} .spoiler {color:#BBBBBB;background:#BBBBBB;padding:0px 3px;} .spoiler:hover, .spoiler:active, .spoiler-shown {color:#000000;background:#E2E2E2;padding:0px 3px;} .spoiler a {color:#BBBBBB;} .spoiler:hover a, .spoiler:active a, .spoiler-shown a {color:#2288CC;} .chat code, .chat .spoiler:hover code, .chat .spoiler:active code, .chat .spoiler-shown code {border:1px solid #C0C0C0;background:#EEEEEE;color:black;padding:0 2px;} .chat .spoiler code {border:1px solid #CCCCCC;background:#CCCCCC;color:#CCCCCC;} .battle-log .rated {padding:3px 4px;} .battle-log .rated strong {color:white;background:#89A;padding:1px 4px;border-radius:4px;} .spacer {margin-top:0.5em;} .message-announce {background:#6688AA;color:white;padding:1px 4px 2px;} .message-announce a, .broadcast-green a, .broadcast-blue a, .broadcast-red a {color:#DDEEFF;} .broadcast-green {background-color:#559955;color:white;padding:2px 4px;} .broadcast-blue {background-color:#6688AA;color:white;padding:2px 4px;} .infobox {border:1px solid #6688AA;padding:2px 4px;} .infobox-limited {max-height:200px;overflow:auto;overflow-x:hidden;} .broadcast-red {background-color:#AA5544;color:white;padding:2px 4px;} .message-learn-canlearn {font-weight:bold;color:#228822;text-decoration:underline;} .message-learn-cannotlearn {font-weight:bold;color:#CC2222;text-decoration:underline;} .message-effect-weak {font-weight:bold;color:#CC2222;} .message-effect-resist {font-weight:bold;color:#6688AA;} .message-effect-immune {font-weight:bold;color:#666666;} .message-learn-list {margin-top:0;margin-bottom:0;} .message-throttle-notice, .message-error {color:#992222;} .message-overflow, .chat small.message-overflow {font-size:0pt;} .message-overflow::before {font-size:9pt;content:'...';} .subtle {color:#3A4A66;}
</style>
<div class="wrapper replay-wrapper" style="max-width:1180px;margin:0 auto">
<input type="hidden" name="replayid" value="dragonheaven-gen8m4amonotype-926" />
<div class="battle"></div><div class="battle-log"></div><div class="replay-controls"></div><div class="replay-controls-2"></div>
<h1 style="font-weight:normal;text-align:center"><strong>[Gen 8] M4A Monotype</strong><br /><a href="http://pokemonshowdown.com/users/mossysandwich" class="subtle" target="_blank">Mossy Sandwich</a> vs. <a href="http://pokemonshowdown.com/users/okispokissub" class="subtle" target="_blank">okispokisSUB</a></h1>
<script type="text/plain" class="battle-log-data">|j|☆Mossy Sandwich
|j|☆okispokisSUB
|t:|1609287347
|player|p1|Mossy Sandwich|265|
|player|p2|okispokisSUB|2|
|teamsize|p1|6
|teamsize|p2|6
|gametype|singles
|gen|8
|tier|[Gen 8] M4A Monotype
|rule|Same Type Clause: Pokémon in a team must share a type
|clearpoke
|poke|p1|Jirachi|
|poke|p1|Tapu Lele|
|poke|p1|Meowstic, M|
|poke|p1|Alakazam, F|
|poke|p1|Victini|
|poke|p1|Hatterene, F|
|poke|p2|Torkoal, F|
|poke|p2|Typhlosion, M|
|poke|p2|Charizard, M|
|poke|p2|Volcanion|
|poke|p2|Victini|
|poke|p2|Volcarona, M|
|rule|HP Percentage Mod: HP is shown in percentages
|rule|Endless Battle Clause: Forcing endless battles is banned
|rule|OHKO Clause: OHKO moves are banned
|rule|Evasion Moves Clause: Evasion moves are banned
|rule|Species Clause: Limit one of each Pokémon
|rule|Dynamax Clause: You cannot dynamax
|rule|Sleep Clause Mod: Limit one foe put to sleep
|rule|Freeze Clause Mod: Limit one foe frozen
|teampreview
|j| BlaueBrause
|j| inkbug1

|inactive|Battle timer is ON: inactive players will automatically lose when time's up. (requested by okispokisSUB)
|c|☆Mossy Sandwich|gl hf
|inactiveoff|Battle timer is now OFF.
|
|t:|1609287379
|start
|switch|p1a: Tapu Lele|Tapu Lele|100\/100
|switch|p2a: Actually Good.|Torkoal, F|100\/100
|-fieldstart|move: Psychic Terrain|[from] ability: Psychic Surge|[of] p1a: Tapu Lele
|-weather|SunnyDay|[from] ability: Drought|[of] p2a: Actually Good.
|turn|1
|c|☆okispokisSUB|glhf
|j| abismal
|
|t:|1609287391
|move|p1a: Tapu Lele|Psyshock|p2a: Actually Good.
|-damage|p2a: Actually Good.|54\/100
|move|p2a: Actually Good.|Stealth Rock|p1a: Tapu Lele
|-sidestart|p1: Mossy Sandwich|move: Stealth Rock
|
|-weather|SunnyDay|[upkeep]
|upkeep
|turn|2
|
|t:|1609287397
|switch|p2a: W|Victini|100\/100
|move|p1a: Tapu Lele|Psyshock|p2a: W
|-resisted|p2a: W
|-damage|p2a: W|61\/100
|
|-weather|SunnyDay|[upkeep]
|upkeep
|turn|3
|
|t:|1609287411
|switch|p1a: Hatterene|Hatterene, F|100\/100
|-damage|p1a: Hatterene|88\/100|[from] Stealth Rock
|move|p2a: W|U-turn|p1a: Hatterene
|-damage|p1a: Hatterene|66\/100
|
|t:|1609287421
|switch|p2a: Boom-er|Typhlosion, M|100\/100|[from]move: U-turn
|
|-weather|SunnyDay|[upkeep]
|-heal|p1a: Hatterene|72\/100|[from] item: Leftovers
|upkeep
|turn|4
|l| abismal
|
|t:|1609287428
|detailschange|p2a: Boom-er|Typhlosion-Mega, M
|-mega|p2a: Boom-er|Typhlosion|Typhlosionite
|-start|p2a: Boom-er|typechange|Fire|[silent]
|raw|<ul class="utilichart"><li class="result"><span class="col pokemonnamecol" style="white-space: nowrap">Typhlosion-Mega<\/span> <span class="col typecol"><img src="https:\/\/play.pokemonshowdown.com\/sprites\/types\/Fire.png" alt="Fire" height="14" width="32"><\/span> <span style="float: left ; min-height: 26px"><span class="col abilitycol">Ignite<\/span><span class="col abilitycol"><\/span><\/span><span style="float: left ; min-height: 26px"><span class="col statcol"><em>HP<\/em><br>78<\/span> <span class="col statcol"><em>Atk<\/em><br>150<\/span> <span class="col statcol"><em>Def<\/em><br>103<\/span> <span class="col statcol"><em>SpA<\/em><br>84<\/span> <span class="col statcol"><em>SpD<\/em><br>103<\/span> <span class="col statcol"><em>Spe<\/em><br>116<\/span> <\/span><\/li><li style="clear: both"><\/li><\/ul>
|move|p2a: Boom-er|Head Charge|p1a: Hatterene
|-damage|p1a: Hatterene|0 fnt
|-damage|p2a: Boom-er|81\/100|[from] Recoil
|faint|p1a: Hatterene
|
|-weather|SunnyDay|[upkeep]
|upkeep
|
|t:|1609287436
|switch|p1a: Alakazam|Alakazam, F|100\/100
|turn|5
|
|t:|1609287465
|switch|p2a: Aqua Ring|Volcanion|100\/100
|move|p1a: Alakazam|Expanding Force|p2a: Aqua Ring
|-damage|p2a: Aqua Ring|10\/100
|
|-weather|SunnyDay|[upkeep]
|-fieldend|move: Psychic Terrain
|upkeep
|turn|6
|
|t:|1609287481
|move|p1a: Alakazam|Expanding Force|p2a: Aqua Ring
|-damage|p2a: Aqua Ring|0 fnt
|faint|p2a: Aqua Ring
|
|-weather|SunnyDay|[upkeep]
|upkeep
|
|t:|1609287485
|switch|p2a: W|Victini|61\/100
|turn|7
|
|t:|1609287494
|move|p2a: W|U-turn|p1a: Alakazam
|-supereffective|p1a: Alakazam
|-damage|p1a: Alakazam|4\/100
|
|t:|1609287502
|switch|p2a: Boom-er|Typhlosion-Mega, M|81\/100|[from]move: U-turn
|-start|p2a: Boom-er|typechange|Fire|[silent]
|move|p1a: Alakazam|Nasty Plot|p1a: Alakazam
|-boost|p1a: Alakazam|spa|2
|
|-weather|SunnyDay|[upkeep]
|upkeep
|turn|8
|
|t:|1609287510
|move|p1a: Alakazam|Expanding Force|p2a: Boom-er
|-crit|p2a: Boom-er
|-damage|p2a: Boom-er|0 fnt
|faint|p2a: Boom-er
|
|-weather|none
|upkeep
|
|t:|1609287524
|switch|p2a: W|Victini|61\/100
|turn|9
|
|t:|1609287527
|switch|p1a: Jirachi|Jirachi|100\/100
|-damage|p1a: Jirachi|94\/100|[from] Stealth Rock
|move|p2a: W|U-turn|p1a: Jirachi
|-damage|p1a: Jirachi|82\/100
|
|t:|1609287533
|switch|p2a: Actually Good.|Torkoal, F|54\/100|[from]move: U-turn
|-weather|SunnyDay|[from] ability: Drought|[of] p2a: Actually Good.
|
|-weather|SunnyDay|[upkeep]
|-heal|p1a: Jirachi|88\/100|[from] item: Leftovers
|upkeep
|turn|10
|
|t:|1609287541
|move|p1a: Jirachi|Stealth Rock|p2a: Actually Good.
|-sidestart|p2: okispokisSUB|move: Stealth Rock
|move|p2a: Actually Good.|Lava Plume|p1a: Jirachi
|-supereffective|p1a: Jirachi
|-damage|p1a: Jirachi|25\/100
|-status|p1a: Jirachi|brn
|
|-weather|SunnyDay|[upkeep]
|-heal|p1a: Jirachi|32\/100 brn|[from] item: Leftovers
|-damage|p1a: Jirachi|25\/100 brn|[from] brn
|upkeep
|turn|11
|
|t:|1609287551
|move|p1a: Jirachi|Body Slam|p2a: Actually Good.
|-damage|p2a: Actually Good.|48\/100
|move|p2a: Actually Good.|Rapid Spin|p1a: Jirachi
|-resisted|p1a: Jirachi
|-damage|p1a: Jirachi|23\/100 brn
|-boost|p2a: Actually Good.|spe|1
|-sideend|p2: okispokisSUB|Stealth Rock|[from] move: Rapid Spin|[of] p2a: Actually Good.
|
|-weather|SunnyDay|[upkeep]
|-heal|p1a: Jirachi|29\/100 brn|[from] item: Leftovers
|-damage|p1a: Jirachi|23\/100 brn|[from] brn
|upkeep
|turn|12
|
|t:|1609287562
|move|p1a: Jirachi|Stealth Rock|p2a: Actually Good.
|-sidestart|p2: okispokisSUB|move: Stealth Rock
|move|p2a: Actually Good.|Lava Plume|p1a: Jirachi
|-supereffective|p1a: Jirachi
|-damage|p1a: Jirachi|0 fnt
|faint|p1a: Jirachi
|
|-weather|SunnyDay|[upkeep]
|upkeep
|
|t:|1609287567
|switch|p1a: Tapu Lele|Tapu Lele|100\/100
|-damage|p1a: Tapu Lele|88\/100|[from] Stealth Rock
|-fieldstart|move: Psychic Terrain|[from] ability: Psychic Surge|[of] p1a: Tapu Lele
|turn|13
|
|t:|1609287578
|move|p1a: Tapu Lele|Psyshock|p2a: Actually Good.
|-damage|p2a: Actually Good.|3\/100
|move|p2a: Actually Good.|Rapid Spin|p1a: Tapu Lele
|-damage|p1a: Tapu Lele|76\/100
|-boost|p2a: Actually Good.|spe|1
|-sideend|p2: okispokisSUB|Stealth Rock|[from] move: Rapid Spin|[of] p2a: Actually Good.
|
|-weather|SunnyDay|[upkeep]
|upkeep
|turn|14
|
|t:|1609287586
|move|p1a: Tapu Lele|Psyshock|p2a: Actually Good.
|-damage|p2a: Actually Good.|0 fnt
|faint|p2a: Actually Good.
|
|-weather|SunnyDay|[upkeep]
|upkeep
|
|t:|1609287591
|switch|p2a: Basic B|Charizard, M, shiny|100\/100
|turn|15
|
|t:|1609287596
|switch|p1a: Victini|Victini|100\/100
|-damage|p1a: Victini|76\/100|[from] Stealth Rock
|move|p2a: Basic B|Fire Blast|p1a: Victini
|-resisted|p1a: Victini
|-damage|p1a: Victini|20\/100
|
|-weather|SunnyDay|[upkeep]
|-damage|p2a: Basic B|88\/100|[from] ability: Solar Power|[of] p2a: Basic B
|upkeep
|turn|16
|
|t:|1609287606
|move|p2a: Basic B|Fire Blast|p1a: Victini
|-resisted|p1a: Victini
|-damage|p1a: Victini|0 fnt
|faint|p1a: Victini
|
|-weather|none
|upkeep
|
|t:|1609287610
|switch|p1a: Meowstic|Meowstic, M|100\/100
|-damage|p1a: Meowstic|88\/100|[from] Stealth Rock
|turn|17
|
|t:|1609287620
|detailschange|p1a: Meowstic|Meowstic-Mega, M
|-mega|p1a: Meowstic|Meowstic|Meowsticite
|-ability|p1a: Meowstic|Dark Aura
|-start|p1a: Meowstic|typechange|Psychic\/Dark|[silent]
|raw|<ul class="utilichart"><li class="result"><span class="col pokemonnamecol" style="white-space: nowrap">Meowstic-Mega<\/span> <span class="col typecol"><img src="https:\/\/play.pokemonshowdown.com\/sprites\/types\/Psychic.png" alt="Psychic" height="14" width="32"><img src="https:\/\/play.pokemonshowdown.com\/sprites\/types\/Dark.png" alt="Dark" height="14" width="32"><\/span> <span style="float: left ; min-height: 26px"><span class="col abilitycol">Dark Aura<\/span><span class="col abilitycol"><\/span><\/span><span style="float: left ; min-height: 26px"><span class="col statcol"><em>HP<\/em><br>74<\/span> <span class="col statcol"><em>Atk<\/em><br>133<\/span> <span class="col statcol"><em>Def<\/em><br>91<\/span> <span class="col statcol"><em>SpA<\/em><br>48<\/span> <span class="col statcol"><em>SpD<\/em><br>96<\/span> <span class="col statcol"><em>Spe<\/em><br>124<\/span> <\/span><\/li><li style="clear: both"><\/li><\/ul>
|move|p1a: Meowstic|Sucker Punch|p2a: Basic B
|-hint|Psychic Terrain doesn't affect Pokémon immune to Ground.
|-damage|p2a: Basic B|7\/100
|move|p2a: Basic B|Fire Blast|p1a: Meowstic
|-damage|p1a: Meowstic|28\/100
|
|-fieldend|move: Psychic Terrain
|upkeep
|turn|18
|
|t:|1609287645
|switch|p2a: Salute the Sun!|Volcarona, M|100\/100
|move|p1a: Meowstic|Sucker Punch||[still]
|-fail|p1a: Meowstic
|
|upkeep
|turn|19
|
|t:|1609287652
|move|p1a: Meowstic|Knock Off|p2a: Salute the Sun!
|-damage|p2a: Salute the Sun!|31\/100
|-enditem|p2a: Salute the Sun!|Heavy-Duty Boots|[from] move: Knock Off|[of] p1a: Meowstic
|move|p2a: Salute the Sun!|Quiver Dance|p2a: Salute the Sun!
|-boost|p2a: Salute the Sun!|spa|1
|-boost|p2a: Salute the Sun!|spd|1
|-boost|p2a: Salute the Sun!|spe|1
|
|upkeep
|turn|20
|
|t:|1609287661
|move|p1a: Meowstic|Sucker Punch||[still]
|-fail|p1a: Meowstic
|move|p2a: Salute the Sun!|Roost|p2a: Salute the Sun!
|-heal|p2a: Salute the Sun!|81\/100
|-singleturn|p2a: Salute the Sun!|move: Roost
|
|upkeep
|turn|21
|
|t:|1609287672
|move|p1a: Meowstic|Sucker Punch||[still]
|-fail|p1a: Meowstic
|move|p2a: Salute the Sun!|Quiver Dance|p2a: Salute the Sun!
|-boost|p2a: Salute the Sun!|spa|1
|-boost|p2a: Salute the Sun!|spd|1
|-boost|p2a: Salute the Sun!|spe|1
|
|upkeep
|turn|22
|
|t:|1609287682
|move|p2a: Salute the Sun!|Quiver Dance|p2a: Salute the Sun!
|-boost|p2a: Salute the Sun!|spa|1
|-boost|p2a: Salute the Sun!|spd|1
|-boost|p2a: Salute the Sun!|spe|1
|move|p1a: Meowstic|Knock Off|p2a: Salute the Sun!
|-crit|p2a: Salute the Sun!
|-damage|p2a: Salute the Sun!|12\/100
|
|upkeep
|turn|23
|
|t:|1609287691
|move|p2a: Salute the Sun!|Roost|p2a: Salute the Sun!
|-heal|p2a: Salute the Sun!|62\/100
|-singleturn|p2a: Salute the Sun!|move: Roost
|move|p1a: Meowstic|Knock Off|p2a: Salute the Sun!
|-crit|p2a: Salute the Sun!
|-damage|p2a: Salute the Sun!|0 fnt
|faint|p2a: Salute the Sun!
|
|upkeep
|c|☆Mossy Sandwich|well then
|c|☆okispokisSUB|I hate this game. so much sometimes
|
|t:|1609287713
|switch|p2a: W|Victini|61\/100
|turn|24
|
|t:|1609287718
|move|p1a: Meowstic|Sucker Punch|p2a: W
|-supereffective|p2a: W
|-damage|p2a: W|0 fnt
|faint|p2a: W
|
|upkeep
|
|t:|1609287723
|switch|p2a: Basic B|Charizard, M, shiny|7\/100
|turn|25
|
|t:|1609287726
|move|p1a: Meowstic|Sucker Punch|p2a: Basic B
|-damage|p2a: Basic B|0 fnt
|faint|p2a: Basic B
|
|win|Mossy Sandwich</script>
</div>
<div class="battle-log battle-log-inline"><div class="inner"><div class="battle-options"><div style="padding-top: 3px; padding-right: 3px; text-align: right"><button class="icon button" name="openBattleOptions" title="Options">Battle Options</button></div></div><div class="inner message-log"><div class="chat"><small>☆Mossy Sandwich and ☆okispokisSUB joined</small></div><div class=""><small>Format:</small> <br><strong>[Gen 8] M4A Monotype</strong></div><div class=""><small><em>Same Type Clause:</em> Pokémon in a team must share a type</small></div><div class=""><small><em>HP Percentage Mod:</em> HP is shown in percentages</small></div><div class=""><small><em>Endless Battle Clause:</em> Forcing endless battles is banned</small></div><div class=""><small><em>OHKO Clause:</em> OHKO moves are banned</small></div><div class=""><small><em>Evasion Moves Clause:</em> Evasion moves are banned</small></div><div class=""><small><em>Species Clause:</em> Limit one of each Pokémon</small></div><div class=""><small><em>Dynamax Clause:</em> You cannot dynamax</small></div><div class=""><small><em>Sleep Clause Mod:</em> Limit one foe put to sleep</small></div><div class=""><small><em>Freeze Clause Mod:</em> Limit one foe frozen</small></div><div class="chat battle-history"><strong>Mossy Sandwich's team:</strong> <em style="color:#445566;display:block;">Jirachi / Tapu Lele / Meowstic / Alakazam / Victini / Hatterene</em></div><div class="chat battle-history"><strong>okispokisSUB's team:</strong> <em style="color:#445566;display:block;">Torkoal / Typhlosion / Charizard / Volcanion / Victini / Volcarona</em></div><div class="chat"><small> BlaueBrause and  inkbug1 joined</small></div><div class="chat message-error">Battle timer is ON: inactive players will automatically lose when time's up. (requested by okispokisSUB)</div><div class="chat chatmessage-mossysandwich"><strong style="color:#ba49a2"><small>☆</small><span class="username" data-name="Mossy Sandwich">Mossy Sandwich</span>:</strong> <em>gl hf</em></div><div class="chat message-error">Battle timer is now OFF.</div><div class="spacer battle-history"><br></div><div class="battle-history">Battle started between Mossy Sandwich and okispokisSUB!<br></div><div class="spacer battle-history"><br></div><div class="battle-history">Go! <strong>Tapu Lele</strong>!<br></div><div class="spacer battle-history"><br></div><div class="battle-history">okispokisSUB sent out Actually Good. (<strong>Torkoal</strong>)!<br></div><div class="battle-history">[Tapu Lele's Psychic Surge]<br><small>The battlefield got weird!</small><br></div><div class="battle-history">[The opposing Actually Good.'s Drought]<br><small>The sunlight turned harsh!</small><br></div><div class="spacer battle-history"><br></div><h2 class="battle-history">Turn 1</h2><div class="chat chatmessage-okispokissub"><strong style="color:#909622"><small>☆</small><span class="username" data-name="okispokisSUB">okispokisSUB</span>:</strong> <em>glhf</em></div><div class="chat"><small> abismal joined</small></div><div class="spacer battle-history"><br></div><div class="battle-history">Tapu Lele used <strong>Psyshock</strong>!<br></div><div class="battle-history"><small>(The opposing Actually Good. lost 46% of its health!)</small><br></div><div class="spacer battle-history"><br></div><div class="battle-history">The opposing Actually Good. used <strong>Stealth Rock</strong>!<br></div><div class="battle-history"><small>Pointed stones float in the air around your team!</small><br></div><div class="spacer battle-history"><br></div><div class="battle-history"><small>(The sunlight is strong.)</small><br></div><div class="spacer battle-history"><br></div><h2 class="battle-history">Turn 2</h2><div class="spacer battle-history"><br></div><div class="battle-history">okispokisSUB withdrew Actually Good.!<br></div><div class="battle-history">okispokisSUB sent out W (<strong>Victini</strong>)!<br></div><div class="spacer battle-history"><br></div><div class="battle-history">Tapu Lele used <strong>Psyshock</strong>!<br></div><div class="battle-history"><small>It's not very effective...</small><br></div><div class="battle-history"><small>(The opposing W lost 39% of its health!)</small><br></div><div class="spacer battle-history"><br></div><div class="battle-history"><small>(The sunlight is strong.)</small><br></div><div class="spacer battle-history"><br></div><h2 class="battle-history">Turn 3</h2><div class="spacer battle-history"><br></div><div class="battle-history">Tapu Lele, come back!<br></div><div class="battle-history">Go! <strong>Hatterene</strong>!<br></div><div class="battle-history"><small>Pointed stones dug into Hatterene!</small><br></div><div class="spacer battle-history"><br></div><div class="battle-history">The opposing W used <strong>U-turn</strong>!<br></div><div class="battle-history"><small>(Hatterene lost 22% of its health!)</small><br></div><div class="spacer battle-history"><br></div><div class="battle-history">The opposing W went back to okispokisSUB!<br></div><div class="battle-history">okispokisSUB sent out Boom-er (<strong>Typhlosion</strong>)!<br></div><div class="spacer battle-history"><br></div><div class="battle-history"><small>(The sunlight is strong.)</small><br></div><div class="battle-history"><small>Hatterene restored a little HP using its Leftovers!</small><br></div><div class="spacer battle-history"><br></div><h2 class="battle-history">Turn 4</h2><div class="chat"><small> abismal left</small></div><div class="spacer battle-history"><br></div><div class="battle-history"><small>The opposing Boom-er's Typhlosionite is reacting to the Key Stone!</small><br>The opposing Boom-er has Mega Evolved into Mega Typhlosion!<br></div><div class="chat"><ul class="utilichart"><li class="result"><span class="col pokemonnamecol" style="white-space: nowrap">Typhlosion-Mega</span> <span class="col typecol"><img src="https://play.pokemonshowdown.com/sprites/types/Fire.png" alt="Fire" height="14" width="32"></span> <span style="float: left ; min-height: 26px"><span class="col abilitycol">Ignite</span><span class="col abilitycol"></span></span><span style="float: left ; min-height: 26px"><span class="col statcol"><em>HP</em><br>78</span> <span class="col statcol"><em>Atk</em><br>150</span> <span class="col statcol"><em>Def</em><br>103</span> <span class="col statcol"><em>SpA</em><br>84</span> <span class="col statcol"><em>SpD</em><br>103</span> <span class="col statcol"><em>Spe</em><br>116</span> </span></li><li style="clear: both"></li></ul></div><div class="spacer battle-history"><br></div><div class="battle-history">The opposing Boom-er used <strong>Head Charge</strong>!<br></div><div class="battle-history"><small>(Hatterene lost 72% of its health!)</small><br></div><div class="battle-history"><small>The opposing Boom-er was damaged by the recoil!</small><br></div><div class="spacer battle-history"><br></div><div class="battle-history">Hatterene fainted!<br></div><div class="spacer battle-history"><br></div><div class="battle-history"><small>(The sunlight is strong.)</small><br></div><div class="spacer battle-history"><br></div><div class="battle-history">Go! <strong>Alakazam</strong>!<br></div><div class="spacer battle-history"><br></div><h2 class="battle-history">Turn 5</h2><div class="spacer battle-history"><br></div><div class="battle-history">okispokisSUB withdrew Boom-er!<br></div><div class="battle-history">okispokisSUB sent out Aqua Ring (<strong>Volcanion</strong>)!<br></div><div class="spacer battle-history"><br></div><div class="battle-history">Alakazam used <strong>Expanding Force</strong>!<br></div><div class="battle-history"><small>(The opposing Aqua Ring lost 90% of its health!)</small><br></div><div class="spacer battle-history"><br></div><div class="battle-history"><small>(The sunlight is strong.)</small><br></div><div class="battle-history"><small>The weirdness disappeared from the battlefield!</small><br></div><div class="spacer battle-history"><br></div><h2 class="battle-history">Turn 6</h2><div class="spacer battle-history"><br></div><div class="battle-history">Alakazam used <strong>Expanding Force</strong>!<br></div><div class="battle-history"><small>(The opposing Aqua Ring lost 10% of its health!)</small><br></div><div class="spacer battle-history"><br></div><div class="battle-history">The opposing Aqua Ring fainted!<br></div><div class="spacer battle-history"><br></div><div class="battle-history"><small>(The sunlight is strong.)</small><br></div><div class="spacer battle-history"><br></div><div class="battle-history">okispokisSUB sent out W (<strong>Victini</strong>)!<br></div><div class="spacer battle-history"><br></div><h2 class="battle-history">Turn 7</h2><div class="spacer battle-history"><br></div><div class="battle-history">The opposing W used <strong>U-turn</strong>!<br></div><div class="battle-history"><small>It's super effective!</small><br></div><div class="battle-history"><small>(Alakazam lost 96% of its health!)</small><br></div><div class="spacer battle-history"><br></div><div class="battle-history">The opposing W went back to okispokisSUB!<br></div><div class="battle-history">okispokisSUB sent out Boom-er (<strong>Typhlosion-Mega</strong>)!<br></div><div class="spacer battle-history"><br></div><div class="battle-history">Alakazam used <strong>Nasty Plot</strong>!<br></div><div class="battle-history"><small>Alakazam's Sp. Atk rose sharply!</small><br></div><div class="spacer battle-history"><br></div><div class="battle-history"><small>(The sunlight is strong.)</small><br></div><div class="spacer battle-history"><br></div><h2 class="battle-history">Turn 8</h2><div class="spacer battle-history"><br></div><div class="battle-history">Alakazam used <strong>Expanding Force</strong>!<br></div><div class="battle-history"><small>A critical hit!</small><br></div><div class="battle-history"><small>(The opposing Boom-er lost 81% of its health!)</small><br></div><div class="spacer battle-history"><br></div><div class="battle-history">The opposing Boom-er fainted!<br></div><div class="spacer battle-history"><br></div><div class="battle-history"><small>The harsh sunlight faded.</small><br></div><div class="spacer battle-history"><br></div><div class="battle-history">okispokisSUB sent out W (<strong>Victini</strong>)!<br></div><div class="spacer battle-history"><br></div><h2 class="battle-history">Turn 9</h2><div class="spacer battle-history"><br></div><div class="battle-history">Alakazam, come back!<br></div><div class="battle-history">Go! <strong>Jirachi</strong>!<br></div><div class="battle-history"><small>Pointed stones dug into Jirachi!</small><br></div><div class="spacer battle-history"><br></div><div class="battle-history">The opposing W used <strong>U-turn</strong>!<br></div><div class="battle-history"><small>(Jirachi lost 12% of its health!)</small><br></div><div class="spacer battle-history"><br></div><div class="battle-history">The opposing W went back to okispokisSUB!<br></div><div class="battle-history">okispokisSUB sent out Actually Good. (<strong>Torkoal</strong>)!<br></div><div class="battle-history">[The opposing Actually Good.'s Drought]<br><small>The sunlight turned harsh!</small><br></div><div class="spacer battle-history"><br></div><div class="battle-history"><small>(The sunlight is strong.)</small><br></div><div class="battle-history"><small>Jirachi restored a little HP using its Leftovers!</small><br></div><div class="spacer battle-history"><br></div><h2 class="battle-history">Turn 10</h2><div class="spacer battle-history"><br></div><div class="battle-history">Jirachi used <strong>Stealth Rock</strong>!<br></div><div class="battle-history"><small>Pointed stones float in the air around the opposing team!</small><br></div><div class="spacer battle-history"><br></div><div class="battle-history">The opposing Actually Good. used <strong>Lava Plume</strong>!<br></div><div class="battle-history"><small>It's super effective!</small><br></div><div class="battle-history"><small>(Jirachi lost 63% of its health!)</small><br></div><div class="battle-history"><small>Jirachi was burned!</small><br></div><div class="spacer battle-history"><br></div><div class="battle-history"><small>(The sunlight is strong.)</small><br></div><div class="battle-history"><small>Jirachi restored a little HP using its Leftovers!</small><br></div><div class="battle-history"><small>Jirachi was hurt by its burn!</small><br></div><div class="spacer battle-history"><br></div><h2 class="battle-history">Turn 11</h2><div class="spacer battle-history"><br></div><div class="battle-history">Jirachi used <strong>Body Slam</strong>!<br></div><div class="battle-history"><small>(The opposing Actually Good. lost 6% of its health!)</small><br></div><div class="spacer battle-history"><br></div><div class="battle-history">The opposing Actually Good. used <strong>Rapid Spin</strong>!<br></div><div class="battle-history"><small>It's not very effective...</small><br></div><div class="battle-history"><small>(Jirachi lost 2% of its health!)</small><br></div><div class="battle-history"><small>The opposing Actually Good.'s Speed rose!</small><br></div><div class="battle-history"><small>The pointed stones disappeared from around the opposing team!</small><br></div><div class="spacer battle-history"><br></div><div class="battle-history"><small>(The sunlight is strong.)</small><br></div><div class="battle-history"><small>Jirachi restored a little HP using its Leftovers!</small><br></div><div class="battle-history"><small>Jirachi was hurt by its burn!</small><br></div><div class="spacer battle-history"><br></div><h2 class="battle-history">Turn 12</h2><div class="spacer battle-history"><br></div><div class="battle-history">Jirachi used <strong>Stealth Rock</strong>!<br></div><div class="battle-history"><small>Pointed stones float in the air around the opposing team!</small><br></div><div class="spacer battle-history"><br></div><div class="battle-history">The opposing Actually Good. used <strong>Lava Plume</strong>!<br></div><div class="battle-history"><small>It's super effective!</small><br></div><div class="battle-history"><small>(Jirachi lost 23% of its health!)</small><br></div><div class="spacer battle-history"><br></div><div class="battle-history">Jirachi fainted!<br></div><div class="spacer battle-history"><br></div><div class="battle-history"><small>(The sunlight is strong.)</small><br></div><div class="spacer battle-history"><br></div><div class="battle-history">Go! <strong>Tapu Lele</strong>!<br></div><div class="battle-history"><small>Pointed stones dug into Tapu Lele!</small><br></div><div class="battle-history">[Tapu Lele's Psychic Surge]<br><small>The battlefield got weird!</small><br></div><div class="spacer battle-history"><br></div><h2 class="battle-history">Turn 13</h2><div class="spacer battle-history"><br></div><div class="battle-history">Tapu Lele used <strong>Psyshock</strong>!<br></div><div class="battle-history"><small>(The opposing Actually Good. lost 45% of its health!)</small><br></div><div class="spacer battle-history"><br></div><div class="battle-history">The opposing Actually Good. used <strong>Rapid Spin</strong>!<br></div><div class="battle-history"><small>(Tapu Lele lost 12% of its health!)</small><br></div><div class="battle-history"><small>The opposing Actually Good.'s Speed rose!</small><br></div><div class="battle-history"><small>The pointed stones disappeared from around the opposing team!</small><br></div><div class="spacer battle-history"><br></div><div class="battle-history"><small>(The sunlight is strong.)</small><br></div><div class="spacer battle-history"><br></div><h2 class="battle-history">Turn 14</h2><div class="spacer battle-history"><br></div><div class="battle-history">Tapu Lele used <strong>Psyshock</strong>!<br></div><div class="battle-history"><small>(The opposing Actually Good. lost 3% of its health!)</small><br></div><div class="spacer battle-history"><br></div><div class="battle-history">The opposing Actually Good. fainted!<br></div><div class="spacer battle-history"><br></div><div class="battle-history"><small>(The sunlight is strong.)</small><br></div><div class="spacer battle-history"><br></div><div class="battle-history">okispokisSUB sent out Basic B (<strong>Charizard</strong>)!<br></div><div class="spacer battle-history"><br></div><h2 class="battle-history">Turn 15</h2><div class="spacer battle-history"><br></div><div class="battle-history">Tapu Lele, come back!<br></div><div class="battle-history">Go! <strong>Victini</strong>!<br></div><div class="battle-history"><small>Pointed stones dug into Victini!</small><br></div><div class="spacer battle-history"><br></div><div class="battle-history">The opposing Basic B used <strong>Fire Blast</strong>!<br></div><div class="battle-history"><small>It's not very effective...</small><br></div><div class="battle-history"><small>(Victini lost 56% of its health!)</small><br></div><div class="spacer battle-history"><br></div><div class="battle-history"><small>(The sunlight is strong.)</small><br></div><div class="battle-history">[The opposing Basic B's Solar Power]<br><small>(The opposing Basic B was hurt!)</small><br></div><div class="spacer battle-history"><br></div><h2 class="battle-history">Turn 16</h2><div class="spacer battle-history"><br></div><div class="battle-history">The opposing Basic B used <strong>Fire Blast</strong>!<br></div><div class="battle-history"><small>It's not very effective...</small><br></div><div class="battle-history"><small>(Victini lost 20% of its health!)</small><br></div><div class="spacer battle-history"><br></div><div class="battle-history">Victini fainted!<br></div><div class="spacer battle-history"><br></div><div class="battle-history"><small>The harsh sunlight faded.</small><br></div><div class="spacer battle-history"><br></div><div class="battle-history">Go! <strong>Meowstic</strong>!<br></div><div class="battle-history"><small>Pointed stones dug into Meowstic!</small><br></div><div class="spacer battle-history"><br></div><h2 class="battle-history">Turn 17</h2><div class="spacer battle-history"><br></div><div class="battle-history"><small>Meowstic's Meowsticite is reacting to the Key Stone!</small><br>Meowstic has Mega Evolved into Mega Meowstic!<br></div><div class="battle-history">[Meowstic's Dark Aura]<br><small>Meowstic is radiating a dark aura!</small><br></div><div class="chat"><ul class="utilichart"><li class="result"><span class="col pokemonnamecol" style="white-space: nowrap">Meowstic-Mega</span> <span class="col typecol"><img src="https://play.pokemonshowdown.com/sprites/types/Psychic.png" alt="Psychic" height="14" width="32"><img src="https://play.pokemonshowdown.com/sprites/types/Dark.png" alt="Dark" height="14" width="32"></span> <span style="float: left ; min-height: 26px"><span class="col abilitycol">Dark Aura</span><span class="col abilitycol"></span></span><span style="float: left ; min-height: 26px"><span class="col statcol"><em>HP</em><br>74</span> <span class="col statcol"><em>Atk</em><br>133</span> <span class="col statcol"><em>Def</em><br>91</span> <span class="col statcol"><em>SpA</em><br>48</span> <span class="col statcol"><em>SpD</em><br>96</span> <span class="col statcol"><em>Spe</em><br>124</span> </span></li><li style="clear: both"></li></ul></div><div class="spacer battle-history"><br></div><div class="battle-history">Meowstic used <strong>Sucker Punch</strong>!<br></div><div class="battle-history"><small>(Psychic Terrain doesn't affect Pokémon immune to Ground.)</small><br></div><div class="battle-history"><small>(The opposing Basic B lost 81% of its health!)</small><br></div><div class="spacer battle-history"><br></div><div class="battle-history">The opposing Basic B used <strong>Fire Blast</strong>!<br></div><div class="battle-history"><small>(Meowstic lost 60% of its health!)</small><br></div><div class="spacer battle-history"><br></div><div class="battle-history"><small>The weirdness disappeared from the battlefield!</small><br></div><div class="spacer battle-history"><br></div><h2 class="battle-history">Turn 18</h2><div class="spacer battle-history"><br></div><div class="battle-history">okispokisSUB withdrew Basic B!<br></div><div class="battle-history">okispokisSUB sent out Salute the Sun! (<strong>Volcarona</strong>)!<br></div><div class="spacer battle-history"><br></div><div class="battle-history">Meowstic used <strong>Sucker Punch</strong>!<br></div><div class="battle-history"><small>But it failed!</small><br></div><div class="spacer battle-history"><br></div><h2 class="battle-history">Turn 19</h2><div class="spacer battle-history"><br></div><div class="battle-history">Meowstic used <strong>Knock Off</strong>!<br></div><div class="battle-history"><small>(The opposing Salute the Sun! lost 69% of its health!)</small><br></div><div class="battle-history"><small>Meowstic knocked off the opposing Salute the Sun!'s Heavy-Duty Boots!</small><br></div><div class="spacer battle-history"><br></div><div class="battle-history">The opposing Salute the Sun! used <strong>Quiver Dance</strong>!<br></div><div class="battle-history"><small>The opposing Salute the Sun!'s Sp. Atk rose!</small><br></div><div class="battle-history"><small>The opposing Salute the Sun!'s Sp. Def rose!</small><br></div><div class="battle-history"><small>The opposing Salute the Sun!'s Speed rose!</small><br></div><div class="spacer battle-history"><br></div><h2 class="battle-history">Turn 20</h2><div class="spacer battle-history"><br></div><div class="battle-history">Meowstic used <strong>Sucker Punch</strong>!<br></div><div class="battle-history"><small>But it failed!</small><br></div><div class="spacer battle-history"><br></div><div class="battle-history">The opposing Salute the Sun! used <strong>Roost</strong>!<br></div><div class="battle-history"><small>The opposing Salute the Sun! had its HP restored.</small><br></div><div class="spacer battle-history"><br></div><h2 class="battle-history">Turn 21</h2><div class="spacer battle-history"><br></div><div class="battle-history">Meowstic used <strong>Sucker Punch</strong>!<br></div><div class="battle-history"><small>But it failed!</small><br></div><div class="spacer battle-history"><br></div><div class="battle-history">The opposing Salute the Sun! used <strong>Quiver Dance</strong>!<br></div><div class="battle-history"><small>The opposing Salute the Sun!'s Sp. Atk rose!</small><br></div><div class="battle-history"><small>The opposing Salute the Sun!'s Sp. Def rose!</small><br></div><div class="battle-history"><small>The opposing Salute the Sun!'s Speed rose!</small><br></div><div class="spacer battle-history"><br></div><h2 class="battle-history">Turn 22</h2><div class="spacer battle-history"><br></div><div class="battle-history">The opposing Salute the Sun! used <strong>Quiver Dance</strong>!<br></div><div class="battle-history"><small>The opposing Salute the Sun!'s Sp. Atk rose!</small><br></div><div class="battle-history"><small>The opposing Salute the Sun!'s Sp. Def rose!</small><br></div><div class="battle-history"><small>The opposing Salute the Sun!'s Speed rose!</small><br></div><div class="spacer battle-history"><br></div><div class="battle-history">Meowstic used <strong>Knock Off</strong>!<br></div><div class="battle-history"><small>A critical hit!</small><br></div><div class="battle-history"><small>(The opposing Salute the Sun! lost 69% of its health!)</small><br></div><div class="spacer battle-history"><br></div><h2 class="battle-history">Turn 23</h2><div class="spacer battle-history"><br></div><div class="battle-history">The opposing Salute the Sun! used <strong>Roost</strong>!<br></div><div class="battle-history"><small>The opposing Salute the Sun! had its HP restored.</small><br></div><div class="spacer battle-history"><br></div><div class="battle-history">Meowstic used <strong>Knock Off</strong>!<br></div><div class="battle-history"><small>A critical hit!</small><br></div><div class="battle-history"><small>(The opposing Salute the Sun! lost 62% of its health!)</small><br></div><div class="spacer battle-history"><br></div><div class="battle-history">The opposing Salute the Sun! fainted!<br></div><div class="chat chatmessage-mossysandwich"><strong style="color:#ba49a2"><small>☆</small><span class="username" data-name="Mossy Sandwich">Mossy Sandwich</span>:</strong> <em>well then</em></div><div class="chat chatmessage-okispokissub"><strong style="color:#909622"><small>☆</small><span class="username" data-name="okispokisSUB">okispokisSUB</span>:</strong> <em>I hate this game. so much sometimes</em></div><div class="spacer battle-history"><br></div><div class="battle-history">okispokisSUB sent out W (<strong>Victini</strong>)!<br></div><div class="spacer battle-history"><br></div><h2 class="battle-history">Turn 24</h2><div class="spacer battle-history"><br></div><div class="battle-history">Meowstic used <strong>Sucker Punch</strong>!<br></div><div class="battle-history"><small>It's super effective!</small><br></div><div class="battle-history"><small>(The opposing W lost 61% of its health!)</small><br></div><div class="spacer battle-history"><br></div><div class="battle-history">The opposing W fainted!<br></div><div class="spacer battle-history"><br></div><div class="battle-history">okispokisSUB sent out Basic B (<strong>Charizard</strong>)!<br></div><div class="spacer battle-history"><br></div><h2 class="battle-history">Turn 25</h2><div class="spacer battle-history"><br></div><div class="battle-history">Meowstic used <strong>Sucker Punch</strong>!<br></div><div class="battle-history"><small>(The opposing Basic B lost 7% of its health!)</small><br></div><div class="spacer battle-history"><br></div><div class="battle-history">The opposing Basic B fainted!<br></div><div class="spacer battle-history"><br></div><div class="battle-history"><strong>Mossy Sandwich</strong> won the battle!<br></div></div><div class="inner-preempt message-log"></div></div></div>
</div>
<script>
let daily = Math.floor(Date.now()/1000/60/60/24);document.write('<script src="https://dragonheaven.herokuapp.com/js/replay-embed.js?version'+daily+'"></'+'script>');
</script>
