<!DOCTYPE html>
<meta charset="utf-8" />
<!-- version 1 -->
<title>[Gen 8] Megas for All replay: IsoCon vs. BotwNerd745</title>
<style>
html,body {font-family:Verdana, sans-serif;font-size:10pt;margin:0;padding:0;}body{padding:12px 0;} .battle-log {font-family:Verdana, sans-serif;font-size:10pt;} .battle-log-inline {border:1px solid #AAAAAA;background:#EEF2F5;color:black;max-width:640px;margin:0 auto 80px;padding-bottom:5px;} .battle-log .inner {padding:4px 8px 0px 8px;} .battle-log .inner-preempt {padding:0 8px 4px 8px;} .battle-log .inner-after {margin-top:0.5em;} .battle-log h2 {margin:0.5em -8px;padding:4px 8px;border:1px solid #AAAAAA;background:#E0E7EA;border-left:0;border-right:0;font-family:Verdana, sans-serif;font-size:13pt;} .battle-log .chat {vertical-align:middle;padding:3px 0 3px 0;font-size:8pt;} .battle-log .chat strong {color:#40576A;} .battle-log .chat em {padding:1px 4px 1px 3px;color:#000000;font-style:normal;} .chat.mine {background:rgba(0,0,0,0.05);margin-left:-8px;margin-right:-8px;padding-left:8px;padding-right:8px;} .spoiler {color:#BBBBBB;background:#BBBBBB;padding:0px 3px;} .spoiler:hover, .spoiler:active, .spoiler-shown {color:#000000;background:#E2E2E2;padding:0px 3px;} .spoiler a {color:#BBBBBB;} .spoiler:hover a, .spoiler:active a, .spoiler-shown a {color:#2288CC;} .chat code, .chat .spoiler:hover code, .chat .spoiler:active code, .chat .spoiler-shown code {border:1px solid #C0C0C0;background:#EEEEEE;color:black;padding:0 2px;} .chat .spoiler code {border:1px solid #CCCCCC;background:#CCCCCC;color:#CCCCCC;} .battle-log .rated {padding:3px 4px;} .battle-log .rated strong {color:white;background:#89A;padding:1px 4px;border-radius:4px;} .spacer {margin-top:0.5em;} .message-announce {background:#6688AA;color:white;padding:1px 4px 2px;} .message-announce a, .broadcast-green a, .broadcast-blue a, .broadcast-red a {color:#DDEEFF;} .broadcast-green {background-color:#559955;color:white;padding:2px 4px;} .broadcast-blue {background-color:#6688AA;color:white;padding:2px 4px;} .infobox {border:1px solid #6688AA;padding:2px 4px;} .infobox-limited {max-height:200px;overflow:auto;overflow-x:hidden;} .broadcast-red {background-color:#AA5544;color:white;padding:2px 4px;} .message-learn-canlearn {font-weight:bold;color:#228822;text-decoration:underline;} .message-learn-cannotlearn {font-weight:bold;color:#CC2222;text-decoration:underline;} .message-effect-weak {font-weight:bold;color:#CC2222;} .message-effect-resist {font-weight:bold;color:#6688AA;} .message-effect-immune {font-weight:bold;color:#666666;} .message-learn-list {margin-top:0;margin-bottom:0;} .message-throttle-notice, .message-error {color:#992222;} .message-overflow, .chat small.message-overflow {font-size:0pt;} .message-overflow::before {font-size:9pt;content:'...';} .subtle {color:#3A4A66;}
</style>
<div class="wrapper replay-wrapper" style="max-width:1180px;margin:0 auto">
<input type="hidden" name="replayid" value="dragonheaven-gen8megasforall-5188" />
<div class="battle"></div><div class="battle-log"></div><div class="replay-controls"></div><div class="replay-controls-2"></div>
<h1 style="font-weight:normal;text-align:center"><strong>[Gen 8] Megas for All</strong><br /><a href="http://pokemonshowdown.com/users/isocon" class="subtle" target="_blank">IsoCon</a> vs. <a href="http://pokemonshowdown.com/users/botwnerd745" class="subtle" target="_blank">BotwNerd745</a></h1>
<script type="text/plain" class="battle-log-data">|j|☆IsoCon


|j|☆BotwNerd745


|player|p1|IsoCon|evelyn|


|player|p2|BotwNerd745|hilda-dueldisk|
|teamsize|p1|6
|teamsize|p2|6
|gametype|singles
|gen|8
|tier|[Gen 8] Megas for All
|clearpoke
|poke|p1|Dragapult, M|
|poke|p1|Clefable, F|
|poke|p1|Toxtricity, M|
|poke|p1|Toxapex, F|
|poke|p1|Gliscor, F|
|poke|p1|Aegislash, F|
|poke|p2|Garbodor, F|
|poke|p2|Clefable, M|
|poke|p2|Golisopod, M|
|poke|p2|Incineroar, M|
|poke|p2|Toxtricity, F|
|poke|p2|Sableye, M|
|rule|HP Percentage Mod: HP is shown in percentages
|rule|Endless Battle Clause: Forcing endless battles is banned
|rule|OHKO Clause: OHKO moves are banned
|rule|Evasion Moves Clause: Evasion moves are banned
|rule|Species Clause: Limit one of each Pokémon
|rule|Dynamax Clause: You cannot dynamax
|rule|Sleep Clause Mod: Limit one foe put to sleep
|teampreview


|
|start
|switch|p1a: Toxtricity|Toxtricity, M|291\/291
|switch|p2a: Garbodor|Garbodor, F|100\/100
|turn|1


|
|move|p1a: Toxtricity|Overdrive|p2a: Garbodor
|-damage|p2a: Garbodor|8\/100
|move|p2a: Garbodor|Stealth Rock|p1a: Toxtricity
|-sidestart|p1: IsoCon|move: Stealth Rock
|
|upkeep
|turn|2


|
|move|p1a: Toxtricity|Overdrive|p2a: Garbodor
|-damage|p2a: Garbodor|0 fnt
|faint|p2a: Garbodor
|
|upkeep


|
|switch|p2a: Mittens|Incineroar, M|100\/100
|-ability|p2a: Mittens|Intimidate|boost
|-unboost|p1a: Toxtricity|atk|1
|turn|3


|
|switch|p1a: Gliscor|Gliscor, F|354\/354
|-damage|p1a: Gliscor|310\/354|[from] Stealth Rock
|move|p2a: Mittens|Parting Shot|p1a: Gliscor
|-unboost|p1a: Gliscor|atk|1
|-unboost|p1a: Gliscor|spa|1


|
|switch|p2a: Bigassrolypoly|Golisopod, M|100\/100|[from]move: Parting Shot
|
|-status|p1a: Gliscor|tox|[from] item: Toxic Orb
|upkeep
|turn|4


|
|move|p1a: Gliscor|U-turn|p2a: Bigassrolypoly
|-damage|p2a: Bigassrolypoly|93\/100


|
|switch|p1a: Toxapex|Toxapex, F|304\/304
|-damage|p1a: Toxapex|266\/304|[from] Stealth Rock
|move|p2a: Bigassrolypoly|Liquidation|p1a: Toxapex
|-resisted|p1a: Toxapex
|-damage|p1a: Toxapex|225\/304
|-unboost|p1a: Toxapex|def|1
|
|-heal|p1a: Toxapex|244\/304|[from] item: Black Sludge
|upkeep
|turn|5


|
|switch|p1a: Gliscor|Gliscor, F|310\/354 tox
|-damage|p1a: Gliscor|266\/354 tox|[from] Stealth Rock
|move|p2a: Bigassrolypoly|Liquidation|p1a: Gliscor
|-supereffective|p1a: Gliscor
|-crit|p1a: Gliscor
|-damage|p1a: Gliscor|0 fnt
|faint|p1a: Gliscor
|
|upkeep


|
|switch|p1a: Toxtricity|Toxtricity, M|291\/291
|-damage|p1a: Toxtricity|255\/291|[from] Stealth Rock
|turn|6


|
|switch|p2a: vroom vroom|Toxtricity, F|100\/100
|-item|p2a: vroom vroom|Air Balloon
|move|p1a: Toxtricity|Volt Switch|p2a: vroom vroom
|-resisted|p2a: vroom vroom
|-damage|p2a: vroom vroom|64\/100
|-enditem|p2a: vroom vroom|Air Balloon


|
|switch|p1a: Dragapult|Dragapult, M|317\/317
|-damage|p1a: Dragapult|278\/317|[from] Stealth Rock
|
|upkeep
|turn|7


|
|detailschange|p1a: Dragapult|Dragapult-Mega, M
|-mega|p1a: Dragapult|Dragapult|Dragapultite
|-ability|p1a: Dragapult|Punk Rock|[from] ability: Trace|[of] p2a: vroom vroom
|move|p1a: Dragapult|Draco Meteor|p2a: vroom vroom
|-damage|p2a: vroom vroom|0 fnt
|-unboost|p1a: Dragapult|spa|2
|faint|p2a: vroom vroom
|
|upkeep


|
|switch|p2a: Bubblegum|Clefable, M|100\/100
|turn|8


|
|switch|p1a: Aegislash|Aegislash, F|324\/324
|-damage|p1a: Aegislash|304\/324|[from] Stealth Rock
|detailschange|p2a: Bubblegum|Clefable-Mega, M
|-mega|p2a: Bubblegum|Clefable|Clefabite
|move|p2a: Bubblegum|Will-O-Wisp|p1a: Aegislash|[miss]
|-miss|p2a: Bubblegum|p1a: Aegislash
|
|-heal|p1a: Aegislash|324\/324|[from] item: Leftovers
|upkeep
|turn|9


|c|☆IsoCon|mb


|
|switch|p1a: Toxtricity|Toxtricity, M|255\/291
|-damage|p1a: Toxtricity|219\/291|[from] Stealth Rock
|move|p2a: Bubblegum|Will-O-Wisp|p1a: Toxtricity
|-status|p1a: Toxtricity|brn
|
|-damage|p1a: Toxtricity|201\/291 brn|[from] brn
|upkeep
|turn|10


|
|move|p2a: Bubblegum|Hex|p1a: Toxtricity
|-damage|p1a: Toxtricity|0 fnt
|faint|p1a: Toxtricity
|
|upkeep


|
|switch|p1a: Dragapult|Dragapult-Mega, M|278\/317
|-damage|p1a: Dragapult|239\/317|[from] Stealth Rock
|-ability|p1a: Dragapult|Prankster|[from] ability: Trace|[of] p2a: Bubblegum
|turn|11


|
|move|p1a: Dragapult|Substitute|p1a: Dragapult
|-start|p1a: Dragapult|Substitute
|-damage|p1a: Dragapult|160\/317
|move|p2a: Bubblegum|Moonblast|p1a: Dragapult
|-supereffective|p1a: Dragapult
|-end|p1a: Dragapult|Substitute
|
|upkeep
|turn|12


|
|switch|p1a: Toxapex|Toxapex, F|304\/304
|-damage|p1a: Toxapex|266\/304|[from] Stealth Rock
|move|p2a: Bubblegum|Moonblast|p1a: Toxapex
|-resisted|p1a: Toxapex
|-damage|p1a: Toxapex|212\/304
|-unboost|p1a: Toxapex|spa|1
|
|-heal|p1a: Toxapex|231\/304|[from] item: Black Sludge
|upkeep
|turn|13


|
|move|p2a: Bubblegum|Thunder Wave|p1a: Toxapex
|-status|p1a: Toxapex|par
|move|p1a: Toxapex|Toxic|p2a: Bubblegum
|-status|p2a: Bubblegum|tox
|
|-heal|p1a: Toxapex|250\/304 par|[from] item: Black Sludge
|-damage|p2a: Bubblegum|94\/100 tox|[from] psn
|upkeep
|turn|14


|
|switch|p1a: Clefable|Clefable, F|394\/394
|move|p2a: Bubblegum|Hex|p1a: Clefable
|-damage|p1a: Clefable|276\/394
|
|-heal|p1a: Clefable|300\/394|[from] item: Leftovers
|-damage|p2a: Bubblegum|82\/100 tox|[from] psn
|upkeep
|turn|15


|
|move|p1a: Clefable|Protect|p1a: Clefable
|-singleturn|p1a: Clefable|Protect
|move|p2a: Bubblegum|Thunder Wave|p1a: Clefable
|-activate|p1a: Clefable|move: Protect
|
|-heal|p1a: Clefable|324\/394|[from] item: Leftovers
|-damage|p2a: Bubblegum|64\/100 tox|[from] psn
|upkeep
|turn|16


|
|switch|p2a: Mittens|Incineroar, M|100\/100
|-ability|p2a: Mittens|Intimidate|boost
|-unboost|p1a: Clefable|atk|1
|switch|p1a: Toxapex|Toxapex, F|304\/304 par
|-damage|p1a: Toxapex|266\/304 par|[from] Stealth Rock
|
|-heal|p1a: Toxapex|285\/304 par|[from] item: Black Sludge
|upkeep
|turn|17


|
|-zpower|p2a: Mittens
|move|p2a: Mittens|Z-Parting Shot|p1a: Toxapex|[anim]Parting Shot
|-unboost|p1a: Toxapex|atk|1
|-unboost|p1a: Toxapex|spa|1
|-activate|p2a: Mittens|healreplacement


|
|switch|p2a: Bubblegum|Clefable-Mega, M|64\/100 tox|[from]move: Parting Shot
|-heal|p2a: Bubblegum|100\/100 tox|[from] move: Parting Shot|[zeffect]
|move|p1a: Toxapex|Toxic|p2a: Bubblegum
|-fail|p2a: Bubblegum|tox
|
|-heal|p1a: Toxapex|304\/304 par|[from] item: Black Sludge
|-damage|p2a: Bubblegum|94\/100 tox|[from] psn
|upkeep
|turn|18


|
|move|p2a: Bubblegum|Hex|p1a: Toxapex
|-damage|p1a: Toxapex|151\/304 par
|move|p1a: Toxapex|Recover|p1a: Toxapex
|-heal|p1a: Toxapex|303\/304 par
|
|-heal|p1a: Toxapex|304\/304 par|[from] item: Black Sludge
|-damage|p2a: Bubblegum|82\/100 tox|[from] psn
|upkeep
|turn|19


|
|switch|p1a: Clefable|Clefable, F|324\/394
|move|p2a: Bubblegum|Hex|p1a: Clefable
|-damage|p1a: Clefable|197\/394
|
|-heal|p1a: Clefable|221\/394|[from] item: Leftovers
|-damage|p2a: Bubblegum|64\/100 tox|[from] psn
|upkeep
|turn|20


|
|switch|p2a: Bigassrolypoly|Golisopod, M|93\/100
|move|p1a: Clefable|Protect||[still]
|-fail|p1a: Clefable
|
|-heal|p1a: Clefable|245\/394|[from] item: Leftovers
|upkeep
|turn|21


|
|switch|p1a: Toxapex|Toxapex, F|304\/304 par
|-damage|p1a: Toxapex|266\/304 par|[from] Stealth Rock
|move|p2a: Bigassrolypoly|Liquidation|p1a: Toxapex
|-resisted|p1a: Toxapex
|-damage|p1a: Toxapex|223\/304 par
|
|-heal|p1a: Toxapex|242\/304 par|[from] item: Black Sludge
|upkeep
|turn|22


|
|move|p2a: Bigassrolypoly|Liquidation|p1a: Toxapex
|-resisted|p1a: Toxapex
|-damage|p1a: Toxapex|200\/304 par
|move|p1a: Toxapex|Scald|p2a: Bigassrolypoly
|-resisted|p2a: Bigassrolypoly
|-damage|p2a: Bigassrolypoly|84\/100
|-status|p2a: Bigassrolypoly|brn
|
|-heal|p1a: Toxapex|219\/304 par|[from] item: Black Sludge
|-damage|p2a: Bigassrolypoly|78\/100 brn|[from] brn
|upkeep
|turn|23


|
|switch|p1a: Clefable|Clefable, F|245\/394
|move|p2a: Bigassrolypoly|Leech Life|p1a: Clefable
|-resisted|p1a: Clefable
|-damage|p1a: Clefable|209\/394
|-heal|p2a: Bigassrolypoly|83\/100 brn|[from] drain|[of] p1a: Clefable
|
|-heal|p1a: Clefable|233\/394|[from] item: Leftovers
|-damage|p2a: Bigassrolypoly|76\/100 brn|[from] brn
|upkeep
|turn|24


|
|move|p1a: Clefable|Wish|p1a: Clefable
|move|p2a: Bigassrolypoly|Liquidation|p1a: Clefable
|-damage|p1a: Clefable|161\/394
|
|-heal|p1a: Clefable|185\/394|[from] item: Leftovers
|-damage|p2a: Bigassrolypoly|70\/100 brn|[from] brn
|upkeep
|turn|25


|
|move|p1a: Clefable|Protect|p1a: Clefable
|-singleturn|p1a: Clefable|Protect
|move|p2a: Bigassrolypoly|Liquidation|p1a: Clefable
|-activate|p1a: Clefable|move: Protect
|
|-heal|p1a: Clefable|382\/394|[from] move: Wish|[wisher] Clefable
|-heal|p1a: Clefable|394\/394|[from] item: Leftovers
|-damage|p2a: Bigassrolypoly|64\/100 brn|[from] brn
|upkeep
|turn|26


|
|move|p1a: Clefable|Wish|p1a: Clefable
|move|p2a: Bigassrolypoly|Liquidation|p1a: Clefable
|-damage|p1a: Clefable|328\/394
|
|-heal|p1a: Clefable|352\/394|[from] item: Leftovers
|-damage|p2a: Bigassrolypoly|58\/100 brn|[from] brn
|upkeep
|turn|27


|
|switch|p2a: Sneaky II|Sableye, M|100\/100
|move|p1a: Clefable|Teleport|p1a: Clefable


|
|switch|p1a: Dragapult|Dragapult-Mega, M|160\/317
|-damage|p1a: Dragapult|121\/317|[from] Stealth Rock
|-ability|p1a: Dragapult|Prankster|[from] ability: Trace|[of] p2a: Sneaky II
|
|-heal|p1a: Dragapult|317\/317|[from] move: Wish|[wisher] Clefable
|upkeep
|turn|28


|
|move|p1a: Dragapult|Substitute|p1a: Dragapult
|-start|p1a: Dragapult|Substitute
|-damage|p1a: Dragapult|238\/317
|move|p2a: Sneaky II|Foul Play|p1a: Dragapult
|-supereffective|p1a: Dragapult
|-end|p1a: Dragapult|Substitute
|
|upkeep
|turn|29

No Pokémon, item, move, ability or nature named 'sabeye' was found. Showing the data of 'Sableye' instead.
|raw|<div class="message"><ul class="utilichart"><li class="result"><span class="col numcol">RU<\/span> <span class="col iconcol"><psicon pokemon="sableye"\/><\/span> <span class="col pokemonnamecol" style="white-space:nowrap"><a href="https:\/\/dex.pokemonshowdown.com\/pokemon\/sableye" target="_blank">Sableye<\/a><\/span> <span class="col typecol"><img src="https:\/\/play.pokemonshowdown.com\/sprites\/types\/Dark.png" alt="Dark" height="14" width="32"><img src="https:\/\/play.pokemonshowdown.com\/sprites\/types\/Ghost.png" alt="Ghost" height="14" width="32"><\/span> <span style="float:left;min-height:26px"><span class="col twoabilitycol">Keen Eye<br \/>Stall<\/span><span class="col abilitycol"><em>Prankster<\/em><\/span><\/span><span style="float:left;min-height:26px"><span class="col statcol"><em>HP<\/em><br \/>50<\/span> <span class="col statcol"><em>Atk<\/em><br \/>75<\/span> <span class="col statcol"><em>Def<\/em><br \/>75<\/span> <span class="col statcol"><em>SpA<\/em><br \/>65<\/span> <span class="col statcol"><em>SpD<\/em><br \/>65<\/span> <span class="col statcol"><em>Spe<\/em><br \/>50<\/span> <span class="col bstcol"><em>BST<br \/>380<\/em><\/span> <\/span><\/li><li style="clear:both"><\/li><\/ul><\/div>
|raw|<font size="1"><font color="#686868">Dex#:<\/font> 302&nbsp;|&ThickSpace;<font color="#686868">Gen:<\/font> 3&nbsp;|&ThickSpace;<font color="#686868">Height:<\/font> 0.5 m&nbsp;|&ThickSpace;<font color="#686868">Weight:<\/font> 11 kg <em>(40 BP)<\/em>&nbsp;|&ThickSpace;<font color="#686868">Dex Colour:<\/font> Purple&nbsp;|&ThickSpace;<font color="#686868">Egg Group(s):<\/font> Human-Like&nbsp;|&ThickSpace;<font color="#686868">Does Not Evolve<\/font><\/font>


|
|move|p2a: Sneaky II|Will-O-Wisp|p1a: Dragapult
|-status|p1a: Dragapult|brn
|move|p1a: Dragapult|Draco Meteor|p2a: Sneaky II
|-damage|p2a: Sneaky II|20\/100
|-unboost|p1a: Dragapult|spa|2
|
|-heal|p2a: Sneaky II|26\/100|[from] item: Leftovers
|-damage|p1a: Dragapult|219\/317 brn|[from] brn
|upkeep
|turn|30


|
|move|p1a: Dragapult|Substitute|p1a: Dragapult
|-start|p1a: Dragapult|Substitute
|-damage|p1a: Dragapult|140\/317 brn
|move|p2a: Sneaky II|Recover|p2a: Sneaky II
|-heal|p2a: Sneaky II|76\/100
|
|-heal|p2a: Sneaky II|82\/100|[from] item: Leftovers
|-damage|p1a: Dragapult|121\/317 brn|[from] brn
|upkeep
|turn|31


|
|switch|p1a: Clefable|Clefable, F|352\/394
|move|p2a: Sneaky II|Foul Play|p1a: Clefable
|-resisted|p1a: Clefable
|-damage|p1a: Clefable|325\/394
|
|-heal|p1a: Clefable|349\/394|[from] item: Leftovers
|-heal|p2a: Sneaky II|88\/100|[from] item: Leftovers
|upkeep
|turn|32


|
|move|p2a: Sneaky II|Will-O-Wisp|p1a: Clefable
|-status|p1a: Clefable|brn
|move|p1a: Clefable|Wish|p1a: Clefable
|
|-heal|p1a: Clefable|373\/394 brn|[from] item: Leftovers
|-heal|p2a: Sneaky II|95\/100|[from] item: Leftovers
|upkeep
|turn|33


|
|move|p1a: Clefable|Moonblast|p2a: Sneaky II
|-supereffective|p2a: Sneaky II
|-damage|p2a: Sneaky II|33\/100
|move|p2a: Sneaky II|Foul Play|p1a: Clefable
|-resisted|p1a: Clefable
|-damage|p1a: Clefable|347\/394 brn
|
|-heal|p1a: Clefable|394\/394 brn|[from] move: Wish|[wisher] Clefable
|-heal|p2a: Sneaky II|39\/100|[from] item: Leftovers
|upkeep
|turn|34


|
|switch|p1a: Toxapex|Toxapex, F|304\/304 par
|-damage|p1a: Toxapex|266\/304 par|[from] Stealth Rock
|move|p2a: Sneaky II|Recover|p2a: Sneaky II
|-heal|p2a: Sneaky II|89\/100
|
|-heal|p2a: Sneaky II|95\/100|[from] item: Leftovers
|-heal|p1a: Toxapex|285\/304 par|[from] item: Black Sludge
|upkeep
|turn|35


|
|move|p2a: Sneaky II|Foul Play|p1a: Toxapex
|-damage|p1a: Toxapex|257\/304 par
|move|p1a: Toxapex|Toxic|p2a: Sneaky II
|-status|p2a: Sneaky II|tox
|
|-heal|p2a: Sneaky II|100\/100 tox|[from] item: Leftovers
|-heal|p1a: Toxapex|276\/304 par|[from] item: Black Sludge
|-damage|p2a: Sneaky II|94\/100 tox|[from] psn
|upkeep
|turn|36


|
|switch|p1a: Clefable|Clefable, F|394\/394 brn
|move|p2a: Sneaky II|Encore||[still]
|-fail|p2a: Sneaky II
|
|-heal|p2a: Sneaky II|100\/100 tox|[from] item: Leftovers
|-damage|p2a: Sneaky II|88\/100 tox|[from] psn
|upkeep
|turn|37


|
|switch|p2a: Mittens|Incineroar, M|100\/100
|-ability|p2a: Mittens|Intimidate|boost
|-unboost|p1a: Clefable|atk|1
|move|p1a: Clefable|Moonblast|p2a: Mittens
|-damage|p2a: Mittens|79\/100
|
|upkeep
|turn|38


|
|switch|p1a: Toxapex|Toxapex, F|304\/304 par
|-damage|p1a: Toxapex|266\/304 par|[from] Stealth Rock
|move|p2a: Mittens|Blaze Kick|p1a: Toxapex
|-resisted|p1a: Toxapex
|-damage|p1a: Toxapex|230\/304 par
|
|-heal|p1a: Toxapex|249\/304 par|[from] item: Black Sludge
|upkeep
|turn|39


|
|move|p2a: Mittens|Parting Shot|p1a: Toxapex
|-unboost|p1a: Toxapex|atk|1
|-unboost|p1a: Toxapex|spa|1


|
|switch|p2a: Sneaky II|Sableye, M|88\/100 tox|[from]move: Parting Shot
|cant|p1a: Toxapex|par
|
|-heal|p2a: Sneaky II|94\/100 tox|[from] item: Leftovers
|-heal|p1a: Toxapex|268\/304 par|[from] item: Black Sludge
|-damage|p2a: Sneaky II|88\/100 tox|[from] psn
|upkeep
|turn|40


|
|switch|p1a: Clefable|Clefable, F|394\/394 brn
|move|p2a: Sneaky II|Recover|p2a: Sneaky II
|-heal|p2a: Sneaky II|100\/100 tox
|
|-damage|p2a: Sneaky II|88\/100 tox|[from] psn
|upkeep
|turn|41


|
|move|p2a: Sneaky II|Foul Play|p1a: Clefable
|-resisted|p1a: Clefable
|-damage|p1a: Clefable|367\/394 brn
|move|p1a: Clefable|Teleport|p1a: Clefable


|
|switch|p1a: Toxapex|Toxapex, F|304\/304 par
|-damage|p1a: Toxapex|266\/304 par|[from] Stealth Rock
|
|-heal|p2a: Sneaky II|94\/100 tox|[from] item: Leftovers
|-heal|p1a: Toxapex|285\/304 par|[from] item: Black Sludge
|-damage|p2a: Sneaky II|75\/100 tox|[from] psn
|upkeep
|turn|42


|
|switch|p2a: Bubblegum|Clefable-Mega, M|64\/100 tox
|switch|p1a: Clefable|Clefable, F|367\/394 brn
|
|-heal|p1a: Clefable|391\/394 brn|[from] item: Leftovers
|-damage|p2a: Bubblegum|58\/100 tox|[from] psn
|upkeep
|turn|43


|
|move|p1a: Clefable|Protect|p1a: Clefable
|-singleturn|p1a: Clefable|Protect
|move|p2a: Bubblegum|Hex|p1a: Clefable
|-activate|p1a: Clefable|move: Protect
|
|-heal|p1a: Clefable|394\/394 brn|[from] item: Leftovers
|-damage|p2a: Bubblegum|46\/100 tox|[from] psn
|upkeep
|turn|44


|
|move|p2a: Bubblegum|Hex|p1a: Clefable
|-damage|p1a: Clefable|148\/394 brn
|move|p1a: Clefable|Wish|p1a: Clefable
|
|-heal|p1a: Clefable|172\/394 brn|[from] item: Leftovers
|-damage|p2a: Bubblegum|28\/100 tox|[from] psn
|upkeep
|turn|45


|
|move|p1a: Clefable|Protect|p1a: Clefable
|-singleturn|p1a: Clefable|Protect
|move|p2a: Bubblegum|Hex|p1a: Clefable
|-activate|p1a: Clefable|move: Protect
|
|-heal|p1a: Clefable|369\/394 brn|[from] move: Wish|[wisher] Clefable
|-heal|p1a: Clefable|393\/394 brn|[from] item: Leftovers
|-damage|p2a: Bubblegum|4\/100 tox|[from] psn
|upkeep
|turn|46


|
|move|p2a: Bubblegum|Hex|p1a: Clefable
|-damage|p1a: Clefable|144\/394 brn
|move|p1a: Clefable|Wish|p1a: Clefable
|
|-heal|p1a: Clefable|168\/394 brn|[from] item: Leftovers
|-damage|p2a: Bubblegum|0 fnt|[from] psn
|faint|p2a: Bubblegum
|upkeep


|
|switch|p2a: Mittens|Incineroar, M|79\/100
|-ability|p2a: Mittens|Intimidate|boost
|-unboost|p1a: Clefable|atk|1
|turn|47


|
|move|p1a: Clefable|Protect|p1a: Clefable
|-singleturn|p1a: Clefable|Protect
|move|p2a: Mittens|Blaze Kick|p1a: Clefable
|-activate|p1a: Clefable|move: Protect
|
|-heal|p1a: Clefable|365\/394 brn|[from] move: Wish|[wisher] Clefable
|-heal|p1a: Clefable|389\/394 brn|[from] item: Leftovers
|upkeep
|turn|48


|
|move|p2a: Mittens|Blaze Kick|p1a: Clefable
|-damage|p1a: Clefable|283\/394 brn
|move|p1a: Clefable|Teleport|p1a: Clefable


|
|switch|p1a: Aegislash|Aegislash, F|324\/324
|-damage|p1a: Aegislash|304\/324|[from] Stealth Rock
|
|-heal|p1a: Aegislash|324\/324|[from] item: Leftovers
|upkeep
|turn|49


|
|move|p1a: Aegislash|Toxic|p2a: Mittens
|-status|p2a: Mittens|tox
|move|p2a: Mittens|Will-O-Wisp|p1a: Aegislash
|-status|p1a: Aegislash|brn
|
|-damage|p1a: Aegislash|304\/324 brn|[from] brn
|-damage|p2a: Mittens|73\/100 tox|[from] psn
|upkeep
|turn|50


|
|-formechange|p1a: Aegislash|Aegislash-Blade||[from] ability: Stance Change
|move|p1a: Aegislash|Close Combat|p2a: Mittens
|-supereffective|p2a: Mittens
|-damage|p2a: Mittens|21\/100 tox
|-unboost|p1a: Aegislash|def|1
|-unboost|p1a: Aegislash|spd|1
|move|p2a: Mittens|Darkest Lariat|p1a: Aegislash
|-supereffective|p1a: Aegislash
|-damage|p1a: Aegislash|0 fnt
|faint|p1a: Aegislash
|
|-damage|p2a: Mittens|9\/100 tox|[from] psn
|upkeep


|
|switch|p1a: Clefable|Clefable, F|283\/394 brn
|turn|51


|
|move|p1a: Clefable|Protect|p1a: Clefable
|-singleturn|p1a: Clefable|Protect
|move|p2a: Mittens|Parting Shot|p1a: Clefable
|-activate|p1a: Clefable|move: Protect
|
|-heal|p1a: Clefable|307\/394 brn|[from] item: Leftovers
|-damage|p2a: Mittens|0 fnt|[from] psn
|faint|p2a: Mittens
|upkeep


|
|switch|p2a: Sneaky II|Sableye, M|75\/100 tox
|turn|52


|
|move|p2a: Sneaky II|Encore|p1a: Clefable
|-start|p1a: Clefable|Encore
|move|p1a: Clefable|Protect||[still]
|-fail|p1a: Clefable
|
|-heal|p1a: Clefable|331\/394 brn|[from] item: Leftovers
|-heal|p2a: Sneaky II|82\/100 tox|[from] item: Leftovers
|-damage|p2a: Sneaky II|75\/100 tox|[from] psn
|upkeep
|turn|53


|
|switch|p1a: Toxapex|Toxapex, F|304\/304 par
|-damage|p1a: Toxapex|266\/304 par|[from] Stealth Rock
|move|p2a: Sneaky II|Foul Play|p1a: Toxapex
|-damage|p1a: Toxapex|233\/304 par
|
|-heal|p2a: Sneaky II|82\/100 tox|[from] item: Leftovers
|-heal|p1a: Toxapex|252\/304 par|[from] item: Black Sludge
|-damage|p2a: Sneaky II|69\/100 tox|[from] psn
|upkeep
|turn|54


|
|switch|p1a: Clefable|Clefable, F|331\/394 brn
|move|p2a: Sneaky II|Foul Play|p1a: Clefable
|-resisted|p1a: Clefable
|-damage|p1a: Clefable|304\/394 brn
|
|-heal|p1a: Clefable|328\/394 brn|[from] item: Leftovers
|-heal|p2a: Sneaky II|75\/100 tox|[from] item: Leftovers
|-damage|p2a: Sneaky II|57\/100 tox|[from] psn
|upkeep
|turn|55


|
|switch|p2a: Bigassrolypoly|Golisopod, M|58\/100 brn
|move|p1a: Clefable|Moonblast|p2a: Bigassrolypoly
|-damage|p2a: Bigassrolypoly|22\/100 brn
|-enditem|p2a: Bigassrolypoly|Sitrus Berry|[eat]
|-heal|p2a: Bigassrolypoly|47\/100 brn|[from] item: Sitrus Berry
|-activate|p2a: Bigassrolypoly|ability: Emergency Exit


|
|switch|p2a: Sneaky II|Sableye, M|57\/100 tox
|
|-heal|p1a: Clefable|352\/394 brn|[from] item: Leftovers
|-heal|p2a: Sneaky II|63\/100 tox|[from] item: Leftovers
|-damage|p2a: Sneaky II|57\/100 tox|[from] psn
|upkeep
|turn|56


|
|move|p2a: Sneaky II|Recover|p2a: Sneaky II
|-heal|p2a: Sneaky II|100\/100 tox
|move|p1a: Clefable|Moonblast|p2a: Sneaky II
|-supereffective|p2a: Sneaky II
|-damage|p2a: Sneaky II|29\/100 tox
|-unboost|p2a: Sneaky II|spa|1
|
|-heal|p1a: Clefable|376\/394 brn|[from] item: Leftovers
|-heal|p2a: Sneaky II|35\/100 tox|[from] item: Leftovers
|-damage|p2a: Sneaky II|23\/100 tox|[from] psn
|upkeep
|turn|57


|
|move|p1a: Clefable|Moonblast|p2a: Sneaky II
|-supereffective|p2a: Sneaky II
|-damage|p2a: Sneaky II|0 fnt
|faint|p2a: Sneaky II
|
|-heal|p1a: Clefable|394\/394 brn|[from] item: Leftovers
|upkeep


|
|switch|p2a: Bigassrolypoly|Golisopod, M|47\/100 brn
|turn|58


|
|move|p1a: Clefable|Moonblast|p2a: Bigassrolypoly
|-damage|p2a: Bigassrolypoly|14\/100 brn
|-unboost|p2a: Bigassrolypoly|spa|1
|move|p2a: Bigassrolypoly|Liquidation|p1a: Clefable
|-damage|p1a: Clefable|319\/394 brn
|-unboost|p1a: Clefable|def|1
|
|-heal|p1a: Clefable|343\/394 brn|[from] item: Leftovers
|-damage|p2a: Bigassrolypoly|8\/100 brn|[from] brn
|upkeep
|turn|59


|
|move|p2a: Bigassrolypoly|Aqua Jet|p1a: Clefable
|-damage|p1a: Clefable|297\/394 brn
|move|p1a: Clefable|Moonblast|p2a: Bigassrolypoly
|-damage|p2a: Bigassrolypoly|0 fnt
|faint|p2a: Bigassrolypoly
|
|win|IsoCon


|c|☆IsoCon|gg
</script>
</div>
<div class="battle-log battle-log-inline"><div class="inner"><div class="battle-options"><div style="padding-top: 3px; padding-right: 3px; text-align: right"><button class="icon button" name="openBattleOptions" title="Options">Battle Options</button></div></div><div class="inner message-log"><div class="chat"><small>☆IsoCon and ☆BotwNerd745 joined</small></div><div class=""><small>Format:</small> <br><strong>[Gen 8] Megas for All</strong></div><div class=""><small><em>HP Percentage Mod:</em> HP is shown in percentages</small></div><div class=""><small><em>Endless Battle Clause:</em> Forcing endless battles is banned</small></div><div class=""><small><em>OHKO Clause:</em> OHKO moves are banned</small></div><div class=""><small><em>Evasion Moves Clause:</em> Evasion moves are banned</small></div><div class=""><small><em>Species Clause:</em> Limit one of each Pokémon</small></div><div class=""><small><em>Dynamax Clause:</em> You cannot dynamax</small></div><div class=""><small><em>Sleep Clause Mod:</em> Limit one foe put to sleep</small></div><div class="chat battle-history"><strong>IsoCon's team:</strong> <em style="color:#445566;display:block;">Dragapult / Clefable / Toxtricity / Toxapex / Gliscor / Aegislash</em></div><div class="chat battle-history"><strong>BotwNerd745's team:</strong> <em style="color:#445566;display:block;">Garbodor / Clefable / Golisopod / Incineroar / Toxtricity / Sableye</em></div><div class="spacer battle-history"><br></div><div class="battle-history">Battle started between IsoCon and BotwNerd745!<br></div><div class="spacer battle-history"><br></div><div class="battle-history">Go! <strong>Toxtricity</strong>!<br></div><div class="spacer battle-history"><br></div><div class="battle-history">BotwNerd745 sent out <strong>Garbodor</strong>!<br></div><div class="spacer battle-history"><br></div><h2 class="battle-history">Turn 1</h2><div class="spacer battle-history"><br></div><div class="battle-history">Toxtricity used <strong>Overdrive</strong>!<br></div><div class="battle-history"><small>(The opposing Garbodor lost 92% of its health!)</small><br></div><div class="spacer battle-history"><br></div><div class="battle-history">The opposing Garbodor used <strong>Stealth Rock</strong>!<br></div><div class="battle-history"><small>Pointed stones float in the air around your team!</small><br></div><div class="spacer battle-history"><br></div><h2 class="battle-history">Turn 2</h2><div class="spacer battle-history"><br></div><div class="battle-history">Toxtricity used <strong>Overdrive</strong>!<br></div><div class="battle-history"><small>(The opposing Garbodor lost 8% of its health!)</small><br></div><div class="spacer battle-history"><br></div><div class="battle-history">The opposing Garbodor fainted!<br></div><div class="spacer battle-history"><br></div><div class="battle-history">BotwNerd745 sent out Mittens (<strong>Incineroar</strong>)!<br></div><div class="battle-history">[The opposing Mittens's Intimidate]<br></div><div class="battle-history"><small>Toxtricity's Attack fell!</small><br></div><div class="spacer battle-history"><br></div><h2 class="battle-history">Turn 3</h2><div class="spacer battle-history"><br></div><div class="battle-history">Toxtricity, come back!<br></div><div class="battle-history">Go! <strong>Gliscor</strong>!<br></div><div class="battle-history"><small>Pointed stones dug into Gliscor!</small><br></div><div class="spacer battle-history"><br></div><div class="battle-history">The opposing Mittens used <strong>Parting Shot</strong>!<br></div><div class="battle-history"><small>Gliscor's Attack fell!</small><br></div><div class="battle-history"><small>Gliscor's Sp. Atk fell!</small><br></div><div class="spacer battle-history"><br></div><div class="battle-history">BotwNerd745 withdrew Mittens!<br></div><div class="battle-history">BotwNerd745 sent out Bigassrolypoly (<strong>Golisopod</strong>)!<br></div><div class="spacer battle-history"><br></div><div class="battle-history"><small>Gliscor was badly poisoned!</small><br></div><div class="spacer battle-history"><br></div><h2 class="battle-history">Turn 4</h2><div class="spacer battle-history"><br></div><div class="battle-history">Gliscor used <strong>U-turn</strong>!<br></div><div class="battle-history"><small>(The opposing Bigassrolypoly lost 7% of its health!)</small><br></div><div class="spacer battle-history"><br></div><div class="battle-history">Gliscor went back to IsoCon!<br></div><div class="battle-history">Go! <strong>Toxapex</strong>!<br></div><div class="battle-history"><small>Pointed stones dug into Toxapex!</small><br></div><div class="spacer battle-history"><br></div><div class="battle-history">The opposing Bigassrolypoly used <strong>Liquidation</strong>!<br></div><div class="battle-history"><small>It's not very effective...</small><br></div><div class="battle-history"><small>(Toxapex lost <abbr title="−41/304">13.5%</abbr> of its health!)</small><br></div><div class="battle-history"><small>Toxapex's Defense fell!</small><br></div><div class="spacer battle-history"><br></div><div class="battle-history"><small>Toxapex restored a little HP using its Black Sludge!</small><br></div><div class="spacer battle-history"><br></div><h2 class="battle-history">Turn 5</h2><div class="spacer battle-history"><br></div><div class="battle-history">Toxapex, come back!<br></div><div class="battle-history">Go! <strong>Gliscor</strong>!<br></div><div class="battle-history"><small>Pointed stones dug into Gliscor!</small><br></div><div class="spacer battle-history"><br></div><div class="battle-history">The opposing Bigassrolypoly used <strong>Liquidation</strong>!<br></div><div class="battle-history"><small>It's super effective!</small><br></div><div class="battle-history"><small>A critical hit!</small><br></div><div class="battle-history"><small>(Gliscor lost <abbr title="−266/354">75.1%</abbr> of its health!)</small><br></div><div class="spacer battle-history"><br></div><div class="battle-history">Gliscor fainted!<br></div><div class="spacer battle-history"><br></div><div class="battle-history">Go! <strong>Toxtricity</strong>!<br></div><div class="battle-history"><small>Pointed stones dug into Toxtricity!</small><br></div><div class="spacer battle-history"><br></div><h2 class="battle-history">Turn 6</h2><div class="spacer battle-history"><br></div><div class="battle-history">BotwNerd745 withdrew Bigassrolypoly!<br></div><div class="battle-history">BotwNerd745 sent out vroom vroom (<strong>Toxtricity</strong>)!<br></div><div class="battle-history"><small>The opposing vroom vroom floats in the air with its Air Balloon!</small><br></div><div class="spacer battle-history"><br></div><div class="battle-history">Toxtricity used <strong>Volt Switch</strong>!<br></div><div class="battle-history"><small>It's not very effective...</small><br></div><div class="battle-history"><small>(The opposing vroom vroom lost 36% of its health!)</small><br></div><div class="battle-history"><small>The opposing vroom vroom's Air Balloon popped!</small><br></div><div class="spacer battle-history"><br></div><div class="battle-history">Toxtricity went back to IsoCon!<br></div><div class="battle-history">Go! <strong>Dragapult</strong>!<br></div><div class="battle-history"><small>Pointed stones dug into Dragapult!</small><br></div><div class="spacer battle-history"><br></div><h2 class="battle-history">Turn 7</h2><div class="spacer battle-history"><br></div><div class="battle-history"><small>Dragapult's Dragapultite is reacting to the Key Stone!</small><br>Dragapult has Mega Evolved into Mega Dragapult!<br></div><div class="battle-history">[Dragapult's Trace]<br>[Dragapult's Punk Rock]<br><small>Dragapult traced the opposing vroom vroom's Punk Rock!</small><br></div><div class="spacer battle-history"><br></div><div class="battle-history">Dragapult used <strong>Draco Meteor</strong>!<br></div><div class="battle-history"><small>(The opposing vroom vroom lost 64% of its health!)</small><br></div><div class="battle-history"><small>Dragapult's Sp. Atk fell harshly!</small><br></div><div class="spacer battle-history"><br></div><div class="battle-history">The opposing vroom vroom fainted!<br></div><div class="spacer battle-history"><br></div><div class="battle-history">BotwNerd745 sent out Bubblegum (<strong>Clefable</strong>)!<br></div><div class="spacer battle-history"><br></div><h2 class="battle-history">Turn 8</h2><div class="spacer battle-history"><br></div><div class="battle-history">Dragapult, come back!<br></div><div class="battle-history">Go! <strong>Aegislash</strong>!<br></div><div class="battle-history"><small>Pointed stones dug into Aegislash!</small><br></div><div class="spacer battle-history"><br></div><div class="battle-history"><small>The opposing Bubblegum's Clefabite is reacting to the Key Stone!</small><br>The opposing Bubblegum has Mega Evolved into Mega Clefable!<br></div><div class="spacer battle-history"><br></div><div class="battle-history">The opposing Bubblegum used <strong>Will-O-Wisp</strong>!<br></div><div class="battle-history"><small>Aegislash avoided the attack!</small><br></div><div class="spacer battle-history"><br></div><div class="battle-history"><small>Aegislash restored a little HP using its Leftovers!</small><br></div><div class="spacer battle-history"><br></div><h2 class="battle-history">Turn 9</h2><div class="chat chatmessage-isocon mine"><strong style="color:#616adf"><small>☆</small><span class="username" data-name="IsoCon">IsoCon</span>:</strong> <em>mb</em></div><div class="spacer battle-history"><br></div><div class="battle-history">Aegislash, come back!<br></div><div class="battle-history">Go! <strong>Toxtricity</strong>!<br></div><div class="battle-history"><small>Pointed stones dug into Toxtricity!</small><br></div><div class="spacer battle-history"><br></div><div class="battle-history">The opposing Bubblegum used <strong>Will-O-Wisp</strong>!<br></div><div class="battle-history"><small>Toxtricity was burned!</small><br></div><div class="spacer battle-history"><br></div><div class="battle-history"><small>Toxtricity was hurt by its burn!</small><br></div><div class="spacer battle-history"><br></div><h2 class="battle-history">Turn 10</h2><div class="spacer battle-history"><br></div><div class="battle-history">The opposing Bubblegum used <strong>Hex</strong>!<br></div><div class="battle-history"><small>(Toxtricity lost <abbr title="−201/291">69.1%</abbr> of its health!)</small><br></div><div class="spacer battle-history"><br></div><div class="battle-history">Toxtricity fainted!<br></div><div class="spacer battle-history"><br></div><div class="battle-history">Go! Dragapult (<strong>Dragapult-Mega</strong>)!<br></div><div class="battle-history"><small>Pointed stones dug into Dragapult!</small><br></div><div class="battle-history">[Dragapult's Trace]<br>[Dragapult's Prankster]<br><small>Dragapult traced the opposing Bubblegum's Prankster!</small><br></div><div class="spacer battle-history"><br></div><h2 class="battle-history">Turn 11</h2><div class="spacer battle-history"><br></div><div class="battle-history">Dragapult used <strong>Substitute</strong>!<br></div><div class="battle-history"><small>Dragapult put in a substitute!</small><br></div><div class="battle-history"><small>(Dragapult lost <abbr title="−79/317">24.9%</abbr> of its health!)</small><br></div><div class="spacer battle-history"><br></div><div class="battle-history">The opposing Bubblegum used <strong>Moonblast</strong>!<br></div><div class="battle-history"><small>It's super effective!</small><br></div><div class="battle-history"><small>Dragapult's substitute faded!</small><br></div><div class="spacer battle-history"><br></div><h2 class="battle-history">Turn 12</h2><div class="spacer battle-history"><br></div><div class="battle-history">Dragapult, come back!<br></div><div class="battle-history">Go! <strong>Toxapex</strong>!<br></div><div class="battle-history"><small>Pointed stones dug into Toxapex!</small><br></div><div class="spacer battle-history"><br></div><div class="battle-history">The opposing Bubblegum used <strong>Moonblast</strong>!<br></div><div class="battle-history"><small>It's not very effective...</small><br></div><div class="battle-history"><small>(Toxapex lost <abbr title="−54/304">17.8%</abbr> of its health!)</small><br></div><div class="battle-history"><small>Toxapex's Sp. Atk fell!</small><br></div><div class="spacer battle-history"><br></div><div class="battle-history"><small>Toxapex restored a little HP using its Black Sludge!</small><br></div><div class="spacer battle-history"><br></div><h2 class="battle-history">Turn 13</h2><div class="spacer battle-history"><br></div><div class="battle-history">The opposing Bubblegum used <strong>Thunder Wave</strong>!<br></div><div class="battle-history"><small>Toxapex is paralyzed! It may be unable to move!</small><br></div><div class="spacer battle-history"><br></div><div class="battle-history">Toxapex used <strong>Toxic</strong>!<br></div><div class="battle-history"><small>The opposing Bubblegum was badly poisoned!</small><br></div><div class="spacer battle-history"><br></div><div class="battle-history"><small>Toxapex restored a little HP using its Black Sludge!</small><br></div><div class="battle-history"><small>The opposing Bubblegum was hurt by poison!</small><br></div><div class="spacer battle-history"><br></div><h2 class="battle-history">Turn 14</h2><div class="spacer battle-history"><br></div><div class="battle-history">Toxapex, come back!<br></div><div class="battle-history">Go! <strong>Clefable</strong>!<br></div><div class="spacer battle-history"><br></div><div class="battle-history">The opposing Bubblegum used <strong>Hex</strong>!<br></div><div class="battle-history"><small>(Clefable lost <abbr title="−118/394">29.9%</abbr> of its health!)</small><br></div><div class="spacer battle-history"><br></div><div class="battle-history"><small>Clefable restored a little HP using its Leftovers!</small><br></div><div class="battle-history"><small>The opposing Bubblegum was hurt by poison!</small><br></div><div class="spacer battle-history"><br></div><h2 class="battle-history">Turn 15</h2><div class="spacer battle-history"><br></div><div class="battle-history">Clefable used <strong>Protect</strong>!<br></div><div class="battle-history"><small>Clefable protected itself!</small><br></div><div class="spacer battle-history"><br></div><div class="battle-history">The opposing Bubblegum used <strong>Thunder Wave</strong>!<br></div><div class="battle-history"><small>Clefable protected itself!</small><br></div><div class="spacer battle-history"><br></div><div class="battle-history"><small>Clefable restored a little HP using its Leftovers!</small><br></div><div class="battle-history"><small>The opposing Bubblegum was hurt by poison!</small><br></div><div class="spacer battle-history"><br></div><h2 class="battle-history">Turn 16</h2><div class="spacer battle-history"><br></div><div class="battle-history">BotwNerd745 withdrew Bubblegum!<br></div><div class="battle-history">BotwNerd745 sent out Mittens (<strong>Incineroar</strong>)!<br></div><div class="battle-history">[The opposing Mittens's Intimidate]<br></div><div class="battle-history"><small>Clefable's Attack fell!</small><br></div><div class="spacer battle-history"><br></div><div class="battle-history">Clefable, come back!<br></div><div class="battle-history">Go! <strong>Toxapex</strong>!<br></div><div class="battle-history"><small>Pointed stones dug into Toxapex!</small><br></div><div class="spacer battle-history"><br></div><div class="battle-history"><small>Toxapex restored a little HP using its Black Sludge!</small><br></div><div class="spacer battle-history"><br></div><h2 class="battle-history">Turn 17</h2><div class="spacer battle-history"><br></div><div class="battle-history"><small>The opposing Mittens surrounded itself with its Z-Power!</small><br></div><div class="spacer battle-history"><br></div><div class="battle-history">The opposing Mittens used <strong>Z-Parting Shot</strong>!<br></div><div class="battle-history"><small>Toxapex's Attack fell!</small><br></div><div class="battle-history"><small>Toxapex's Sp. Atk fell!</small><br></div><div class="battle-history"><small>The opposing Mittens will restore its replacement's HP using its Z-Power!</small><br></div><div class="spacer battle-history"><br></div><div class="battle-history">BotwNerd745 withdrew Mittens!<br></div><div class="battle-history">BotwNerd745 sent out Bubblegum (<strong>Clefable-Mega</strong>)!<br></div><div class="battle-history"><small>The opposing Bubblegum's HP was restored by the Z-Power!</small><br></div><div class="spacer battle-history"><br></div><div class="battle-history">Toxapex used <strong>Toxic</strong>!<br></div><div class="battle-history"><small>But it failed!</small><br></div><div class="spacer battle-history"><br></div><div class="battle-history"><small>Toxapex restored a little HP using its Black Sludge!</small><br></div><div class="battle-history"><small>The opposing Bubblegum was hurt by poison!</small><br></div><div class="spacer battle-history"><br></div><h2 class="battle-history">Turn 18</h2><div class="spacer battle-history"><br></div><div class="battle-history">The opposing Bubblegum used <strong>Hex</strong>!<br></div><div class="battle-history"><small>(Toxapex lost <abbr title="−153/304">50.3%</abbr> of its health!)</small><br></div><div class="spacer battle-history"><br></div><div class="battle-history">Toxapex used <strong>Recover</strong>!<br></div><div class="battle-history"><small>Toxapex had its HP restored.</small><br></div><div class="spacer battle-history"><br></div><div class="battle-history"><small>Toxapex restored a little HP using its Black Sludge!</small><br></div><div class="battle-history"><small>The opposing Bubblegum was hurt by poison!</small><br></div><div class="spacer battle-history"><br></div><h2 class="battle-history">Turn 19</h2><div class="spacer battle-history"><br></div><div class="battle-history">Toxapex, come back!<br></div><div class="battle-history">Go! <strong>Clefable</strong>!<br></div><div class="spacer battle-history"><br></div><div class="battle-history">The opposing Bubblegum used <strong>Hex</strong>!<br></div><div class="battle-history"><small>(Clefable lost <abbr title="−127/394">32.2%</abbr> of its health!)</small><br></div><div class="spacer battle-history"><br></div><div class="battle-history"><small>Clefable restored a little HP using its Leftovers!</small><br></div><div class="battle-history"><small>The opposing Bubblegum was hurt by poison!</small><br></div><div class="spacer battle-history"><br></div><h2 class="battle-history">Turn 20</h2><div class="spacer battle-history"><br></div><div class="battle-history">BotwNerd745 withdrew Bubblegum!<br></div><div class="battle-history">BotwNerd745 sent out Bigassrolypoly (<strong>Golisopod</strong>)!<br></div><div class="spacer battle-history"><br></div><div class="battle-history">Clefable used <strong>Protect</strong>!<br></div><div class="battle-history"><small>But it failed!</small><br></div><div class="spacer battle-history"><br></div><div class="battle-history"><small>Clefable restored a little HP using its Leftovers!</small><br></div><div class="spacer battle-history"><br></div><h2 class="battle-history">Turn 21</h2><div class="spacer battle-history"><br></div><div class="battle-history">Clefable, come back!<br></div><div class="battle-history">Go! <strong>Toxapex</strong>!<br></div><div class="battle-history"><small>Pointed stones dug into Toxapex!</small><br></div><div class="spacer battle-history"><br></div><div class="battle-history">The opposing Bigassrolypoly used <strong>Liquidation</strong>!<br></div><div class="battle-history"><small>It's not very effective...</small><br></div><div class="battle-history"><small>(Toxapex lost <abbr title="−43/304">14.1%</abbr> of its health!)</small><br></div><div class="spacer battle-history"><br></div><div class="battle-history"><small>Toxapex restored a little HP using its Black Sludge!</small><br></div><div class="spacer battle-history"><br></div><h2 class="battle-history">Turn 22</h2><div class="spacer battle-history"><br></div><div class="battle-history">The opposing Bigassrolypoly used <strong>Liquidation</strong>!<br></div><div class="battle-history"><small>It's not very effective...</small><br></div><div class="battle-history"><small>(Toxapex lost <abbr title="−42/304">13.8%</abbr> of its health!)</small><br></div><div class="spacer battle-history"><br></div><div class="battle-history">Toxapex used <strong>Scald</strong>!<br></div><div class="battle-history"><small>It's not very effective...</small><br></div><div class="battle-history"><small>(The opposing Bigassrolypoly lost 9% of its health!)</small><br></div><div class="battle-history"><small>The opposing Bigassrolypoly was burned!</small><br></div><div class="spacer battle-history"><br></div><div class="battle-history"><small>Toxapex restored a little HP using its Black Sludge!</small><br></div><div class="battle-history"><small>The opposing Bigassrolypoly was hurt by its burn!</small><br></div><div class="spacer battle-history"><br></div><h2 class="battle-history">Turn 23</h2><div class="spacer battle-history"><br></div><div class="battle-history">Toxapex, come back!<br></div><div class="battle-history">Go! <strong>Clefable</strong>!<br></div><div class="spacer battle-history"><br></div><div class="battle-history">The opposing Bigassrolypoly used <strong>Leech Life</strong>!<br></div><div class="battle-history"><small>It's not very effective...</small><br></div><div class="battle-history"><small>(Clefable lost <abbr title="−36/394">9.1%</abbr> of its health!)</small><br></div><div class="battle-history"><small>Clefable had its energy drained!</small><br></div><div class="spacer battle-history"><br></div><div class="battle-history"><small>Clefable restored a little HP using its Leftovers!</small><br></div><div class="battle-history"><small>The opposing Bigassrolypoly was hurt by its burn!</small><br></div><div class="spacer battle-history"><br></div><h2 class="battle-history">Turn 24</h2><div class="spacer battle-history"><br></div><div class="battle-history">Clefable used <strong>Wish</strong>!<br></div><div class="spacer battle-history"><br></div><div class="battle-history">The opposing Bigassrolypoly used <strong>Liquidation</strong>!<br></div><div class="battle-history"><small>(Clefable lost <abbr title="−72/394">18.3%</abbr> of its health!)</small><br></div><div class="spacer battle-history"><br></div><div class="battle-history"><small>Clefable restored a little HP using its Leftovers!</small><br></div><div class="battle-history"><small>The opposing Bigassrolypoly was hurt by its burn!</small><br></div><div class="spacer battle-history"><br></div><h2 class="battle-history">Turn 25</h2><div class="spacer battle-history"><br></div><div class="battle-history">Clefable used <strong>Protect</strong>!<br></div><div class="battle-history"><small>Clefable protected itself!</small><br></div><div class="spacer battle-history"><br></div><div class="battle-history">The opposing Bigassrolypoly used <strong>Liquidation</strong>!<br></div><div class="battle-history"><small>Clefable protected itself!</small><br></div><div class="spacer battle-history"><br></div><div class="battle-history"><small>Clefable's wish came true!</small><br></div><div class="battle-history"><small>Clefable restored a little HP using its Leftovers!</small><br></div><div class="battle-history"><small>The opposing Bigassrolypoly was hurt by its burn!</small><br></div><div class="spacer battle-history"><br></div><h2 class="battle-history">Turn 26</h2><div class="spacer battle-history"><br></div><div class="battle-history">Clefable used <strong>Wish</strong>!<br></div><div class="spacer battle-history"><br></div><div class="battle-history">The opposing Bigassrolypoly used <strong>Liquidation</strong>!<br></div><div class="battle-history"><small>(Clefable lost <abbr title="−66/394">16.8%</abbr> of its health!)</small><br></div><div class="spacer battle-history"><br></div><div class="battle-history"><small>Clefable restored a little HP using its Leftovers!</small><br></div><div class="battle-history"><small>The opposing Bigassrolypoly was hurt by its burn!</small><br></div><div class="spacer battle-history"><br></div><h2 class="battle-history">Turn 27</h2><div class="spacer battle-history"><br></div><div class="battle-history">BotwNerd745 withdrew Bigassrolypoly!<br></div><div class="battle-history">BotwNerd745 sent out Sneaky II (<strong>Sableye</strong>)!<br></div><div class="spacer battle-history"><br></div><div class="battle-history">Clefable used <strong>Teleport</strong>!<br></div><div class="spacer battle-history"><br></div><div class="battle-history">Clefable, come back!<br></div><div class="battle-history">Go! Dragapult (<strong>Dragapult-Mega</strong>)!<br></div><div class="battle-history"><small>Pointed stones dug into Dragapult!</small><br></div><div class="battle-history">[Dragapult's Trace]<br>[Dragapult's Prankster]<br><small>Dragapult traced the opposing Sneaky II's Prankster!</small><br></div><div class="spacer battle-history"><br></div><div class="battle-history"><small>Clefable's wish came true!</small><br></div><div class="spacer battle-history"><br></div><h2 class="battle-history">Turn 28</h2><div class="spacer battle-history"><br></div><div class="battle-history">Dragapult used <strong>Substitute</strong>!<br></div><div class="battle-history"><small>Dragapult put in a substitute!</small><br></div><div class="battle-history"><small>(Dragapult lost <abbr title="−79/317">24.9%</abbr> of its health!)</small><br></div><div class="spacer battle-history"><br></div><div class="battle-history">The opposing Sneaky II used <strong>Foul Play</strong>!<br></div><div class="battle-history"><small>It's super effective!</small><br></div><div class="battle-history"><small>Dragapult's substitute faded!</small><br></div><div class="spacer battle-history"><br></div><h2 class="battle-history">Turn 29</h2><div class="chat">No Pokémon, item, move, ability or nature named 'sabeye' was found. Showing the data of 'Sableye' instead.</div><div class="chat"><div class="message"><ul class="utilichart"><li class="result"><span class="col numcol">RU</span> <span class="col iconcol"><span class="picon" style="background: transparent url(&quot;https://play.pokemonshowdown.com/sprites/pokemonicons-sheet.png?v2&quot;) no-repeat scroll -80px -750px"></span></span> <span class="col pokemonnamecol" style="white-space: nowrap"><a href="https://dex.pokemonshowdown.com/pokemon/sableye" target="_blank" rel="noopener">Sableye</a></span> <span class="col typecol"><img src="https://play.pokemonshowdown.com/sprites/types/Dark.png" alt="Dark" height="14" width="32"><img src="https://play.pokemonshowdown.com/sprites/types/Ghost.png" alt="Ghost" height="14" width="32"></span> <span style="float: left ; min-height: 26px"><span class="col twoabilitycol">Keen Eye<br>Stall</span><span class="col abilitycol"><em>Prankster</em></span></span><span style="float: left ; min-height: 26px"><span class="col statcol"><em>HP</em><br>50</span> <span class="col statcol"><em>Atk</em><br>75</span> <span class="col statcol"><em>Def</em><br>75</span> <span class="col statcol"><em>SpA</em><br>65</span> <span class="col statcol"><em>SpD</em><br>65</span> <span class="col statcol"><em>Spe</em><br>50</span> <span class="col bstcol"><em>BST<br>380</em></span> </span></li><li style="clear: both"></li></ul></div></div><div class="chat"><font size="1"><font color="#686868">Dex#:</font> 302&nbsp;|  <font color="#686868">Gen:</font> 3&nbsp;|  <font color="#686868">Height:</font> 0.5 m&nbsp;|  <font color="#686868">Weight:</font> 11 kg <em>(40 BP)</em>&nbsp;|  <font color="#686868">Dex Colour:</font> Purple&nbsp;|  <font color="#686868">Egg Group(s):</font> Human-Like&nbsp;|  <font color="#686868">Does Not Evolve</font></font></div><div class="spacer battle-history"><br></div><div class="battle-history">The opposing Sneaky II used <strong>Will-O-Wisp</strong>!<br></div><div class="battle-history"><small>Dragapult was burned!</small><br></div><div class="spacer battle-history"><br></div><div class="battle-history">Dragapult used <strong>Draco Meteor</strong>!<br></div><div class="battle-history"><small>(The opposing Sneaky II lost 80% of its health!)</small><br></div><div class="battle-history"><small>Dragapult's Sp. Atk fell harshly!</small><br></div><div class="spacer battle-history"><br></div><div class="battle-history"><small>The opposing Sneaky II restored a little HP using its Leftovers!</small><br></div><div class="battle-history"><small>Dragapult was hurt by its burn!</small><br></div><div class="spacer battle-history"><br></div><h2 class="battle-history">Turn 30</h2><div class="spacer battle-history"><br></div><div class="battle-history">Dragapult used <strong>Substitute</strong>!<br></div><div class="battle-history"><small>Dragapult put in a substitute!</small><br></div><div class="battle-history"><small>(Dragapult lost <abbr title="−79/317">24.9%</abbr> of its health!)</small><br></div><div class="spacer battle-history"><br></div><div class="battle-history">The opposing Sneaky II used <strong>Recover</strong>!<br></div><div class="battle-history"><small>The opposing Sneaky II had its HP restored.</small><br></div><div class="spacer battle-history"><br></div><div class="battle-history"><small>The opposing Sneaky II restored a little HP using its Leftovers!</small><br></div><div class="battle-history"><small>Dragapult was hurt by its burn!</small><br></div><div class="spacer battle-history"><br></div><h2 class="battle-history">Turn 31</h2><div class="spacer battle-history"><br></div><div class="battle-history">Dragapult, come back!<br></div><div class="battle-history">Go! <strong>Clefable</strong>!<br></div><div class="spacer battle-history"><br></div><div class="battle-history">The opposing Sneaky II used <strong>Foul Play</strong>!<br></div><div class="battle-history"><small>It's not very effective...</small><br></div><div class="battle-history"><small>(Clefable lost <abbr title="−27/394">6.9%</abbr> of its health!)</small><br></div><div class="spacer battle-history"><br></div><div class="battle-history"><small>Clefable restored a little HP using its Leftovers!</small><br></div><div class="battle-history"><small>The opposing Sneaky II restored a little HP using its Leftovers!</small><br></div><div class="spacer battle-history"><br></div><h2 class="battle-history">Turn 32</h2><div class="spacer battle-history"><br></div><div class="battle-history">The opposing Sneaky II used <strong>Will-O-Wisp</strong>!<br></div><div class="battle-history"><small>Clefable was burned!</small><br></div><div class="spacer battle-history"><br></div><div class="battle-history">Clefable used <strong>Wish</strong>!<br></div><div class="spacer battle-history"><br></div><div class="battle-history"><small>Clefable restored a little HP using its Leftovers!</small><br></div><div class="battle-history"><small>The opposing Sneaky II restored a little HP using its Leftovers!</small><br></div><div class="spacer battle-history"><br></div><h2 class="battle-history">Turn 33</h2><div class="spacer battle-history"><br></div><div class="battle-history">Clefable used <strong>Moonblast</strong>!<br></div><div class="battle-history"><small>It's super effective!</small><br></div><div class="battle-history"><small>(The opposing Sneaky II lost 62% of its health!)</small><br></div><div class="spacer battle-history"><br></div><div class="battle-history">The opposing Sneaky II used <strong>Foul Play</strong>!<br></div><div class="battle-history"><small>It's not very effective...</small><br></div><div class="battle-history"><small>(Clefable lost <abbr title="−26/394">6.6%</abbr> of its health!)</small><br></div><div class="spacer battle-history"><br></div><div class="battle-history"><small>Clefable's wish came true!</small><br></div><div class="battle-history"><small>The opposing Sneaky II restored a little HP using its Leftovers!</small><br></div><div class="spacer battle-history"><br></div><h2 class="battle-history">Turn 34</h2><div class="spacer battle-history"><br></div><div class="battle-history">Clefable, come back!<br></div><div class="battle-history">Go! <strong>Toxapex</strong>!<br></div><div class="battle-history"><small>Pointed stones dug into Toxapex!</small><br></div><div class="spacer battle-history"><br></div><div class="battle-history">The opposing Sneaky II used <strong>Recover</strong>!<br></div><div class="battle-history"><small>The opposing Sneaky II had its HP restored.</small><br></div><div class="spacer battle-history"><br></div><div class="battle-history"><small>The opposing Sneaky II restored a little HP using its Leftovers!</small><br></div><div class="battle-history"><small>Toxapex restored a little HP using its Black Sludge!</small><br></div><div class="spacer battle-history"><br></div><h2 class="battle-history">Turn 35</h2><div class="spacer battle-history"><br></div><div class="battle-history">The opposing Sneaky II used <strong>Foul Play</strong>!<br></div><div class="battle-history"><small>(Toxapex lost <abbr title="−28/304">9.2%</abbr> of its health!)</small><br></div><div class="spacer battle-history"><br></div><div class="battle-history">Toxapex used <strong>Toxic</strong>!<br></div><div class="battle-history"><small>The opposing Sneaky II was badly poisoned!</small><br></div><div class="spacer battle-history"><br></div><div class="battle-history"><small>The opposing Sneaky II restored a little HP using its Leftovers!</small><br></div><div class="battle-history"><small>Toxapex restored a little HP using its Black Sludge!</small><br></div><div class="battle-history"><small>The opposing Sneaky II was hurt by poison!</small><br></div><div class="spacer battle-history"><br></div><h2 class="battle-history">Turn 36</h2><div class="spacer battle-history"><br></div><div class="battle-history">Toxapex, come back!<br></div><div class="battle-history">Go! <strong>Clefable</strong>!<br></div><div class="spacer battle-history"><br></div><div class="battle-history">The opposing Sneaky II used <strong>Encore</strong>!<br></div><div class="battle-history"><small>But it failed!</small><br></div><div class="spacer battle-history"><br></div><div class="battle-history"><small>The opposing Sneaky II restored a little HP using its Leftovers!</small><br></div><div class="battle-history"><small>The opposing Sneaky II was hurt by poison!</small><br></div><div class="spacer battle-history"><br></div><h2 class="battle-history">Turn 37</h2><div class="spacer battle-history"><br></div><div class="battle-history">BotwNerd745 withdrew Sneaky II!<br></div><div class="battle-history">BotwNerd745 sent out Mittens (<strong>Incineroar</strong>)!<br></div><div class="battle-history">[The opposing Mittens's Intimidate]<br></div><div class="battle-history"><small>Clefable's Attack fell!</small><br></div><div class="spacer battle-history"><br></div><div class="battle-history">Clefable used <strong>Moonblast</strong>!<br></div><div class="battle-history"><small>(The opposing Mittens lost 21% of its health!)</small><br></div><div class="spacer battle-history"><br></div><h2 class="battle-history">Turn 38</h2><div class="spacer battle-history"><br></div><div class="battle-history">Clefable, come back!<br></div><div class="battle-history">Go! <strong>Toxapex</strong>!<br></div><div class="battle-history"><small>Pointed stones dug into Toxapex!</small><br></div><div class="spacer battle-history"><br></div><div class="battle-history">The opposing Mittens used <strong>Blaze Kick</strong>!<br></div><div class="battle-history"><small>It's not very effective...</small><br></div><div class="battle-history"><small>(Toxapex lost <abbr title="−36/304">11.8%</abbr> of its health!)</small><br></div><div class="spacer battle-history"><br></div><div class="battle-history"><small>Toxapex restored a little HP using its Black Sludge!</small><br></div><div class="spacer battle-history"><br></div><h2 class="battle-history">Turn 39</h2><div class="spacer battle-history"><br></div><div class="battle-history">The opposing Mittens used <strong>Parting Shot</strong>!<br></div><div class="battle-history"><small>Toxapex's Attack fell!</small><br></div><div class="battle-history"><small>Toxapex's Sp. Atk fell!</small><br></div><div class="spacer battle-history"><br></div><div class="battle-history">BotwNerd745 withdrew Mittens!<br></div><div class="battle-history">BotwNerd745 sent out Sneaky II (<strong>Sableye</strong>)!<br></div><div class="spacer battle-history"><br></div><div class="battle-history">Toxapex is paralyzed! It can't move!<br></div><div class="spacer battle-history"><br></div><div class="battle-history"><small>The opposing Sneaky II restored a little HP using its Leftovers!</small><br></div><div class="battle-history"><small>Toxapex restored a little HP using its Black Sludge!</small><br></div><div class="battle-history"><small>The opposing Sneaky II was hurt by poison!</small><br></div><div class="spacer battle-history"><br></div><h2 class="battle-history">Turn 40</h2><div class="spacer battle-history"><br></div><div class="battle-history">Toxapex, come back!<br></div><div class="battle-history">Go! <strong>Clefable</strong>!<br></div><div class="spacer battle-history"><br></div><div class="battle-history">The opposing Sneaky II used <strong>Recover</strong>!<br></div><div class="battle-history"><small>The opposing Sneaky II had its HP restored.</small><br></div><div class="spacer battle-history"><br></div><div class="battle-history"><small>The opposing Sneaky II was hurt by poison!</small><br></div><div class="spacer battle-history"><br></div><h2 class="battle-history">Turn 41</h2><div class="spacer battle-history"><br></div><div class="battle-history">The opposing Sneaky II used <strong>Foul Play</strong>!<br></div><div class="battle-history"><small>It's not very effective...</small><br></div><div class="battle-history"><small>(Clefable lost <abbr title="−27/394">6.9%</abbr> of its health!)</small><br></div><div class="spacer battle-history"><br></div><div class="battle-history">Clefable used <strong>Teleport</strong>!<br></div><div class="spacer battle-history"><br></div><div class="battle-history">Clefable, come back!<br></div><div class="battle-history">Go! <strong>Toxapex</strong>!<br></div><div class="battle-history"><small>Pointed stones dug into Toxapex!</small><br></div><div class="spacer battle-history"><br></div><div class="battle-history"><small>The opposing Sneaky II restored a little HP using its Leftovers!</small><br></div><div class="battle-history"><small>Toxapex restored a little HP using its Black Sludge!</small><br></div><div class="battle-history"><small>The opposing Sneaky II was hurt by poison!</small><br></div><div class="spacer battle-history"><br></div><h2 class="battle-history">Turn 42</h2><div class="spacer battle-history"><br></div><div class="battle-history">BotwNerd745 withdrew Sneaky II!<br></div><div class="battle-history">BotwNerd745 sent out Bubblegum (<strong>Clefable-Mega</strong>)!<br></div><div class="spacer battle-history"><br></div><div class="battle-history">Toxapex, come back!<br></div><div class="battle-history">Go! <strong>Clefable</strong>!<br></div><div class="spacer battle-history"><br></div><div class="battle-history"><small>Clefable restored a little HP using its Leftovers!</small><br></div><div class="battle-history"><small>The opposing Bubblegum was hurt by poison!</small><br></div><div class="spacer battle-history"><br></div><h2 class="battle-history">Turn 43</h2><div class="spacer battle-history"><br></div><div class="battle-history">Clefable used <strong>Protect</strong>!<br></div><div class="battle-history"><small>Clefable protected itself!</small><br></div><div class="spacer battle-history"><br></div><div class="battle-history">The opposing Bubblegum used <strong>Hex</strong>!<br></div><div class="battle-history"><small>Clefable protected itself!</small><br></div><div class="spacer battle-history"><br></div><div class="battle-history"><small>Clefable restored a little HP using its Leftovers!</small><br></div><div class="battle-history"><small>The opposing Bubblegum was hurt by poison!</small><br></div><div class="spacer battle-history"><br></div><h2 class="battle-history">Turn 44</h2><div class="spacer battle-history"><br></div><div class="battle-history">The opposing Bubblegum used <strong>Hex</strong>!<br></div><div class="battle-history"><small>(Clefable lost <abbr title="−246/394">62.4%</abbr> of its health!)</small><br></div><div class="spacer battle-history"><br></div><div class="battle-history">Clefable used <strong>Wish</strong>!<br></div><div class="spacer battle-history"><br></div><div class="battle-history"><small>Clefable restored a little HP using its Leftovers!</small><br></div><div class="battle-history"><small>The opposing Bubblegum was hurt by poison!</small><br></div><div class="spacer battle-history"><br></div><h2 class="battle-history">Turn 45</h2><div class="spacer battle-history"><br></div><div class="battle-history">Clefable used <strong>Protect</strong>!<br></div><div class="battle-history"><small>Clefable protected itself!</small><br></div><div class="spacer battle-history"><br></div><div class="battle-history">The opposing Bubblegum used <strong>Hex</strong>!<br></div><div class="battle-history"><small>Clefable protected itself!</small><br></div><div class="spacer battle-history"><br></div><div class="battle-history"><small>Clefable's wish came true!</small><br></div><div class="battle-history"><small>Clefable restored a little HP using its Leftovers!</small><br></div><div class="battle-history"><small>The opposing Bubblegum was hurt by poison!</small><br></div><div class="spacer battle-history"><br></div><h2 class="battle-history">Turn 46</h2><div class="spacer battle-history"><br></div><div class="battle-history">The opposing Bubblegum used <strong>Hex</strong>!<br></div><div class="battle-history"><small>(Clefable lost <abbr title="−249/394">63.2%</abbr> of its health!)</small><br></div><div class="spacer battle-history"><br></div><div class="battle-history">Clefable used <strong>Wish</strong>!<br></div><div class="spacer battle-history"><br></div><div class="battle-history"><small>Clefable restored a little HP using its Leftovers!</small><br></div><div class="battle-history"><small>The opposing Bubblegum was hurt by poison!</small><br></div><div class="spacer battle-history"><br></div><div class="battle-history">The opposing Bubblegum fainted!<br></div><div class="spacer battle-history"><br></div><div class="battle-history">BotwNerd745 sent out Mittens (<strong>Incineroar</strong>)!<br></div><div class="battle-history">[The opposing Mittens's Intimidate]<br></div><div class="battle-history"><small>Clefable's Attack fell!</small><br></div><div class="spacer battle-history"><br></div><h2 class="battle-history">Turn 47</h2><div class="spacer battle-history"><br></div><div class="battle-history">Clefable used <strong>Protect</strong>!<br></div><div class="battle-history"><small>Clefable protected itself!</small><br></div><div class="spacer battle-history"><br></div><div class="battle-history">The opposing Mittens used <strong>Blaze Kick</strong>!<br></div><div class="battle-history"><small>Clefable protected itself!</small><br></div><div class="spacer battle-history"><br></div><div class="battle-history"><small>Clefable's wish came true!</small><br></div><div class="battle-history"><small>Clefable restored a little HP using its Leftovers!</small><br></div><div class="spacer battle-history"><br></div><h2 class="battle-history">Turn 48</h2><div class="spacer battle-history"><br></div><div class="battle-history">The opposing Mittens used <strong>Blaze Kick</strong>!<br></div><div class="battle-history"><small>(Clefable lost <abbr title="−106/394">26.9%</abbr> of its health!)</small><br></div><div class="spacer battle-history"><br></div><div class="battle-history">Clefable used <strong>Teleport</strong>!<br></div><div class="spacer battle-history"><br></div><div class="battle-history">Clefable, come back!<br></div><div class="battle-history">Go! <strong>Aegislash</strong>!<br></div><div class="battle-history"><small>Pointed stones dug into Aegislash!</small><br></div><div class="spacer battle-history"><br></div><div class="battle-history"><small>Aegislash restored a little HP using its Leftovers!</small><br></div><div class="spacer battle-history"><br></div><h2 class="battle-history">Turn 49</h2><div class="spacer battle-history"><br></div><div class="battle-history">Aegislash used <strong>Toxic</strong>!<br></div><div class="battle-history"><small>The opposing Mittens was badly poisoned!</small><br></div><div class="spacer battle-history"><br></div><div class="battle-history">The opposing Mittens used <strong>Will-O-Wisp</strong>!<br></div><div class="battle-history"><small>Aegislash was burned!</small><br></div><div class="spacer battle-history"><br></div><div class="battle-history"><small>Aegislash was hurt by its burn!</small><br></div><div class="battle-history"><small>The opposing Mittens was hurt by poison!</small><br></div><div class="spacer battle-history"><br></div><h2 class="battle-history">Turn 50</h2><div class="spacer battle-history"><br></div><div class="battle-history">[Aegislash's Stance Change]<br>Changed to Blade Forme!<br></div><div class="spacer battle-history"><br></div><div class="battle-history">Aegislash used <strong>Close Combat</strong>!<br></div><div class="battle-history"><small>It's super effective!</small><br></div><div class="battle-history"><small>(The opposing Mittens lost 52% of its health!)</small><br></div><div class="battle-history"><small>Aegislash's Defense fell!</small><br></div><div class="battle-history"><small>Aegislash's Sp. Def fell!</small><br></div><div class="spacer battle-history"><br></div><div class="battle-history">The opposing Mittens used <strong>Darkest Lariat</strong>!<br></div><div class="battle-history"><small>It's super effective!</small><br></div><div class="battle-history"><small>(Aegislash lost <abbr title="−304/324">93.8%</abbr> of its health!)</small><br></div><div class="spacer battle-history"><br></div><div class="battle-history">Aegislash fainted!<br></div><div class="spacer battle-history"><br></div><div class="battle-history"><small>The opposing Mittens was hurt by poison!</small><br></div><div class="spacer battle-history"><br></div><div class="battle-history">Go! <strong>Clefable</strong>!<br></div><div class="spacer battle-history"><br></div><h2 class="battle-history">Turn 51</h2><div class="spacer battle-history"><br></div><div class="battle-history">Clefable used <strong>Protect</strong>!<br></div><div class="battle-history"><small>Clefable protected itself!</small><br></div><div class="spacer battle-history"><br></div><div class="battle-history">The opposing Mittens used <strong>Parting Shot</strong>!<br></div><div class="battle-history"><small>Clefable protected itself!</small><br></div><div class="spacer battle-history"><br></div><div class="battle-history"><small>Clefable restored a little HP using its Leftovers!</small><br></div><div class="battle-history"><small>The opposing Mittens was hurt by poison!</small><br></div><div class="spacer battle-history"><br></div><div class="battle-history">The opposing Mittens fainted!<br></div><div class="spacer battle-history"><br></div><div class="battle-history">BotwNerd745 sent out Sneaky II (<strong>Sableye</strong>)!<br></div><div class="spacer battle-history"><br></div><h2 class="battle-history">Turn 52</h2><div class="spacer battle-history"><br></div><div class="battle-history">The opposing Sneaky II used <strong>Encore</strong>!<br></div><div class="battle-history"><small>Clefable must do an encore!</small><br></div><div class="spacer battle-history"><br></div><div class="battle-history">Clefable used <strong>Protect</strong>!<br></div><div class="battle-history"><small>But it failed!</small><br></div><div class="spacer battle-history"><br></div><div class="battle-history"><small>Clefable restored a little HP using its Leftovers!</small><br></div><div class="battle-history"><small>The opposing Sneaky II restored a little HP using its Leftovers!</small><br></div><div class="battle-history"><small>The opposing Sneaky II was hurt by poison!</small><br></div><div class="spacer battle-history"><br></div><h2 class="battle-history">Turn 53</h2><div class="spacer battle-history"><br></div><div class="battle-history">Clefable, come back!<br></div><div class="battle-history">Go! <strong>Toxapex</strong>!<br></div><div class="battle-history"><small>Pointed stones dug into Toxapex!</small><br></div><div class="spacer battle-history"><br></div><div class="battle-history">The opposing Sneaky II used <strong>Foul Play</strong>!<br></div><div class="battle-history"><small>(Toxapex lost <abbr title="−33/304">10.9%</abbr> of its health!)</small><br></div><div class="spacer battle-history"><br></div><div class="battle-history"><small>The opposing Sneaky II restored a little HP using its Leftovers!</small><br></div><div class="battle-history"><small>Toxapex restored a little HP using its Black Sludge!</small><br></div><div class="battle-history"><small>The opposing Sneaky II was hurt by poison!</small><br></div><div class="spacer battle-history"><br></div><h2 class="battle-history">Turn 54</h2><div class="spacer battle-history"><br></div><div class="battle-history">Toxapex, come back!<br></div><div class="battle-history">Go! <strong>Clefable</strong>!<br></div><div class="spacer battle-history"><br></div><div class="battle-history">The opposing Sneaky II used <strong>Foul Play</strong>!<br></div><div class="battle-history"><small>It's not very effective...</small><br></div><div class="battle-history"><small>(Clefable lost <abbr title="−27/394">6.9%</abbr> of its health!)</small><br></div><div class="spacer battle-history"><br></div><div class="battle-history"><small>Clefable restored a little HP using its Leftovers!</small><br></div><div class="battle-history"><small>The opposing Sneaky II restored a little HP using its Leftovers!</small><br></div><div class="battle-history"><small>The opposing Sneaky II was hurt by poison!</small><br></div><div class="spacer battle-history"><br></div><h2 class="battle-history">Turn 55</h2><div class="spacer battle-history"><br></div><div class="battle-history">BotwNerd745 withdrew Sneaky II!<br></div><div class="battle-history">BotwNerd745 sent out Bigassrolypoly (<strong>Golisopod</strong>)!<br></div><div class="spacer battle-history"><br></div><div class="battle-history">Clefable used <strong>Moonblast</strong>!<br></div><div class="battle-history"><small>(The opposing Bigassrolypoly lost 36% of its health!)</small><br></div><div class="battle-history"><small>(The opposing Bigassrolypoly ate its Sitrus Berry!)</small><br></div><div class="battle-history"><small>The opposing Bigassrolypoly restored HP using its Sitrus Berry!</small><br></div><div class="battle-history">[The opposing Bigassrolypoly's Emergency Exit]<br></div><div class="spacer battle-history"><br></div><div class="battle-history">BotwNerd745 withdrew Bigassrolypoly!<br></div><div class="battle-history">BotwNerd745 sent out Sneaky II (<strong>Sableye</strong>)!<br></div><div class="spacer battle-history"><br></div><div class="battle-history"><small>Clefable restored a little HP using its Leftovers!</small><br></div><div class="battle-history"><small>The opposing Sneaky II restored a little HP using its Leftovers!</small><br></div><div class="battle-history"><small>The opposing Sneaky II was hurt by poison!</small><br></div><div class="spacer battle-history"><br></div><h2 class="battle-history">Turn 56</h2><div class="spacer battle-history"><br></div><div class="battle-history">The opposing Sneaky II used <strong>Recover</strong>!<br></div><div class="battle-history"><small>The opposing Sneaky II had its HP restored.</small><br></div><div class="spacer battle-history"><br></div><div class="battle-history">Clefable used <strong>Moonblast</strong>!<br></div><div class="battle-history"><small>It's super effective!</small><br></div><div class="battle-history"><small>(The opposing Sneaky II lost 71% of its health!)</small><br></div><div class="battle-history"><small>The opposing Sneaky II's Sp. Atk fell!</small><br></div><div class="spacer battle-history"><br></div><div class="battle-history"><small>Clefable restored a little HP using its Leftovers!</small><br></div><div class="battle-history"><small>The opposing Sneaky II restored a little HP using its Leftovers!</small><br></div><div class="battle-history"><small>The opposing Sneaky II was hurt by poison!</small><br></div><div class="spacer battle-history"><br></div><h2 class="battle-history">Turn 57</h2><div class="spacer battle-history"><br></div><div class="battle-history">Clefable used <strong>Moonblast</strong>!<br></div><div class="battle-history"><small>It's super effective!</small><br></div><div class="battle-history"><small>(The opposing Sneaky II lost 23% of its health!)</small><br></div><div class="spacer battle-history"><br></div><div class="battle-history">The opposing Sneaky II fainted!<br></div><div class="spacer battle-history"><br></div><div class="battle-history"><small>Clefable restored a little HP using its Leftovers!</small><br></div><div class="spacer battle-history"><br></div><div class="battle-history">BotwNerd745 sent out Bigassrolypoly (<strong>Golisopod</strong>)!<br></div><div class="spacer battle-history"><br></div><h2 class="battle-history">Turn 58</h2><div class="spacer battle-history"><br></div><div class="battle-history">Clefable used <strong>Moonblast</strong>!<br></div><div class="battle-history"><small>(The opposing Bigassrolypoly lost 33% of its health!)</small><br></div><div class="battle-history"><small>The opposing Bigassrolypoly's Sp. Atk fell!</small><br></div><div class="spacer battle-history"><br></div><div class="battle-history">The opposing Bigassrolypoly used <strong>Liquidation</strong>!<br></div><div class="battle-history"><small>(Clefable lost <abbr title="−75/394">19.0%</abbr> of its health!)</small><br></div><div class="battle-history"><small>Clefable's Defense fell!</small><br></div><div class="spacer battle-history"><br></div><div class="battle-history"><small>Clefable restored a little HP using its Leftovers!</small><br></div><div class="battle-history"><small>The opposing Bigassrolypoly was hurt by its burn!</small><br></div><div class="spacer battle-history"><br></div><h2 class="battle-history">Turn 59</h2><div class="spacer battle-history"><br></div><div class="battle-history">The opposing Bigassrolypoly used <strong>Aqua Jet</strong>!<br></div><div class="battle-history"><small>(Clefable lost <abbr title="−46/394">11.7%</abbr> of its health!)</small><br></div><div class="spacer battle-history"><br></div><div class="battle-history">Clefable used <strong>Moonblast</strong>!<br></div><div class="battle-history"><small>(The opposing Bigassrolypoly lost 8% of its health!)</small><br></div><div class="spacer battle-history"><br></div><div class="battle-history">The opposing Bigassrolypoly fainted!<br></div><div class="spacer battle-history"><br></div><div class="battle-history"><strong>IsoCon</strong> won the battle!<br></div><div class="chat chatmessage-isocon mine"><strong style="color:#616adf"><small>☆</small><span class="username" data-name="IsoCon">IsoCon</span>:</strong> <em>gg</em></div></div><div class="inner-preempt message-log"></div></div></div>
</div>
<script>
let daily = Math.floor(Date.now()/1000/60/60/24);document.write('<script src="https://play.pokemonshowdown.com/js/replay-embed.js?version'+daily+'"></'+'script>');
</script>
