<!DOCTYPE html>
<meta charset="utf-8" />
<!-- version 1 -->
<title>[Gen 8] Megas for All replay: spx1 vs. Magmajudis</title>
<style>
html,body {font-family:Verdana, sans-serif;font-size:10pt;margin:0;padding:0;}body{padding:12px 0;} .battle-log {font-family:Verdana, sans-serif;font-size:10pt;} .battle-log-inline {border:1px solid #AAAAAA;background:#EEF2F5;color:black;max-width:640px;margin:0 auto 80px;padding-bottom:5px;} .battle-log .inner {padding:4px 8px 0px 8px;} .battle-log .inner-preempt {padding:0 8px 4px 8px;} .battle-log .inner-after {margin-top:0.5em;} .battle-log h2 {margin:0.5em -8px;padding:4px 8px;border:1px solid #AAAAAA;background:#E0E7EA;border-left:0;border-right:0;font-family:Verdana, sans-serif;font-size:13pt;} .battle-log .chat {vertical-align:middle;padding:3px 0 3px 0;font-size:8pt;} .battle-log .chat strong {color:#40576A;} .battle-log .chat em {padding:1px 4px 1px 3px;color:#000000;font-style:normal;} .chat.mine {background:rgba(0,0,0,0.05);margin-left:-8px;margin-right:-8px;padding-left:8px;padding-right:8px;} .spoiler {color:#BBBBBB;background:#BBBBBB;padding:0px 3px;} .spoiler:hover, .spoiler:active, .spoiler-shown {color:#000000;background:#E2E2E2;padding:0px 3px;} .spoiler a {color:#BBBBBB;} .spoiler:hover a, .spoiler:active a, .spoiler-shown a {color:#2288CC;} .chat code, .chat .spoiler:hover code, .chat .spoiler:active code, .chat .spoiler-shown code {border:1px solid #C0C0C0;background:#EEEEEE;color:black;padding:0 2px;} .chat .spoiler code {border:1px solid #CCCCCC;background:#CCCCCC;color:#CCCCCC;} .battle-log .rated {padding:3px 4px;} .battle-log .rated strong {color:white;background:#89A;padding:1px 4px;border-radius:4px;} .spacer {margin-top:0.5em;} .message-announce {background:#6688AA;color:white;padding:1px 4px 2px;} .message-announce a, .broadcast-green a, .broadcast-blue a, .broadcast-red a {color:#DDEEFF;} .broadcast-green {background-color:#559955;color:white;padding:2px 4px;} .broadcast-blue {background-color:#6688AA;color:white;padding:2px 4px;} .infobox {border:1px solid #6688AA;padding:2px 4px;} .infobox-limited {max-height:200px;overflow:auto;overflow-x:hidden;} .broadcast-red {background-color:#AA5544;color:white;padding:2px 4px;} .message-learn-canlearn {font-weight:bold;color:#228822;text-decoration:underline;} .message-learn-cannotlearn {font-weight:bold;color:#CC2222;text-decoration:underline;} .message-effect-weak {font-weight:bold;color:#CC2222;} .message-effect-resist {font-weight:bold;color:#6688AA;} .message-effect-immune {font-weight:bold;color:#666666;} .message-learn-list {margin-top:0;margin-bottom:0;} .message-throttle-notice, .message-error {color:#992222;} .message-overflow, .chat small.message-overflow {font-size:0pt;} .message-overflow::before {font-size:9pt;content:'...';} .subtle {color:#3A4A66;}
</style>
<div class="wrapper replay-wrapper" style="max-width:1180px;margin:0 auto">
<input type="hidden" name="replayid" value="dragonheaven-gen8megasforall-296-hil6pl4y2ljz11ygz213alb7vnpi2plpw" />
<div class="battle"></div><div class="battle-log"></div><div class="replay-controls"></div><div class="replay-controls-2"></div>
<h1 style="font-weight:normal;text-align:center"><strong>[Gen 8] Megas for All</strong><br /><a href="http://pokemonshowdown.com/users/spx1" class="subtle" target="_blank">spx1</a> vs. <a href="http://pokemonshowdown.com/users/magmajudis" class="subtle" target="_blank">Magmajudis</a></h1>
<script type="text/plain" class="battle-log-data">|j|☆spx1

|j|☆Magmajudis
|t:|1622304792
|player|p1|spx1|acetrainer-gen1rb|
|player|p2|Magmajudis|harlequin|
|teamsize|p1|6
|teamsize|p2|6
|gametype|singles
|gen|8
|tier|[Gen 8] Megas for All
|clearpoke
|poke|p1|Clefable, M|
|poke|p1|Skarmory, F|
|poke|p1|Empoleon, M|
|poke|p1|Latias, F|
|poke|p1|Toxapex, F|
|poke|p1|Tangrowth, F|
|poke|p2|Meowstic-F, F|
|poke|p2|Pangoro, F|
|poke|p2|Zapdos|
|poke|p2|Tapu Fini|
|poke|p2|Landorus-Therian, M|
|poke|p2|Victini|
|rule|HP Percentage Mod: HP is shown in percentages
|rule|Endless Battle Clause: Forcing endless battles is banned
|rule|OHKO Clause: OHKO moves are banned
|rule|Evasion Moves Clause: Evasion moves are banned
|rule|Species Clause: Limit one of each Pokémon
|rule|Dynamax Clause: You cannot dynamax
|rule|Sleep Clause Mod: Limit one foe put to sleep
|rule|Freeze Clause Mod: Limit one foe frozen
|raw|<img src="https:\/\/www.smogon.com\/forums\/attachments\/banner_2-png.302358\/" height="65" width="381">
|-message|Welcome to Megas for All!
|-message|This is a National Dex-based format where we aim to give a new Mega Evolution to every Pokémon.
|-message|Just like any official format, you can still only Mega Evolve one Pokémon per team!
|-message|You can find our thread and metagame resources here:
|-message|https:\/\/www.smogon.com\/forums\/threads\/3671140\/
|teampreview
|c|☆Magmajudis|glhf
|c|☆spx1|u2
|
|t:|1622304837
|start
|switch|p1a: Skarmory|Skarmory, F|334\/334
|switch|p2a: Pangoro|Pangoro, F|100\/100
|turn|1
|
|t:|1622304844
|move|p2a: Pangoro|Parting Shot|p1a: Skarmory
|-unboost|p1a: Skarmory|atk|1
|-unboost|p1a: Skarmory|spa|1
|
|t:|1622304849
|switch|p2a: Meowstic|Meowstic-F, F|100\/100|[from]move: Parting Shot
|move|p1a: Skarmory|Roost||[still]
|-fail|p1a: Skarmory|heal
|
|upkeep
|turn|2
|
|t:|1622304852
|switch|p1a: Empoleon|Empoleon, M|371\/371
|detailschange|p2a: Meowstic|Meowstic-F-Mega, F
|-mega|p2a: Meowstic|Meowstic|Meowsticite
|-ability|p2a: Meowstic|Fairy Aura
|-start|p2a: Meowstic|typechange|Psychic\/Fairy|[silent]
|raw|<ul class="utilichart"><li class="result"><span class="col pokemonnamecol" style="white-space: nowrap">Meowstic-F-Mega<\/span> <span class="col typecol"><img src="https:\/\/play.pokemonshowdown.com\/sprites\/types\/Psychic.png" alt="Psychic" height="14" width="32"><img src="https:\/\/play.pokemonshowdown.com\/sprites\/types\/Fairy.png" alt="Fairy" height="14" width="32"><\/span> <span style="float: left ; min-height: 26px"><span class="col abilitycol">Fairy Aura<\/span><span class="col abilitycol"><\/span><\/span><span style="float: left ; min-height: 26px"><span class="col statcol"><em>HP<\/em><br>74<\/span> <span class="col statcol"><em>Atk<\/em><br>48<\/span> <span class="col statcol"><em>Def<\/em><br>91<\/span> <span class="col statcol"><em>SpA<\/em><br>133<\/span> <span class="col statcol"><em>SpD<\/em><br>96<\/span> <span class="col statcol"><em>Spe<\/em><br>124<\/span> <\/span><\/li><li style="clear: both"><\/li><\/ul>
|move|p2a: Meowstic|Nasty Plot|p2a: Meowstic
|-boost|p2a: Meowstic|spa|2
|
|upkeep
|turn|3
|
|t:|1622304862
|detailschange|p1a: Empoleon|Empoleon-Mega, M
|-mega|p1a: Empoleon|Empoleon|Empoleonite
|-start|p1a: Empoleon|typechange|Water\/Steel|[silent]
|raw|<ul class="utilichart"><li class="result"><span class="col pokemonnamecol" style="white-space: nowrap">Empoleon-Mega<\/span> <span class="col typecol"><img src="https:\/\/play.pokemonshowdown.com\/sprites\/types\/Water.png" alt="Water" height="14" width="32"><img src="https:\/\/play.pokemonshowdown.com\/sprites\/types\/Steel.png" alt="Steel" height="14" width="32"><\/span> <span style="float: left ; min-height: 26px"><span class="col abilitycol">Lightning Rod<\/span><span class="col abilitycol"><\/span><\/span><span style="float: left ; min-height: 26px"><span class="col statcol"><em>HP<\/em><br>84<\/span> <span class="col statcol"><em>Atk<\/em><br>86<\/span> <span class="col statcol"><em>Def<\/em><br>103<\/span> <span class="col statcol"><em>SpA<\/em><br>131<\/span> <span class="col statcol"><em>SpD<\/em><br>141<\/span> <span class="col statcol"><em>Spe<\/em><br>85<\/span> <\/span><\/li><li style="clear: both"><\/li><\/ul>
|move|p2a: Meowstic|Moonblast|p1a: Empoleon
|-resisted|p1a: Empoleon
|-damage|p1a: Empoleon|219\/371
|-unboost|p1a: Empoleon|spa|1
|move|p1a: Empoleon|Haze|p1a: Empoleon
|-clearallboost
|
|upkeep
|turn|4
|
|t:|1622304872
|switch|p2a: Zapdos|Zapdos|100\/100
|move|p1a: Empoleon|Roost|p1a: Empoleon
|-heal|p1a: Empoleon|371\/371
|-singleturn|p1a: Empoleon|move: Roost
|
|upkeep
|turn|5
|
|t:|1622304880
|move|p2a: Zapdos|Volt Switch|p1a: Empoleon
|-ability|p1a: Empoleon|Lightning Rod|boost
|-boost|p1a: Empoleon|spa|1
|move|p1a: Empoleon|Scald|p2a: Zapdos
|-damage|p2a: Zapdos|51\/100
|
|upkeep
|turn|6
|
|t:|1622304889
|move|p2a: Zapdos|Roost|p2a: Zapdos
|-heal|p2a: Zapdos|100\/100
|-singleturn|p2a: Zapdos|move: Roost
|move|p1a: Empoleon|Scald|p2a: Zapdos
|-damage|p2a: Zapdos|47\/100
|
|upkeep
|turn|7
|
|t:|1622304897
|switch|p2a: Tapu Fini|Tapu Fini|100\/100
|-fieldstart|move: Misty Terrain|[from] ability: Misty Surge|[of] p2a: Tapu Fini
|move|p1a: Empoleon|Scald|p2a: Tapu Fini
|-resisted|p2a: Tapu Fini
|-damage|p2a: Tapu Fini|78\/100
|
|-heal|p2a: Tapu Fini|84\/100|[from] item: Leftovers
|upkeep
|turn|8
|
|t:|1622304912
|move|p1a: Empoleon|Flip Turn|p2a: Tapu Fini
|-resisted|p2a: Tapu Fini
|-damage|p2a: Tapu Fini|77\/100
|
|t:|1622304921
|switch|p1a: Clefable|Clefable, M|394\/394
|move|p2a: Tapu Fini|Taunt|p1a: Clefable
|-start|p1a: Clefable|move: Taunt
|
|-heal|p2a: Tapu Fini|83\/100|[from] item: Leftovers
|upkeep
|turn|9
|
|t:|1622304933
|move|p2a: Tapu Fini|Calm Mind|p2a: Tapu Fini
|-boost|p2a: Tapu Fini|spa|1
|-boost|p2a: Tapu Fini|spd|1
|move|p1a: Clefable|Moonblast|p2a: Tapu Fini
|-damage|p2a: Tapu Fini|58\/100
|
|-heal|p2a: Tapu Fini|64\/100|[from] item: Leftovers
|upkeep
|turn|10
|
|t:|1622304939
|move|p2a: Tapu Fini|Draining Kiss|p1a: Clefable
|-damage|p1a: Clefable|324\/394
|-heal|p2a: Tapu Fini|79\/100|[from] drain|[of] p1a: Clefable
|move|p1a: Clefable|Moonblast|p2a: Tapu Fini
|-crit|p2a: Tapu Fini
|-damage|p2a: Tapu Fini|42\/100
|-unboost|p2a: Tapu Fini|spa|1
|
|-heal|p2a: Tapu Fini|48\/100|[from] item: Leftovers
|-end|p1a: Clefable|move: Taunt
|upkeep
|turn|11
|
|t:|1622304945
|move|p2a: Tapu Fini|Calm Mind|p2a: Tapu Fini
|-boost|p2a: Tapu Fini|spa|1
|-boost|p2a: Tapu Fini|spd|1
|move|p1a: Clefable|Moonblast|p2a: Tapu Fini
|-damage|p2a: Tapu Fini|23\/100
|
|-heal|p2a: Tapu Fini|29\/100|[from] item: Leftovers
|-fieldend|Misty Terrain
|upkeep
|turn|12
|
|t:|1622304955
|move|p2a: Tapu Fini|Draining Kiss|p1a: Clefable
|-damage|p1a: Clefable|263\/394
|-heal|p2a: Tapu Fini|42\/100|[from] drain|[of] p1a: Clefable
|move|p1a: Clefable|Moonblast|p2a: Tapu Fini
|-damage|p2a: Tapu Fini|16\/100
|-unboost|p2a: Tapu Fini|spa|1
|
|-heal|p2a: Tapu Fini|22\/100|[from] item: Leftovers
|upkeep
|turn|13
|
|t:|1622304974
|move|p2a: Tapu Fini|Scald|p1a: Clefable
|-damage|p1a: Clefable|158\/394
|move|p1a: Clefable|Moonblast|p2a: Tapu Fini
|-damage|p2a: Tapu Fini|0 fnt
|faint|p2a: Tapu Fini
|
|upkeep
|
|t:|1622304983
|switch|p2a: Meowstic|Meowstic-F-Mega, F|100\/100
|-start|p2a: Meowstic|typechange|Psychic\/Fairy|[silent]
|-ability|p2a: Meowstic|Fairy Aura
|turn|14
|
|t:|1622304993
|switch|p1a: Empoleon|Empoleon-Mega, M|371\/371
|-start|p1a: Empoleon|typechange|Water\/Steel|[silent]
|move|p2a: Meowstic|Moonblast|p1a: Empoleon
|-resisted|p1a: Empoleon
|-damage|p1a: Empoleon|297\/371
|
|upkeep
|turn|15
|
|t:|1622304997
|switch|p2a: Landorus|Landorus-Therian, M|100\/100
|-ability|p2a: Landorus|Intimidate|boost
|-unboost|p1a: Empoleon|atk|1
|move|p1a: Empoleon|Scald|p2a: Landorus
|-supereffective|p2a: Landorus
|-damage|p2a: Landorus|25\/100
|-status|p2a: Landorus|brn
|
|-heal|p2a: Landorus|31\/100 brn|[from] item: Leftovers
|-damage|p2a: Landorus|25\/100 brn|[from] brn
|upkeep
|turn|16
|
|t:|1622305007
|switch|p1a: Skarmory|Skarmory, F|334\/334
|move|p2a: Landorus|Earthquake|p1a: Skarmory
|-immune|p1a: Skarmory
|
|-heal|p2a: Landorus|31\/100 brn|[from] item: Leftovers
|-damage|p2a: Landorus|25\/100 brn|[from] brn
|upkeep
|turn|17
|-message|Magmajudis forfeited.
|
|win|spx1
|c|☆spx1|ggs
|c|☆spx1|\/log spx1 hid the replay of this battle.
|c|☆Magmajudis|gg</script>
</div>
<div class="battle-log battle-log-inline"><div class="inner"><div class="battle-options"><div style="padding-top: 3px; padding-right: 3px; text-align: right"><button class="icon button" name="openBattleOptions" title="Options">Battle Options</button></div></div><div class="inner message-log"><div class="chat"><small>☆spx1 and ☆Magmajudis joined</small></div><div class=""><small>Format:</small> <br><strong>[Gen 8] Megas for All</strong></div><div class=""><small><em>HP Percentage Mod:</em> HP is shown in percentages</small></div><div class=""><small><em>Endless Battle Clause:</em> Forcing endless battles is banned</small></div><div class=""><small><em>OHKO Clause:</em> OHKO moves are banned</small></div><div class=""><small><em>Evasion Moves Clause:</em> Evasion moves are banned</small></div><div class=""><small><em>Species Clause:</em> Limit one of each Pokémon</small></div><div class=""><small><em>Dynamax Clause:</em> You cannot dynamax</small></div><div class=""><small><em>Sleep Clause Mod:</em> Limit one foe put to sleep</small></div><div class=""><small><em>Freeze Clause Mod:</em> Limit one foe frozen</small></div><div class="chat"><img src="https://www.smogon.com/forums/attachments/banner_2-png.302358/" height="65" width="381"></div><div class="spacer battle-history"><br></div><div class="battle-history"><small>Welcome to Megas for All!</small><br></div><div class="battle-history"><small>This is a National Dex-based format where we aim to give a new Mega Evolution to every Pokémon.</small><br></div><div class="battle-history"><small>Just like any official format, you can still only Mega Evolve one Pokémon per team!</small><br></div><div class="battle-history"><small>You can find our thread and metagame resources here:</small><br></div><div class="battle-history"><small>https://www.smogon.com/forums/threads/3671140/</small><br></div><div class="chat battle-history"><strong>spx1's team:</strong> <em style="color:#445566;display:block;">Clefable / Skarmory / Empoleon / Latias / Toxapex / Tangrowth</em></div><div class="chat battle-history"><strong>Magmajudis's team:</strong> <em style="color:#445566;display:block;">Meowstic-F / Pangoro / Zapdos / Tapu Fini / Landorus-Therian / Victini</em></div><div class="chat chatmessage-magmajudis"><strong style="color:#979b3e"><small>☆</small><span class="username" data-name="Magmajudis">Magmajudis</span>:</strong> <em>glhf</em></div><div class="chat chatmessage-spx1 mine"><strong style="color:#0fa31c"><small>☆</small><span class="username" data-name="spx1">spx1</span>:</strong> <em>u2</em></div><div class="spacer battle-history"><br></div><div class="battle-history">Battle started between spx1 and Magmajudis!<br></div><div class="spacer battle-history"><br></div><div class="battle-history">Go! <strong>Skarmory</strong>!<br></div><div class="spacer battle-history"><br></div><div class="battle-history">Magmajudis sent out <strong>Pangoro</strong>!<br></div><div class="spacer battle-history"><br></div><h2 class="battle-history">Turn 1</h2><div class="spacer battle-history"><br></div><div class="battle-history">The opposing Pangoro used <strong>Parting Shot</strong>!<br></div><div class="battle-history"><small>Skarmory's Attack fell!</small><br></div><div class="battle-history"><small>Skarmory's Sp. Atk fell!</small><br></div><div class="spacer battle-history"><br></div><div class="battle-history">Magmajudis withdrew Pangoro!<br></div><div class="battle-history">Magmajudis sent out Meowstic (<strong>Meowstic-F</strong>)!<br></div><div class="spacer battle-history"><br></div><div class="battle-history">Skarmory used <strong>Roost</strong>!<br></div><div class="battle-history"><small>Skarmory's HP is full!</small><br></div><div class="spacer battle-history"><br></div><h2 class="battle-history">Turn 2</h2><div class="spacer battle-history"><br></div><div class="battle-history">Skarmory, come back!<br></div><div class="battle-history">Go! <strong>Empoleon</strong>!<br></div><div class="spacer battle-history"><br></div><div class="battle-history"><small>The opposing Meowstic's Meowsticite is reacting to the Key Stone!</small><br>The opposing Meowstic has Mega Evolved into Mega Meowstic!<br></div><div class="battle-history">[The opposing Meowstic's Fairy Aura]<br><small>The opposing Meowstic is radiating a fairy aura!</small><br></div><div class="chat"><ul class="utilichart"><li class="result"><span class="col pokemonnamecol" style="white-space: nowrap">Meowstic-F-Mega</span> <span class="col typecol"><img src="https://play.pokemonshowdown.com/sprites/types/Psychic.png" alt="Psychic" height="14" width="32"><img src="https://play.pokemonshowdown.com/sprites/types/Fairy.png" alt="Fairy" height="14" width="32"></span> <span style="float: left ; min-height: 26px"><span class="col abilitycol">Fairy Aura</span><span class="col abilitycol"></span></span><span style="float: left ; min-height: 26px"><span class="col statcol"><em>HP</em><br>74</span> <span class="col statcol"><em>Atk</em><br>48</span> <span class="col statcol"><em>Def</em><br>91</span> <span class="col statcol"><em>SpA</em><br>133</span> <span class="col statcol"><em>SpD</em><br>96</span> <span class="col statcol"><em>Spe</em><br>124</span> </span></li><li style="clear: both"></li></ul></div><div class="spacer battle-history"><br></div><div class="battle-history">The opposing Meowstic used <strong>Nasty Plot</strong>!<br></div><div class="battle-history"><small>The opposing Meowstic's Sp. Atk rose sharply!</small><br></div><div class="spacer battle-history"><br></div><h2 class="battle-history">Turn 3</h2><div class="spacer battle-history"><br></div><div class="battle-history"><small>Empoleon's Empoleonite is reacting to the Key Stone!</small><br>Empoleon has Mega Evolved into Mega Empoleon!<br></div><div class="chat"><ul class="utilichart"><li class="result"><span class="col pokemonnamecol" style="white-space: nowrap">Empoleon-Mega</span> <span class="col typecol"><img src="https://play.pokemonshowdown.com/sprites/types/Water.png" alt="Water" height="14" width="32"><img src="https://play.pokemonshowdown.com/sprites/types/Steel.png" alt="Steel" height="14" width="32"></span> <span style="float: left ; min-height: 26px"><span class="col abilitycol">Lightning Rod</span><span class="col abilitycol"></span></span><span style="float: left ; min-height: 26px"><span class="col statcol"><em>HP</em><br>84</span> <span class="col statcol"><em>Atk</em><br>86</span> <span class="col statcol"><em>Def</em><br>103</span> <span class="col statcol"><em>SpA</em><br>131</span> <span class="col statcol"><em>SpD</em><br>141</span> <span class="col statcol"><em>Spe</em><br>85</span> </span></li><li style="clear: both"></li></ul></div><div class="spacer battle-history"><br></div><div class="battle-history">The opposing Meowstic used <strong>Moonblast</strong>!<br></div><div class="battle-history"><small>It's not very effective...</small><br></div><div class="battle-history"><small>(Empoleon lost <abbr title="−152/371">41.0%</abbr> of its health!)</small><br></div><div class="battle-history"><small>Empoleon's Sp. Atk fell!</small><br></div><div class="spacer battle-history"><br></div><div class="battle-history">Empoleon used <strong>Haze</strong>!<br></div><div class="battle-history"><small>All stat changes were eliminated!</small><br></div><div class="spacer battle-history"><br></div><h2 class="battle-history">Turn 4</h2><div class="spacer battle-history"><br></div><div class="battle-history">Magmajudis withdrew Meowstic!<br></div><div class="battle-history">Magmajudis sent out <strong>Zapdos</strong>!<br></div><div class="spacer battle-history"><br></div><div class="battle-history">Empoleon used <strong>Roost</strong>!<br></div><div class="battle-history"><small>Empoleon had its HP restored.</small><br></div><div class="spacer battle-history"><br></div><h2 class="battle-history">Turn 5</h2><div class="spacer battle-history"><br></div><div class="battle-history">The opposing Zapdos used <strong>Volt Switch</strong>!<br></div><div class="battle-history">[Empoleon's Lightning Rod]<br></div><div class="battle-history"><small>Empoleon's Sp. Atk rose!</small><br></div><div class="spacer battle-history"><br></div><div class="battle-history">Empoleon used <strong>Scald</strong>!<br></div><div class="battle-history"><small>(The opposing Zapdos lost 49% of its health!)</small><br></div><div class="spacer battle-history"><br></div><h2 class="battle-history">Turn 6</h2><div class="spacer battle-history"><br></div><div class="battle-history">The opposing Zapdos used <strong>Roost</strong>!<br></div><div class="battle-history"><small>The opposing Zapdos had its HP restored.</small><br></div><div class="battle-history"><small>(The opposing Zapdos loses Flying type this turn.)</small><br></div><div class="spacer battle-history"><br></div><div class="battle-history">Empoleon used <strong>Scald</strong>!<br></div><div class="battle-history"><small>(The opposing Zapdos lost 53% of its health!)</small><br></div><div class="spacer battle-history"><br></div><h2 class="battle-history">Turn 7</h2><div class="spacer battle-history"><br></div><div class="battle-history">Magmajudis withdrew Zapdos!<br></div><div class="battle-history">Magmajudis sent out <strong>Tapu Fini</strong>!<br></div><div class="battle-history">[The opposing Tapu Fini's Misty Surge]<br><small>Mist swirled around the battlefield!</small><br></div><div class="spacer battle-history"><br></div><div class="battle-history">Empoleon used <strong>Scald</strong>!<br></div><div class="battle-history"><small>It's not very effective...</small><br></div><div class="battle-history"><small>(The opposing Tapu Fini lost 22% of its health!)</small><br></div><div class="spacer battle-history"><br></div><div class="battle-history"><small>The opposing Tapu Fini restored a little HP using its Leftovers!</small><br></div><div class="spacer battle-history"><br></div><h2 class="battle-history">Turn 8</h2><div class="spacer battle-history"><br></div><div class="battle-history">Empoleon used <strong>Flip Turn</strong>!<br></div><div class="battle-history"><small>It's not very effective...</small><br></div><div class="battle-history"><small>(The opposing Tapu Fini lost 7% of its health!)</small><br></div><div class="spacer battle-history"><br></div><div class="battle-history">Empoleon, come back!<br></div><div class="battle-history">Go! <strong>Clefable</strong>!<br></div><div class="spacer battle-history"><br></div><div class="battle-history">The opposing Tapu Fini used <strong>Taunt</strong>!<br></div><div class="battle-history"><small>Clefable fell for the taunt!</small><br></div><div class="spacer battle-history"><br></div><div class="battle-history"><small>The opposing Tapu Fini restored a little HP using its Leftovers!</small><br></div><div class="spacer battle-history"><br></div><h2 class="battle-history">Turn 9</h2><div class="spacer battle-history"><br></div><div class="battle-history">The opposing Tapu Fini used <strong>Calm Mind</strong>!<br></div><div class="battle-history"><small>The opposing Tapu Fini's Sp. Atk rose!</small><br></div><div class="battle-history"><small>The opposing Tapu Fini's Sp. Def rose!</small><br></div><div class="spacer battle-history"><br></div><div class="battle-history">Clefable used <strong>Moonblast</strong>!<br></div><div class="battle-history"><small>(The opposing Tapu Fini lost 25% of its health!)</small><br></div><div class="spacer battle-history"><br></div><div class="battle-history"><small>The opposing Tapu Fini restored a little HP using its Leftovers!</small><br></div><div class="spacer battle-history"><br></div><h2 class="battle-history">Turn 10</h2><div class="spacer battle-history"><br></div><div class="battle-history">The opposing Tapu Fini used <strong>Draining Kiss</strong>!<br></div><div class="battle-history"><small>(Clefable lost <abbr title="−70/394">17.8%</abbr> of its health!)</small><br></div><div class="battle-history"><small>Clefable had its energy drained!</small><br></div><div class="spacer battle-history"><br></div><div class="battle-history">Clefable used <strong>Moonblast</strong>!<br></div><div class="battle-history"><small>A critical hit!</small><br></div><div class="battle-history"><small>(The opposing Tapu Fini lost 37% of its health!)</small><br></div><div class="battle-history"><small>The opposing Tapu Fini's Sp. Atk fell!</small><br></div><div class="spacer battle-history"><br></div><div class="battle-history"><small>The opposing Tapu Fini restored a little HP using its Leftovers!</small><br></div><div class="battle-history"><small>Clefable shook off the taunt!</small><br></div><div class="spacer battle-history"><br></div><h2 class="battle-history">Turn 11</h2><div class="spacer battle-history"><br></div><div class="battle-history">The opposing Tapu Fini used <strong>Calm Mind</strong>!<br></div><div class="battle-history"><small>The opposing Tapu Fini's Sp. Atk rose!</small><br></div><div class="battle-history"><small>The opposing Tapu Fini's Sp. Def rose!</small><br></div><div class="spacer battle-history"><br></div><div class="battle-history">Clefable used <strong>Moonblast</strong>!<br></div><div class="battle-history"><small>(The opposing Tapu Fini lost 25% of its health!)</small><br></div><div class="spacer battle-history"><br></div><div class="battle-history"><small>The opposing Tapu Fini restored a little HP using its Leftovers!</small><br></div><div class="battle-history"><small>The mist disappeared from the battlefield.</small><br></div><div class="spacer battle-history"><br></div><h2 class="battle-history">Turn 12</h2><div class="spacer battle-history"><br></div><div class="battle-history">The opposing Tapu Fini used <strong>Draining Kiss</strong>!<br></div><div class="battle-history"><small>(Clefable lost <abbr title="−61/394">15.5%</abbr> of its health!)</small><br></div><div class="battle-history"><small>Clefable had its energy drained!</small><br></div><div class="spacer battle-history"><br></div><div class="battle-history">Clefable used <strong>Moonblast</strong>!<br></div><div class="battle-history"><small>(The opposing Tapu Fini lost 26% of its health!)</small><br></div><div class="battle-history"><small>The opposing Tapu Fini's Sp. Atk fell!</small><br></div><div class="spacer battle-history"><br></div><div class="battle-history"><small>The opposing Tapu Fini restored a little HP using its Leftovers!</small><br></div><div class="spacer battle-history"><br></div><h2 class="battle-history">Turn 13</h2><div class="spacer battle-history"><br></div><div class="battle-history">The opposing Tapu Fini used <strong>Scald</strong>!<br></div><div class="battle-history"><small>(Clefable lost <abbr title="−105/394">26.6%</abbr> of its health!)</small><br></div><div class="spacer battle-history"><br></div><div class="battle-history">Clefable used <strong>Moonblast</strong>!<br></div><div class="battle-history"><small>(The opposing Tapu Fini lost 22% of its health!)</small><br></div><div class="spacer battle-history"><br></div><div class="battle-history">The opposing Tapu Fini fainted!<br></div><div class="spacer battle-history"><br></div><div class="battle-history">Magmajudis sent out Meowstic (<strong>Meowstic-F-Mega</strong>)!<br></div><div class="battle-history">[The opposing Meowstic's Fairy Aura]<br><small>The opposing Meowstic is radiating a fairy aura!</small><br></div><div class="spacer battle-history"><br></div><h2 class="battle-history">Turn 14</h2><div class="spacer battle-history"><br></div><div class="battle-history">Clefable, come back!<br></div><div class="battle-history">Go! Empoleon (<strong>Empoleon-Mega</strong>)!<br></div><div class="spacer battle-history"><br></div><div class="battle-history">The opposing Meowstic used <strong>Moonblast</strong>!<br></div><div class="battle-history"><small>It's not very effective...</small><br></div><div class="battle-history"><small>(Empoleon lost <abbr title="−74/371">19.9%</abbr> of its health!)</small><br></div><div class="spacer battle-history"><br></div><h2 class="battle-history">Turn 15</h2><div class="spacer battle-history"><br></div><div class="battle-history">Magmajudis withdrew Meowstic!<br></div><div class="battle-history">Magmajudis sent out Landorus (<strong>Landorus-Therian</strong>)!<br></div><div class="battle-history">[The opposing Landorus's Intimidate]<br></div><div class="battle-history"><small>Empoleon's Attack fell!</small><br></div><div class="spacer battle-history"><br></div><div class="battle-history">Empoleon used <strong>Scald</strong>!<br></div><div class="battle-history"><small>It's super effective!</small><br></div><div class="battle-history"><small>(The opposing Landorus lost 75% of its health!)</small><br></div><div class="battle-history"><small>The opposing Landorus was burned!</small><br></div><div class="spacer battle-history"><br></div><div class="battle-history"><small>The opposing Landorus restored a little HP using its Leftovers!</small><br></div><div class="battle-history"><small>The opposing Landorus was hurt by its burn!</small><br></div><div class="spacer battle-history"><br></div><h2 class="battle-history">Turn 16</h2><div class="spacer battle-history"><br></div><div class="battle-history">Empoleon, come back!<br></div><div class="battle-history">Go! <strong>Skarmory</strong>!<br></div><div class="spacer battle-history"><br></div><div class="battle-history">The opposing Landorus used <strong>Earthquake</strong>!<br></div><div class="battle-history"><small>It doesn't affect Skarmory...</small><br></div><div class="spacer battle-history"><br></div><div class="battle-history"><small>The opposing Landorus restored a little HP using its Leftovers!</small><br></div><div class="battle-history"><small>The opposing Landorus was hurt by its burn!</small><br></div><div class="spacer battle-history"><br></div><h2 class="battle-history">Turn 17</h2><div class="spacer battle-history"><br></div><div class="battle-history"><small>Magmajudis forfeited.</small><br></div><div class="spacer battle-history"><br></div><div class="battle-history"><strong>spx1</strong> won the battle!<br></div><div class="chat chatmessage-spx1 mine"><strong style="color:#0fa31c"><small>☆</small><span class="username" data-name="spx1">spx1</span>:</strong> <em>ggs</em></div><div class="chat chatmessage-spx1 highlighted mine"><span class="message-log">spx1 hid the replay of this battle.</span></div><div class="chat chatmessage-magmajudis"><strong style="color:#979b3e"><small>☆</small><span class="username" data-name="Magmajudis">Magmajudis</span>:</strong> <em>gg</em></div></div><div class="inner-preempt message-log"></div></div></div>
</div>
<script>
let daily = Math.floor(Date.now()/1000/60/60/24);document.write('<script src="https://play.pokemonshowdown.com/js/replay-embed.js?version'+daily+'"></'+'script>');
</script>
