<!DOCTYPE html>
<meta charset="utf-8" />
<!-- version 1 -->
<title>[Gen 8] M4A Submission Sandbox replay: ViZarPKMN vs. Sticky Fingaa</title>
<style>
html,body {font-family:Verdana, sans-serif;font-size:10pt;margin:0;padding:0;}body{padding:12px 0;} .battle-log {font-family:Verdana, sans-serif;font-size:10pt;} .battle-log-inline {border:1px solid #AAAAAA;background:#EEF2F5;color:black;max-width:640px;margin:0 auto 80px;padding-bottom:5px;} .battle-log .inner {padding:4px 8px 0px 8px;} .battle-log .inner-preempt {padding:0 8px 4px 8px;} .battle-log .inner-after {margin-top:0.5em;} .battle-log h2 {margin:0.5em -8px;padding:4px 8px;border:1px solid #AAAAAA;background:#E0E7EA;border-left:0;border-right:0;font-family:Verdana, sans-serif;font-size:13pt;} .battle-log .chat {vertical-align:middle;padding:3px 0 3px 0;font-size:8pt;} .battle-log .chat strong {color:#40576A;} .battle-log .chat em {padding:1px 4px 1px 3px;color:#000000;font-style:normal;} .chat.mine {background:rgba(0,0,0,0.05);margin-left:-8px;margin-right:-8px;padding-left:8px;padding-right:8px;} .spoiler {color:#BBBBBB;background:#BBBBBB;padding:0px 3px;} .spoiler:hover, .spoiler:active, .spoiler-shown {color:#000000;background:#E2E2E2;padding:0px 3px;} .spoiler a {color:#BBBBBB;} .spoiler:hover a, .spoiler:active a, .spoiler-shown a {color:#2288CC;} .chat code, .chat .spoiler:hover code, .chat .spoiler:active code, .chat .spoiler-shown code {border:1px solid #C0C0C0;background:#EEEEEE;color:black;padding:0 2px;} .chat .spoiler code {border:1px solid #CCCCCC;background:#CCCCCC;color:#CCCCCC;} .battle-log .rated {padding:3px 4px;} .battle-log .rated strong {color:white;background:#89A;padding:1px 4px;border-radius:4px;} .spacer {margin-top:0.5em;} .message-announce {background:#6688AA;color:white;padding:1px 4px 2px;} .message-announce a, .broadcast-green a, .broadcast-blue a, .broadcast-red a {color:#DDEEFF;} .broadcast-green {background-color:#559955;color:white;padding:2px 4px;} .broadcast-blue {background-color:#6688AA;color:white;padding:2px 4px;} .infobox {border:1px solid #6688AA;padding:2px 4px;} .infobox-limited {max-height:200px;overflow:auto;overflow-x:hidden;} .broadcast-red {background-color:#AA5544;color:white;padding:2px 4px;} .message-learn-canlearn {font-weight:bold;color:#228822;text-decoration:underline;} .message-learn-cannotlearn {font-weight:bold;color:#CC2222;text-decoration:underline;} .message-effect-weak {font-weight:bold;color:#CC2222;} .message-effect-resist {font-weight:bold;color:#6688AA;} .message-effect-immune {font-weight:bold;color:#666666;} .message-learn-list {margin-top:0;margin-bottom:0;} .message-throttle-notice, .message-error {color:#992222;} .message-overflow, .chat small.message-overflow {font-size:0pt;} .message-overflow::before {font-size:9pt;content:'...';} .subtle {color:#3A4A66;}
</style>
<div class="wrapper replay-wrapper" style="max-width:1180px;margin:0 auto">
<input type="hidden" name="replayid" value="dragonheaven-gen8m4asubmissionsandbox-287" />
<div class="battle"></div><div class="battle-log"></div><div class="replay-controls"></div><div class="replay-controls-2"></div>
<h1 style="font-weight:normal;text-align:center"><strong>[Gen 8] M4A Submission Sandbox</strong><br /><a href="http://pokemonshowdown.com/users/vizarpkmn" class="subtle" target="_blank">ViZarPKMN</a> vs. <a href="http://pokemonshowdown.com/users/stickyfingaa" class="subtle" target="_blank">Sticky Fingaa</a></h1>
<script type="text/plain" class="battle-log-data">|j|☆ViZarPKMN
|j|☆Sticky Fingaa
|t:|1616967967
|player|p1|ViZarPKMN|benga|
|player|p2|Sticky Fingaa|cress|
|teamsize|p1|6
|teamsize|p2|6
|gametype|singles
|gen|8
|tier|[Gen 8] M4A Submission Sandbox
|rated|Tournament battle
|clearpoke
|poke|p1|Dragonite, F|
|poke|p1|Empoleon, F|
|poke|p1|Clefable, M|
|poke|p1|Greninja, M|
|poke|p1|Kartana|
|poke|p1|Landorus-Therian, M|
|poke|p2|Dragonite, M|
|poke|p2|Tapu Lele|
|poke|p2|Heatran, F|
|poke|p2|Rotom-Wash|
|poke|p2|Rillaboom, F|
|poke|p2|Garchomp, F|
|rule|HP Percentage Mod: HP is shown in percentages
|rule|Endless Battle Clause: Forcing endless battles is banned
|rule|OHKO Clause: OHKO moves are banned
|rule|Evasion Moves Clause: Evasion moves are banned
|rule|Species Clause: Limit one of each Pokémon
|rule|Dynamax Clause: You cannot dynamax
|rule|Sleep Clause Mod: Limit one foe put to sleep
|rule|Freeze Clause Mod: Limit one foe frozen
|raw|<img src="https:\/\/www.smogon.com\/forums\/attachments\/banner_2-png.302358\/" height="65" width="381">
|-message|Welcome to Megas for All!
|-message|This is a National Dex-based format where we aim to give a new Mega Evolution to every Pokémon.
|-message|Just like any official format, you can still only Mega Evolve one Pokémon per team!
|-message|You can find our thread and metagame resources here:
|-message|https:\/\/www.smogon.com\/forums\/threads\/3671140\/
|teampreview
|c|☆Sticky Fingaa|hf
|j|#inkbug1

|c|☆ViZarPKMN|u2
|j| Way of Bandana
|
|t:|1616968006
|start
|switch|p1a: Clefable|Clefable, M|100\/100
|switch|p2a: Rotom|Rotom-Wash, shiny|100\/100
|turn|1
|
|t:|1616968015
|move|p2a: Rotom|Volt Switch|p1a: Clefable
|-damage|p1a: Clefable|78\/100
|
|t:|1616968018
|switch|p2a: Heatran|Heatran, F|100\/100|[from]move: Volt Switch
|move|p1a: Clefable|Stealth Rock|p2a: Heatran
|-sidestart|p2: Sticky Fingaa|move: Stealth Rock
|
|-heal|p1a: Clefable|84\/100|[from] item: Leftovers
|upkeep
|turn|2
|
|t:|1616968026
|switch|p1a: Dragonite|Dragonite, F|100\/100
|move|p2a: Heatran|Magma Storm|p1a: Dragonite
|-resisted|p1a: Dragonite
|-damage|p1a: Dragonite|91\/100
|-activate|p1a: Dragonite|move: Magma Storm|[of] p2a: Heatran
|
|-damage|p1a: Dragonite|78\/100|[from] move: Magma Storm|[partiallytrapped]
|upkeep
|turn|3
|
|t:|1616968033
|switch|p2a: Rotom|Rotom-Wash, shiny|100\/100
|-damage|p2a: Rotom|88\/100|[from] Stealth Rock
|detailschange|p1a: Dragonite|Dragonite-Mega, F
|-mega|p1a: Dragonite|Dragonite|Dragonitite
|-start|p1a: Dragonite|typechange|Dragon\/Flying|[silent]
|raw|<ul class="utilichart"><li class="result"><span class="col pokemonnamecol" style="white-space: nowrap">Dragonite-Mega<\/span> <span class="col typecol"><img src="https:\/\/play.pokemonshowdown.com\/sprites\/types\/Dragon.png" alt="Dragon" height="14" width="32"><img src="https:\/\/play.pokemonshowdown.com\/sprites\/types\/Flying.png" alt="Flying" height="14" width="32"><\/span> <span style="float: left ; min-height: 26px"><span class="col abilitycol">Natural Cure<\/span><span class="col abilitycol"><\/span><\/span><span style="float: left ; min-height: 26px"><span class="col statcol"><em>HP<\/em><br>91<\/span> <span class="col statcol"><em>Atk<\/em><br>164<\/span> <span class="col statcol"><em>Def<\/em><br>123<\/span> <span class="col statcol"><em>SpA<\/em><br>131<\/span> <span class="col statcol"><em>SpD<\/em><br>131<\/span> <span class="col statcol"><em>Spe<\/em><br>60<\/span> <\/span><\/li><li style="clear: both"><\/li><\/ul>
|move|p1a: Dragonite|Earthquake|p2a: Rotom
|-immune|p2a: Rotom|[from] ability: Levitate
|
|-heal|p2a: Rotom|94\/100|[from] item: Leftovers
|-end|p1a: Dragonite|Magma Storm|[partiallytrapped]|[silent]
|upkeep
|turn|4
|
|t:|1616968038
|switch|p1a: Clefable|Clefable, M|84\/100
|move|p2a: Rotom|Defog|p1a: Clefable
|-unboost|p1a: Clefable|evasion|1
|-sideend|p2: Sticky Fingaa|Stealth Rock|[from] move: Defog|[of] p2a: Rotom
|
|-heal|p2a: Rotom|100\/100|[from] item: Leftovers
|-heal|p1a: Clefable|90\/100|[from] item: Leftovers
|upkeep
|turn|5
|
|t:|1616968046
|move|p2a: Rotom|Volt Switch|p1a: Clefable
|-damage|p1a: Clefable|64\/100
|
|t:|1616968050
|switch|p2a: Tapu Lele|Tapu Lele, shiny|100\/100|[from]move: Volt Switch
|-fieldstart|move: Psychic Terrain|[from] ability: Psychic Surge|[of] p2a: Tapu Lele
|move|p1a: Clefable|Stealth Rock|p2a: Tapu Lele
|-sidestart|p2: Sticky Fingaa|move: Stealth Rock
|
|-heal|p1a: Clefable|71\/100|[from] item: Leftovers
|upkeep
|turn|6
|
|t:|1616968065
|switch|p2a: Rotom|Rotom-Wash, shiny|100\/100
|-damage|p2a: Rotom|88\/100|[from] Stealth Rock
|switch|p1a: Empoleon|Empoleon, F|100\/100
|
|-heal|p2a: Rotom|94\/100|[from] item: Leftovers
|upkeep
|turn|7
|
|t:|1616968069
|move|p2a: Rotom|Will-O-Wisp|p1a: Empoleon
|-status|p1a: Empoleon|brn
|move|p1a: Empoleon|Flip Turn|p2a: Rotom
|-resisted|p2a: Rotom
|-damage|p2a: Rotom|90\/100
|
|t:|1616968073
|switch|p1a: Kartana|Kartana|100\/100|[from]move: Flip Turn
|
|-heal|p2a: Rotom|96\/100|[from] item: Leftovers
|upkeep
|turn|8
|
|t:|1616968080
|switch|p2a: Heatran|Heatran, F|100\/100
|-damage|p2a: Heatran|88\/100|[from] Stealth Rock
|move|p1a: Kartana|Leaf Blade|p2a: Heatran
|-resisted|p2a: Heatran
|-damage|p2a: Heatran|75\/100
|
|upkeep
|turn|9
|
|t:|1616968085
|switch|p1a: Dragonite|Dragonite-Mega, F|78\/100
|-start|p1a: Dragonite|typechange|Dragon\/Flying|[silent]
|move|p2a: Heatran|Stealth Rock|p1a: Dragonite
|-sidestart|p1: ViZarPKMN|move: Stealth Rock
|
|-fieldend|move: Psychic Terrain
|upkeep
|turn|10
|
|t:|1616968092
|switch|p2a: Rotom|Rotom-Wash, shiny|96\/100
|-damage|p2a: Rotom|84\/100|[from] Stealth Rock
|switch|p1a: Kartana|Kartana|100\/100
|-damage|p1a: Kartana|94\/100|[from] Stealth Rock
|
|-heal|p2a: Rotom|90\/100|[from] item: Leftovers
|upkeep
|turn|11
|
|t:|1616968096
|move|p1a: Kartana|Leaf Blade|p2a: Rotom
|-supereffective|p2a: Rotom
|-damage|p2a: Rotom|0 fnt
|faint|p2a: Rotom
|-ability|p1a: Kartana|Beast Boost|boost
|-boost|p1a: Kartana|atk|1
|
|upkeep
|
|t:|1616968100
|switch|p2a: Dragonite|Dragonite, M|100\/100
|-damage|p2a: Dragonite|76\/100|[from] Stealth Rock
|turn|12
|
|t:|1616968106
|switch|p1a: Landorus|Landorus-Therian, M|100\/100
|-damage|p1a: Landorus|88\/100|[from] Stealth Rock
|-ability|p1a: Landorus|Intimidate|boost
|-unboost|p2a: Dragonite|atk|1
|move|p2a: Dragonite|Roost|p2a: Dragonite
|-heal|p2a: Dragonite|100\/100
|-singleturn|p2a: Dragonite|move: Roost
|
|upkeep
|turn|13
|
|t:|1616968114
|switch|p1a: Clefable|Clefable, M|71\/100
|move|p2a: Dragonite|Dragon Dance|p2a: Dragonite
|-boost|p2a: Dragonite|atk|1
|-boost|p2a: Dragonite|spe|1
|
|-heal|p1a: Clefable|77\/100|[from] item: Leftovers
|upkeep
|turn|14
|
|t:|1616968120
|move|p2a: Dragonite|Dragon Dance|p2a: Dragonite
|-boost|p2a: Dragonite|atk|1
|-boost|p2a: Dragonite|spe|1
|move|p1a: Clefable|Knock Off|p2a: Dragonite
|-damage|p2a: Dragonite|96\/100
|
|-heal|p1a: Clefable|83\/100|[from] item: Leftovers
|upkeep
|turn|15
|
|t:|1616968124
|move|p2a: Dragonite|Dragon Dance|p2a: Dragonite
|-boost|p2a: Dragonite|atk|1
|-boost|p2a: Dragonite|spe|1
|move|p1a: Clefable|Moonblast|p2a: Dragonite
|-supereffective|p2a: Dragonite
|-damage|p2a: Dragonite|41\/100
|
|-heal|p1a: Clefable|89\/100|[from] item: Leftovers
|upkeep
|turn|16
|
|t:|1616968134
|detailschange|p2a: Dragonite|Dragonite-Mega, M
|-mega|p2a: Dragonite|Dragonite|Dragonitite
|-start|p2a: Dragonite|typechange|Dragon\/Flying|[silent]
|raw|<ul class="utilichart"><li class="result"><span class="col pokemonnamecol" style="white-space: nowrap">Dragonite-Mega<\/span> <span class="col typecol"><img src="https:\/\/play.pokemonshowdown.com\/sprites\/types\/Dragon.png" alt="Dragon" height="14" width="32"><img src="https:\/\/play.pokemonshowdown.com\/sprites\/types\/Flying.png" alt="Flying" height="14" width="32"><\/span> <span style="float: left ; min-height: 26px"><span class="col abilitycol">Natural Cure<\/span><span class="col abilitycol"><\/span><\/span><span style="float: left ; min-height: 26px"><span class="col statcol"><em>HP<\/em><br>91<\/span> <span class="col statcol"><em>Atk<\/em><br>164<\/span> <span class="col statcol"><em>Def<\/em><br>123<\/span> <span class="col statcol"><em>SpA<\/em><br>131<\/span> <span class="col statcol"><em>SpD<\/em><br>131<\/span> <span class="col statcol"><em>Spe<\/em><br>60<\/span> <\/span><\/li><li style="clear: both"><\/li><\/ul>
|move|p2a: Dragonite|Roost|p2a: Dragonite
|-heal|p2a: Dragonite|91\/100
|-singleturn|p2a: Dragonite|move: Roost
|move|p1a: Clefable|Moonblast|p2a: Dragonite
|-supereffective|p2a: Dragonite
|-damage|p2a: Dragonite|45\/100
|
|-heal|p1a: Clefable|95\/100|[from] item: Leftovers
|upkeep
|turn|17
|
|t:|1616968138
|move|p2a: Dragonite|Roost|p2a: Dragonite
|-heal|p2a: Dragonite|95\/100
|-singleturn|p2a: Dragonite|move: Roost
|move|p1a: Clefable|Moonblast|p2a: Dragonite
|-supereffective|p2a: Dragonite
|-damage|p2a: Dragonite|49\/100
|
|-heal|p1a: Clefable|100\/100|[from] item: Leftovers
|upkeep
|turn|18
|
|t:|1616968142
|move|p2a: Dragonite|Roost|p2a: Dragonite
|-heal|p2a: Dragonite|99\/100
|-singleturn|p2a: Dragonite|move: Roost
|move|p1a: Clefable|Moonblast|p2a: Dragonite
|-supereffective|p2a: Dragonite
|-damage|p2a: Dragonite|54\/100
|-unboost|p2a: Dragonite|spa|1
|
|upkeep
|turn|19
|
|t:|1616968144
|move|p2a: Dragonite|Roost|p2a: Dragonite
|-heal|p2a: Dragonite|100\/100
|-singleturn|p2a: Dragonite|move: Roost
|move|p1a: Clefable|Moonblast|p2a: Dragonite
|-supereffective|p2a: Dragonite
|-damage|p2a: Dragonite|52\/100
|-unboost|p2a: Dragonite|spa|1
|
|upkeep
|turn|20
|
|t:|1616968151
|move|p2a: Dragonite|Earthquake|p1a: Clefable
|-damage|p1a: Clefable|35\/100
|move|p1a: Clefable|Moonblast|p2a: Dragonite
|-supereffective|p2a: Dragonite
|-damage|p2a: Dragonite|10\/100
|-unboost|p2a: Dragonite|spa|1
|
|-heal|p1a: Clefable|41\/100|[from] item: Leftovers
|upkeep
|turn|21
|
|t:|1616968156
|move|p2a: Dragonite|Roost|p2a: Dragonite
|-heal|p2a: Dragonite|60\/100
|-singleturn|p2a: Dragonite|move: Roost
|move|p1a: Clefable|Moonblast|p2a: Dragonite
|-supereffective|p2a: Dragonite
|-damage|p2a: Dragonite|17\/100
|
|-heal|p1a: Clefable|47\/100|[from] item: Leftovers
|upkeep
|turn|22
|
|t:|1616968158
|move|p2a: Dragonite|Roost|p2a: Dragonite
|-heal|p2a: Dragonite|67\/100
|-singleturn|p2a: Dragonite|move: Roost
|move|p1a: Clefable|Moonblast|p2a: Dragonite
|-supereffective|p2a: Dragonite
|-damage|p2a: Dragonite|27\/100
|
|-heal|p1a: Clefable|53\/100|[from] item: Leftovers
|upkeep
|turn|23
|c| Way of Bandana|o.o that bulk
|
|t:|1616968163
|switch|p1a: Landorus|Landorus-Therian, M|88\/100
|-damage|p1a: Landorus|76\/100|[from] Stealth Rock
|-ability|p1a: Landorus|Intimidate|boost
|-unboost|p2a: Dragonite|atk|1
|move|p2a: Dragonite|Roost|p2a: Dragonite
|-heal|p2a: Dragonite|77\/100
|-singleturn|p2a: Dragonite|move: Roost
|
|upkeep
|turn|24
|
|t:|1616968170
|move|p2a: Dragonite|Dragon Dance|p2a: Dragonite
|-boost|p2a: Dragonite|atk|1
|-boost|p2a: Dragonite|spe|1
|-zpower|p1a: Landorus
|move|p1a: Landorus|Supersonic Skystrike|p2a: Dragonite|[zeffect]
|-damage|p2a: Dragonite|0 fnt
|faint|p2a: Dragonite
|
|upkeep
|c|☆Sticky Fingaa|lol
|
|t:|1616968185
|switch|p2a: Garchomp|Garchomp, F|100\/100
|-damage|p2a: Garchomp|94\/100|[from] Stealth Rock
|turn|25
|
|t:|1616968193
|move|p2a: Garchomp|Swords Dance|p2a: Garchomp
|-boost|p2a: Garchomp|atk|2
|move|p1a: Landorus|Bulk Up|p1a: Landorus
|-boost|p1a: Landorus|atk|1
|-boost|p1a: Landorus|def|1
|
|upkeep
|turn|26
|
|t:|1616968197
|move|p2a: Garchomp|Scale Shot|p1a: Landorus
|-damage|p1a: Landorus|54\/100
|-damage|p1a: Landorus|33\/100
|-damage|p1a: Landorus|13\/100
|-damage|p1a: Landorus|0 fnt
|-hitcount|p1a: Landorus|4
|-unboost|p2a: Garchomp|def|1
|-boost|p2a: Garchomp|spe|1
|faint|p1a: Landorus
|
|upkeep
|
|t:|1616968204
|switch|p1a: Kartana|Kartana|94\/100
|-damage|p1a: Kartana|88\/100|[from] Stealth Rock
|turn|27
|
|t:|1616968211
|switch|p2a: Heatran|Heatran, F|75\/100
|-damage|p2a: Heatran|63\/100|[from] Stealth Rock
|move|p1a: Kartana|Leaf Blade|p2a: Heatran
|-resisted|p2a: Heatran
|-damage|p2a: Heatran|50\/100
|
|upkeep
|turn|28
|
|t:|1616968222
|switch|p1a: Dragonite|Dragonite-Mega, F|78\/100
|-start|p1a: Dragonite|typechange|Dragon\/Flying|[silent]
|-damage|p1a: Dragonite|53\/100|[from] Stealth Rock
|switch|p2a: Garchomp|Garchomp, F|94\/100
|-damage|p2a: Garchomp|88\/100|[from] Stealth Rock
|
|upkeep
|turn|29
|
|t:|1616968227
|move|p2a: Garchomp|Swords Dance|p2a: Garchomp
|-boost|p2a: Garchomp|atk|2
|move|p1a: Dragonite|Ice Punch|p2a: Garchomp
|-supereffective|p2a: Garchomp
|-crit|p2a: Garchomp
|-damage|p2a: Garchomp|0 fnt
|-damage|p1a: Dragonite|41\/100|[from] ability: Rough Skin|[of] p2a: Garchomp
|-damage|p1a: Dragonite|24\/100|[from] item: Rocky Helmet|[of] p2a: Garchomp
|faint|p2a: Garchomp
|
|upkeep
|
|t:|1616968233
|switch|p2a: Tapu Lele|Tapu Lele, shiny|100\/100
|-damage|p2a: Tapu Lele|88\/100|[from] Stealth Rock
|-fieldstart|move: Psychic Terrain|[from] ability: Psychic Surge|[of] p2a: Tapu Lele
|turn|30
|j| piikiki4
|j| gyor
|
|t:|1616968248
|switch|p2a: Rillaboom|Rillaboom, F|100\/100
|-damage|p2a: Rillaboom|88\/100|[from] Stealth Rock
|-fieldstart|move: Grassy Terrain|[from] ability: Grassy Surge|[of] p2a: Rillaboom
|move|p1a: Dragonite|Roost|p1a: Dragonite
|-heal|p1a: Dragonite|75\/100
|-singleturn|p1a: Dragonite|move: Roost
|
|-heal|p2a: Rillaboom|94\/100|[from] Grassy Terrain
|-heal|p1a: Dragonite|81\/100|[from] Grassy Terrain
|upkeep
|turn|31
|
|t:|1616968254
|move|p2a: Rillaboom|U-turn|p1a: Dragonite
|-resisted|p1a: Dragonite
|-damage|p1a: Dragonite|68\/100
|
|t:|1616968256
|switch|p2a: Tapu Lele|Tapu Lele, shiny|88\/100|[from]move: U-turn
|-damage|p2a: Tapu Lele|76\/100|[from] Stealth Rock
|-fieldstart|move: Psychic Terrain|[from] ability: Psychic Surge|[of] p2a: Tapu Lele
|move|p1a: Dragonite|Thunder Wave|p2a: Tapu Lele
|-status|p2a: Tapu Lele|par
|
|upkeep
|turn|32
|
|t:|1616968264
|switch|p1a: Empoleon|Empoleon, F|100\/100 brn
|-damage|p1a: Empoleon|94\/100 brn|[from] Stealth Rock
|move|p2a: Tapu Lele|Moonblast|p1a: Empoleon
|-resisted|p1a: Empoleon
|-damage|p1a: Empoleon|60\/100 brn
|-unboost|p1a: Empoleon|spa|1
|
|-heal|p1a: Empoleon|67\/100 brn|[from] item: Leftovers
|-damage|p1a: Empoleon|60\/100 brn|[from] brn
|upkeep
|turn|33
|
|t:|1616968268
|switch|p2a: Rillaboom|Rillaboom, F|94\/100
|-damage|p2a: Rillaboom|82\/100|[from] Stealth Rock
|-fieldstart|move: Grassy Terrain|[from] ability: Grassy Surge|[of] p2a: Rillaboom
|move|p1a: Empoleon|Flip Turn|p2a: Rillaboom
|-resisted|p2a: Rillaboom
|-damage|p2a: Rillaboom|77\/100
|
|t:|1616968270
|switch|p1a: Dragonite|Dragonite-Mega, F|68\/100|[from]move: Flip Turn
|-start|p1a: Dragonite|typechange|Dragon\/Flying|[silent]
|-damage|p1a: Dragonite|43\/100|[from] Stealth Rock
|
|-heal|p2a: Rillaboom|83\/100|[from] Grassy Terrain
|upkeep
|turn|34
|
|t:|1616968275
|move|p2a: Rillaboom|Wood Hammer|p1a: Dragonite
|-resisted|p1a: Dragonite
|-damage|p1a: Dragonite|21\/100
|-damage|p2a: Rillaboom|75\/100|[from] Recoil
|move|p1a: Dragonite|Roost|p1a: Dragonite
|-heal|p1a: Dragonite|71\/100
|-singleturn|p1a: Dragonite|move: Roost
|
|-heal|p2a: Rillaboom|81\/100|[from] Grassy Terrain
|-heal|p1a: Dragonite|77\/100|[from] Grassy Terrain
|upkeep
|turn|35
|
|t:|1616968278
|switch|p2a: Heatran|Heatran, F|50\/100
|-damage|p2a: Heatran|37\/100|[from] Stealth Rock
|move|p1a: Dragonite|Ice Punch|p2a: Heatran
|-resisted|p2a: Heatran
|-damage|p2a: Heatran|31\/100
|
|-heal|p2a: Heatran|37\/100|[from] Grassy Terrain
|upkeep
|turn|36
|
|t:|1616968296
|move|p2a: Heatran|Magma Storm|p1a: Dragonite|[miss]
|-miss|p2a: Heatran|p1a: Dragonite
|move|p1a: Dragonite|Earthquake|p2a: Heatran
|-supereffective|p2a: Heatran
|-damage|p2a: Heatran|0 fnt
|faint|p2a: Heatran
|
|upkeep
|
|t:|1616968302
|switch|p2a: Tapu Lele|Tapu Lele, shiny|76\/100 par
|-damage|p2a: Tapu Lele|63\/100 par|[from] Stealth Rock
|-fieldstart|move: Psychic Terrain|[from] ability: Psychic Surge|[of] p2a: Tapu Lele
|turn|37
|
|t:|1616968307
|switch|p1a: Empoleon|Empoleon, F|60\/100 brn
|-damage|p1a: Empoleon|54\/100 brn|[from] Stealth Rock
|move|p2a: Tapu Lele|Moonblast|p1a: Empoleon
|-resisted|p1a: Empoleon
|-damage|p1a: Empoleon|21\/100 brn
|-unboost|p1a: Empoleon|spa|1
|
|-heal|p1a: Empoleon|27\/100 brn|[from] item: Leftovers
|-damage|p1a: Empoleon|21\/100 brn|[from] brn
|upkeep
|turn|38
|
|t:|1616968312
|cant|p2a: Tapu Lele|par
|move|p1a: Empoleon|Roost|p1a: Empoleon
|-heal|p1a: Empoleon|71\/100 brn
|-singleturn|p1a: Empoleon|move: Roost
|
|-heal|p1a: Empoleon|77\/100 brn|[from] item: Leftovers
|-damage|p1a: Empoleon|71\/100 brn|[from] brn
|upkeep
|turn|39
|
|t:|1616968314
|move|p2a: Tapu Lele|Moonblast|p1a: Empoleon
|-resisted|p1a: Empoleon
|-damage|p1a: Empoleon|38\/100 brn
|-unboost|p1a: Empoleon|spa|1
|move|p1a: Empoleon|Flip Turn|p2a: Tapu Lele
|-damage|p2a: Tapu Lele|49\/100 par
|
|t:|1616968318
|switch|p1a: Greninja|Greninja, M|100\/100|[from]move: Flip Turn
|-damage|p1a: Greninja|88\/100|[from] Stealth Rock
|
|upkeep
|turn|40
|
|t:|1616968321
|switch|p2a: Rillaboom|Rillaboom, F|81\/100
|-damage|p2a: Rillaboom|69\/100|[from] Stealth Rock
|-fieldstart|move: Grassy Terrain|[from] ability: Grassy Surge|[of] p2a: Rillaboom
|move|p1a: Greninja|Dark Pulse|p2a: Rillaboom
|-damage|p2a: Rillaboom|0 fnt
|faint|p2a: Rillaboom
|-activate|p1a: Greninja|ability: Battle Bond
|detailschange|p1a: Greninja|Greninja-Ash, M
|
|-heal|p1a: Greninja|94\/100|[from] Grassy Terrain
|upkeep
|c|☆Sticky Fingaa|gg
|c|☆ViZarPKMN|gg
|-message|Sticky Fingaa forfeited.
|
|win|ViZarPKMN
|l|☆Sticky Fingaa
|l| piikiki4
|l| Way of Bandana
|l|☆ViZarPKMN
|l| gyor
|j| gyor
|l| gyor</script>
</div>
<div class="battle-log battle-log-inline"><div class="inner"><div class="battle-options"><div style="padding-top: 3px; padding-right: 3px; text-align: right"><button class="icon button" name="openBattleOptions" title="Options">Battle Options</button></div></div><div class="inner message-log"><div class="chat"><small>☆ViZarPKMN and ☆Sticky Fingaa joined</small></div><div class=""><small>Format:</small> <br><strong>[Gen 8] M4A Submission Sandbox</strong></div><div class="rated"><strong>Tournament battle</strong></div><div class=""><small><em>HP Percentage Mod:</em> HP is shown in percentages</small></div><div class=""><small><em>Endless Battle Clause:</em> Forcing endless battles is banned</small></div><div class=""><small><em>OHKO Clause:</em> OHKO moves are banned</small></div><div class=""><small><em>Evasion Moves Clause:</em> Evasion moves are banned</small></div><div class=""><small><em>Species Clause:</em> Limit one of each Pokémon</small></div><div class=""><small><em>Dynamax Clause:</em> You cannot dynamax</small></div><div class=""><small><em>Sleep Clause Mod:</em> Limit one foe put to sleep</small></div><div class=""><small><em>Freeze Clause Mod:</em> Limit one foe frozen</small></div><div class="chat"><img src="https://www.smogon.com/forums/attachments/banner_2-png.302358/" height="65" width="381"></div><div class="spacer battle-history"><br></div><div class="battle-history"><small>Welcome to Megas for All!</small><br></div><div class="battle-history"><small>This is a National Dex-based format where we aim to give a new Mega Evolution to every Pokémon.</small><br></div><div class="battle-history"><small>Just like any official format, you can still only Mega Evolve one Pokémon per team!</small><br></div><div class="battle-history"><small>You can find our thread and metagame resources here:</small><br></div><div class="battle-history"><small>https://www.smogon.com/forums/threads/3671140/</small><br></div><div class="chat battle-history"><strong>ViZarPKMN's team:</strong> <em style="color:#445566;display:block;">Dragonite / Empoleon / Clefable / Greninja / Kartana / Landorus-Therian</em></div><div class="chat battle-history"><strong>Sticky Fingaa's team:</strong> <em style="color:#445566;display:block;">Dragonite / Tapu Lele / Heatran / Rotom-Wash / Rillaboom / Garchomp</em></div><div class="chat chatmessage-stickyfingaa"><strong style="color:#e76311"><small>☆</small><span class="username" data-name="Sticky Fingaa">Sticky Fingaa</span>:</strong> <em>hf</em></div><div class="chat"><small>#inkbug1 joined</small></div><div class="chat chatmessage-vizarpkmn"><strong style="color:#4f78c0"><small>☆</small><span class="username" data-name="ViZarPKMN">ViZarPKMN</span>:</strong> <em>u2</em></div><div class="chat"><small> Way of Bandana joined</small></div><div class="spacer battle-history"><br></div><div class="battle-history">Battle started between ViZarPKMN and Sticky Fingaa!<br></div><div class="spacer battle-history"><br></div><div class="battle-history">Go! <strong>Clefable</strong>!<br></div><div class="spacer battle-history"><br></div><div class="battle-history">Sticky Fingaa sent out Rotom (<strong>Rotom-Wash</strong>)!<br></div><div class="spacer battle-history"><br></div><h2 class="battle-history">Turn 1</h2><div class="spacer battle-history"><br></div><div class="battle-history">The opposing Rotom used <strong>Volt Switch</strong>!<br></div><div class="battle-history"><small>(Clefable lost 22% of its health!)</small><br></div><div class="spacer battle-history"><br></div><div class="battle-history">The opposing Rotom went back to Sticky Fingaa!<br></div><div class="battle-history">Sticky Fingaa sent out <strong>Heatran</strong>!<br></div><div class="spacer battle-history"><br></div><div class="battle-history">Clefable used <strong>Stealth Rock</strong>!<br></div><div class="battle-history"><small>Pointed stones float in the air around the opposing team!</small><br></div><div class="spacer battle-history"><br></div><div class="battle-history"><small>Clefable restored a little HP using its Leftovers!</small><br></div><div class="spacer battle-history"><br></div><h2 class="battle-history">Turn 2</h2><div class="spacer battle-history"><br></div><div class="battle-history">Clefable, come back!<br></div><div class="battle-history">Go! <strong>Dragonite</strong>!<br></div><div class="spacer battle-history"><br></div><div class="battle-history">The opposing Heatran used <strong>Magma Storm</strong>!<br></div><div class="battle-history"><small>It's not very effective...</small><br></div><div class="battle-history"><small>(Dragonite lost 9% of its health!)</small><br></div><div class="battle-history"><small>Dragonite became trapped by swirling magma!</small><br></div><div class="spacer battle-history"><br></div><div class="battle-history"><small>Dragonite is hurt by Magma Storm!</small><br></div><div class="spacer battle-history"><br></div><h2 class="battle-history">Turn 3</h2><div class="spacer battle-history"><br></div><div class="battle-history">Sticky Fingaa withdrew Heatran!<br></div><div class="battle-history">Sticky Fingaa sent out Rotom (<strong>Rotom-Wash</strong>)!<br></div><div class="battle-history"><small>Pointed stones dug into the opposing Rotom!</small><br></div><div class="spacer battle-history"><br></div><div class="battle-history"><small>Dragonite's Dragonitite is reacting to the Key Stone!</small><br>Dragonite has Mega Evolved into Mega Dragonite!<br></div><div class="chat"><ul class="utilichart"><li class="result"><span class="col pokemonnamecol" style="white-space: nowrap">Dragonite-Mega</span> <span class="col typecol"><img src="https://play.pokemonshowdown.com/sprites/types/Dragon.png" alt="Dragon" height="14" width="32"><img src="https://play.pokemonshowdown.com/sprites/types/Flying.png" alt="Flying" height="14" width="32"></span> <span style="float: left ; min-height: 26px"><span class="col abilitycol">Natural Cure</span><span class="col abilitycol"></span></span><span style="float: left ; min-height: 26px"><span class="col statcol"><em>HP</em><br>91</span> <span class="col statcol"><em>Atk</em><br>164</span> <span class="col statcol"><em>Def</em><br>123</span> <span class="col statcol"><em>SpA</em><br>131</span> <span class="col statcol"><em>SpD</em><br>131</span> <span class="col statcol"><em>Spe</em><br>60</span> </span></li><li style="clear: both"></li></ul></div><div class="spacer battle-history"><br></div><div class="battle-history">Dragonite used <strong>Earthquake</strong>!<br></div><div class="battle-history">[The opposing Rotom's Levitate]<br><small>It doesn't affect the opposing Rotom...</small><br></div><div class="spacer battle-history"><br></div><div class="battle-history"><small>The opposing Rotom restored a little HP using its Leftovers!</small><br></div><div class="spacer battle-history"><br></div><h2 class="battle-history">Turn 4</h2><div class="spacer battle-history"><br></div><div class="battle-history">Dragonite, come back!<br></div><div class="battle-history">Go! <strong>Clefable</strong>!<br></div><div class="spacer battle-history"><br></div><div class="battle-history">The opposing Rotom used <strong>Defog</strong>!<br></div><div class="battle-history"><small>Clefable's evasiveness fell!</small><br></div><div class="battle-history"><small>The pointed stones disappeared from around the opposing team!</small><br></div><div class="spacer battle-history"><br></div><div class="battle-history"><small>The opposing Rotom restored a little HP using its Leftovers!</small><br></div><div class="battle-history"><small>Clefable restored a little HP using its Leftovers!</small><br></div><div class="spacer battle-history"><br></div><h2 class="battle-history">Turn 5</h2><div class="spacer battle-history"><br></div><div class="battle-history">The opposing Rotom used <strong>Volt Switch</strong>!<br></div><div class="battle-history"><small>(Clefable lost 26% of its health!)</small><br></div><div class="spacer battle-history"><br></div><div class="battle-history">The opposing Rotom went back to Sticky Fingaa!<br></div><div class="battle-history">Sticky Fingaa sent out <strong>Tapu Lele</strong>!<br></div><div class="battle-history">[The opposing Tapu Lele's Psychic Surge]<br><small>The battlefield got weird!</small><br></div><div class="spacer battle-history"><br></div><div class="battle-history">Clefable used <strong>Stealth Rock</strong>!<br></div><div class="battle-history"><small>Pointed stones float in the air around the opposing team!</small><br></div><div class="spacer battle-history"><br></div><div class="battle-history"><small>Clefable restored a little HP using its Leftovers!</small><br></div><div class="spacer battle-history"><br></div><h2 class="battle-history">Turn 6</h2><div class="spacer battle-history"><br></div><div class="battle-history">Sticky Fingaa withdrew Tapu Lele!<br></div><div class="battle-history">Sticky Fingaa sent out Rotom (<strong>Rotom-Wash</strong>)!<br></div><div class="battle-history"><small>Pointed stones dug into the opposing Rotom!</small><br></div><div class="spacer battle-history"><br></div><div class="battle-history">Clefable, come back!<br></div><div class="battle-history">Go! <strong>Empoleon</strong>!<br></div><div class="spacer battle-history"><br></div><div class="battle-history"><small>The opposing Rotom restored a little HP using its Leftovers!</small><br></div><div class="spacer battle-history"><br></div><h2 class="battle-history">Turn 7</h2><div class="spacer battle-history"><br></div><div class="battle-history">The opposing Rotom used <strong>Will-O-Wisp</strong>!<br></div><div class="battle-history"><small>Empoleon was burned!</small><br></div><div class="spacer battle-history"><br></div><div class="battle-history">Empoleon used <strong>Flip Turn</strong>!<br></div><div class="battle-history"><small>It's not very effective...</small><br></div><div class="battle-history"><small>(The opposing Rotom lost 4% of its health!)</small><br></div><div class="spacer battle-history"><br></div><div class="battle-history">Empoleon, come back!<br></div><div class="battle-history">Go! <strong>Kartana</strong>!<br></div><div class="spacer battle-history"><br></div><div class="battle-history"><small>The opposing Rotom restored a little HP using its Leftovers!</small><br></div><div class="spacer battle-history"><br></div><h2 class="battle-history">Turn 8</h2><div class="spacer battle-history"><br></div><div class="battle-history">Sticky Fingaa withdrew Rotom!<br></div><div class="battle-history">Sticky Fingaa sent out <strong>Heatran</strong>!<br></div><div class="battle-history"><small>Pointed stones dug into the opposing Heatran!</small><br></div><div class="spacer battle-history"><br></div><div class="battle-history">Kartana used <strong>Leaf Blade</strong>!<br></div><div class="battle-history"><small>It's not very effective...</small><br></div><div class="battle-history"><small>(The opposing Heatran lost 13% of its health!)</small><br></div><div class="spacer battle-history"><br></div><h2 class="battle-history">Turn 9</h2><div class="spacer battle-history"><br></div><div class="battle-history">Kartana, come back!<br></div><div class="battle-history">Go! Dragonite (<strong>Dragonite-Mega</strong>)!<br></div><div class="spacer battle-history"><br></div><div class="battle-history">The opposing Heatran used <strong>Stealth Rock</strong>!<br></div><div class="battle-history"><small>Pointed stones float in the air around your team!</small><br></div><div class="spacer battle-history"><br></div><div class="battle-history"><small>The weirdness disappeared from the battlefield!</small><br></div><div class="spacer battle-history"><br></div><h2 class="battle-history">Turn 10</h2><div class="spacer battle-history"><br></div><div class="battle-history">Sticky Fingaa withdrew Heatran!<br></div><div class="battle-history">Sticky Fingaa sent out Rotom (<strong>Rotom-Wash</strong>)!<br></div><div class="battle-history"><small>Pointed stones dug into the opposing Rotom!</small><br></div><div class="spacer battle-history"><br></div><div class="battle-history">Dragonite, come back!<br></div><div class="battle-history">Go! <strong>Kartana</strong>!<br></div><div class="battle-history"><small>Pointed stones dug into Kartana!</small><br></div><div class="spacer battle-history"><br></div><div class="battle-history"><small>The opposing Rotom restored a little HP using its Leftovers!</small><br></div><div class="spacer battle-history"><br></div><h2 class="battle-history">Turn 11</h2><div class="spacer battle-history"><br></div><div class="battle-history">Kartana used <strong>Leaf Blade</strong>!<br></div><div class="battle-history"><small>It's super effective!</small><br></div><div class="battle-history"><small>(The opposing Rotom lost 90% of its health!)</small><br></div><div class="spacer battle-history"><br></div><div class="battle-history">The opposing Rotom fainted!<br></div><div class="battle-history">[Kartana's Beast Boost]<br></div><div class="battle-history"><small>Kartana's Attack rose!</small><br></div><div class="spacer battle-history"><br></div><div class="battle-history">Sticky Fingaa sent out <strong>Dragonite</strong>!<br></div><div class="battle-history"><small>Pointed stones dug into the opposing Dragonite!</small><br></div><div class="spacer battle-history"><br></div><h2 class="battle-history">Turn 12</h2><div class="spacer battle-history"><br></div><div class="battle-history">Kartana, come back!<br></div><div class="battle-history">Go! Landorus (<strong>Landorus-Therian</strong>)!<br></div><div class="battle-history"><small>Pointed stones dug into Landorus!</small><br></div><div class="battle-history">[Landorus's Intimidate]<br></div><div class="battle-history"><small>The opposing Dragonite's Attack fell!</small><br></div><div class="spacer battle-history"><br></div><div class="battle-history">The opposing Dragonite used <strong>Roost</strong>!<br></div><div class="battle-history"><small>The opposing Dragonite had its HP restored.</small><br></div><div class="battle-history"><small>(The opposing Dragonite loses Flying type this turn.)</small><br></div><div class="spacer battle-history"><br></div><h2 class="battle-history">Turn 13</h2><div class="spacer battle-history"><br></div><div class="battle-history">Landorus, come back!<br></div><div class="battle-history">Go! <strong>Clefable</strong>!<br></div><div class="spacer battle-history"><br></div><div class="battle-history">The opposing Dragonite used <strong>Dragon Dance</strong>!<br></div><div class="battle-history"><small>The opposing Dragonite's Attack rose!</small><br></div><div class="battle-history"><small>The opposing Dragonite's Speed rose!</small><br></div><div class="spacer battle-history"><br></div><div class="battle-history"><small>Clefable restored a little HP using its Leftovers!</small><br></div><div class="spacer battle-history"><br></div><h2 class="battle-history">Turn 14</h2><div class="spacer battle-history"><br></div><div class="battle-history">The opposing Dragonite used <strong>Dragon Dance</strong>!<br></div><div class="battle-history"><small>The opposing Dragonite's Attack rose!</small><br></div><div class="battle-history"><small>The opposing Dragonite's Speed rose!</small><br></div><div class="spacer battle-history"><br></div><div class="battle-history">Clefable used <strong>Knock Off</strong>!<br></div><div class="battle-history"><small>(The opposing Dragonite lost 4% of its health!)</small><br></div><div class="spacer battle-history"><br></div><div class="battle-history"><small>Clefable restored a little HP using its Leftovers!</small><br></div><div class="spacer battle-history"><br></div><h2 class="battle-history">Turn 15</h2><div class="spacer battle-history"><br></div><div class="battle-history">The opposing Dragonite used <strong>Dragon Dance</strong>!<br></div><div class="battle-history"><small>The opposing Dragonite's Attack rose!</small><br></div><div class="battle-history"><small>The opposing Dragonite's Speed rose!</small><br></div><div class="spacer battle-history"><br></div><div class="battle-history">Clefable used <strong>Moonblast</strong>!<br></div><div class="battle-history"><small>It's super effective!</small><br></div><div class="battle-history"><small>(The opposing Dragonite lost 55% of its health!)</small><br></div><div class="spacer battle-history"><br></div><div class="battle-history"><small>Clefable restored a little HP using its Leftovers!</small><br></div><div class="spacer battle-history"><br></div><h2 class="battle-history">Turn 16</h2><div class="spacer battle-history"><br></div><div class="battle-history"><small>The opposing Dragonite's Dragonitite is reacting to the Key Stone!</small><br>The opposing Dragonite has Mega Evolved into Mega Dragonite!<br></div><div class="chat"><ul class="utilichart"><li class="result"><span class="col pokemonnamecol" style="white-space: nowrap">Dragonite-Mega</span> <span class="col typecol"><img src="https://play.pokemonshowdown.com/sprites/types/Dragon.png" alt="Dragon" height="14" width="32"><img src="https://play.pokemonshowdown.com/sprites/types/Flying.png" alt="Flying" height="14" width="32"></span> <span style="float: left ; min-height: 26px"><span class="col abilitycol">Natural Cure</span><span class="col abilitycol"></span></span><span style="float: left ; min-height: 26px"><span class="col statcol"><em>HP</em><br>91</span> <span class="col statcol"><em>Atk</em><br>164</span> <span class="col statcol"><em>Def</em><br>123</span> <span class="col statcol"><em>SpA</em><br>131</span> <span class="col statcol"><em>SpD</em><br>131</span> <span class="col statcol"><em>Spe</em><br>60</span> </span></li><li style="clear: both"></li></ul></div><div class="spacer battle-history"><br></div><div class="battle-history">The opposing Dragonite used <strong>Roost</strong>!<br></div><div class="battle-history"><small>The opposing Dragonite had its HP restored.</small><br></div><div class="battle-history"><small>(The opposing Dragonite loses Flying type this turn.)</small><br></div><div class="spacer battle-history"><br></div><div class="battle-history">Clefable used <strong>Moonblast</strong>!<br></div><div class="battle-history"><small>It's super effective!</small><br></div><div class="battle-history"><small>(The opposing Dragonite lost 46% of its health!)</small><br></div><div class="spacer battle-history"><br></div><div class="battle-history"><small>Clefable restored a little HP using its Leftovers!</small><br></div><div class="spacer battle-history"><br></div><h2 class="battle-history">Turn 17</h2><div class="spacer battle-history"><br></div><div class="battle-history">The opposing Dragonite used <strong>Roost</strong>!<br></div><div class="battle-history"><small>The opposing Dragonite had its HP restored.</small><br></div><div class="battle-history"><small>(The opposing Dragonite loses Flying type this turn.)</small><br></div><div class="spacer battle-history"><br></div><div class="battle-history">Clefable used <strong>Moonblast</strong>!<br></div><div class="battle-history"><small>It's super effective!</small><br></div><div class="battle-history"><small>(The opposing Dragonite lost 46% of its health!)</small><br></div><div class="spacer battle-history"><br></div><div class="battle-history"><small>Clefable restored a little HP using its Leftovers!</small><br></div><div class="spacer battle-history"><br></div><h2 class="battle-history">Turn 18</h2><div class="spacer battle-history"><br></div><div class="battle-history">The opposing Dragonite used <strong>Roost</strong>!<br></div><div class="battle-history"><small>The opposing Dragonite had its HP restored.</small><br></div><div class="battle-history"><small>(The opposing Dragonite loses Flying type this turn.)</small><br></div><div class="spacer battle-history"><br></div><div class="battle-history">Clefable used <strong>Moonblast</strong>!<br></div><div class="battle-history"><small>It's super effective!</small><br></div><div class="battle-history"><small>(The opposing Dragonite lost 45% of its health!)</small><br></div><div class="battle-history"><small>The opposing Dragonite's Sp. Atk fell!</small><br></div><div class="spacer battle-history"><br></div><h2 class="battle-history">Turn 19</h2><div class="spacer battle-history"><br></div><div class="battle-history">The opposing Dragonite used <strong>Roost</strong>!<br></div><div class="battle-history"><small>The opposing Dragonite had its HP restored.</small><br></div><div class="battle-history"><small>(The opposing Dragonite loses Flying type this turn.)</small><br></div><div class="spacer battle-history"><br></div><div class="battle-history">Clefable used <strong>Moonblast</strong>!<br></div><div class="battle-history"><small>It's super effective!</small><br></div><div class="battle-history"><small>(The opposing Dragonite lost 48% of its health!)</small><br></div><div class="battle-history"><small>The opposing Dragonite's Sp. Atk fell!</small><br></div><div class="spacer battle-history"><br></div><h2 class="battle-history">Turn 20</h2><div class="spacer battle-history"><br></div><div class="battle-history">The opposing Dragonite used <strong>Earthquake</strong>!<br></div><div class="battle-history"><small>(Clefable lost 65% of its health!)</small><br></div><div class="spacer battle-history"><br></div><div class="battle-history">Clefable used <strong>Moonblast</strong>!<br></div><div class="battle-history"><small>It's super effective!</small><br></div><div class="battle-history"><small>(The opposing Dragonite lost 42% of its health!)</small><br></div><div class="battle-history"><small>The opposing Dragonite's Sp. Atk fell!</small><br></div><div class="spacer battle-history"><br></div><div class="battle-history"><small>Clefable restored a little HP using its Leftovers!</small><br></div><div class="spacer battle-history"><br></div><h2 class="battle-history">Turn 21</h2><div class="spacer battle-history"><br></div><div class="battle-history">The opposing Dragonite used <strong>Roost</strong>!<br></div><div class="battle-history"><small>The opposing Dragonite had its HP restored.</small><br></div><div class="battle-history"><small>(The opposing Dragonite loses Flying type this turn.)</small><br></div><div class="spacer battle-history"><br></div><div class="battle-history">Clefable used <strong>Moonblast</strong>!<br></div><div class="battle-history"><small>It's super effective!</small><br></div><div class="battle-history"><small>(The opposing Dragonite lost 43% of its health!)</small><br></div><div class="spacer battle-history"><br></div><div class="battle-history"><small>Clefable restored a little HP using its Leftovers!</small><br></div><div class="spacer battle-history"><br></div><h2 class="battle-history">Turn 22</h2><div class="spacer battle-history"><br></div><div class="battle-history">The opposing Dragonite used <strong>Roost</strong>!<br></div><div class="battle-history"><small>The opposing Dragonite had its HP restored.</small><br></div><div class="battle-history"><small>(The opposing Dragonite loses Flying type this turn.)</small><br></div><div class="spacer battle-history"><br></div><div class="battle-history">Clefable used <strong>Moonblast</strong>!<br></div><div class="battle-history"><small>It's super effective!</small><br></div><div class="battle-history"><small>(The opposing Dragonite lost 40% of its health!)</small><br></div><div class="spacer battle-history"><br></div><div class="battle-history"><small>Clefable restored a little HP using its Leftovers!</small><br></div><div class="spacer battle-history"><br></div><h2 class="battle-history">Turn 23</h2><div class="chat chatmessage-wayofbandana"><strong style="color:#ae5b4b"><small> </small><span class="username" data-name="Way of Bandana">Way of Bandana</span>:</strong> <em>o.o that bulk</em></div><div class="spacer battle-history"><br></div><div class="battle-history">Clefable, come back!<br></div><div class="battle-history">Go! Landorus (<strong>Landorus-Therian</strong>)!<br></div><div class="battle-history"><small>Pointed stones dug into Landorus!</small><br></div><div class="battle-history">[Landorus's Intimidate]<br></div><div class="battle-history"><small>The opposing Dragonite's Attack fell!</small><br></div><div class="spacer battle-history"><br></div><div class="battle-history">The opposing Dragonite used <strong>Roost</strong>!<br></div><div class="battle-history"><small>The opposing Dragonite had its HP restored.</small><br></div><div class="battle-history"><small>(The opposing Dragonite loses Flying type this turn.)</small><br></div><div class="spacer battle-history"><br></div><h2 class="battle-history">Turn 24</h2><div class="spacer battle-history"><br></div><div class="battle-history">The opposing Dragonite used <strong>Dragon Dance</strong>!<br></div><div class="battle-history"><small>The opposing Dragonite's Attack rose!</small><br></div><div class="battle-history"><small>The opposing Dragonite's Speed rose!</small><br></div><div class="battle-history"><small>Landorus surrounded itself with its Z-Power!</small><br></div><div class="spacer battle-history"><br></div><div class="battle-history"><small>Landorus unleashes its full-force Z-Move!</small><br>Landorus used <strong>Supersonic Skystrike</strong>!<br></div><div class="battle-history"><small>(The opposing Dragonite lost 77% of its health!)</small><br></div><div class="spacer battle-history"><br></div><div class="battle-history">The opposing Dragonite fainted!<br></div><div class="chat chatmessage-stickyfingaa"><strong style="color:#e76311"><small>☆</small><span class="username" data-name="Sticky Fingaa">Sticky Fingaa</span>:</strong> <em>lol</em></div><div class="spacer battle-history"><br></div><div class="battle-history">Sticky Fingaa sent out <strong>Garchomp</strong>!<br></div><div class="battle-history"><small>Pointed stones dug into the opposing Garchomp!</small><br></div><div class="spacer battle-history"><br></div><h2 class="battle-history">Turn 25</h2><div class="spacer battle-history"><br></div><div class="battle-history">The opposing Garchomp used <strong>Swords Dance</strong>!<br></div><div class="battle-history"><small>The opposing Garchomp's Attack rose sharply!</small><br></div><div class="spacer battle-history"><br></div><div class="battle-history">Landorus used <strong>Bulk Up</strong>!<br></div><div class="battle-history"><small>Landorus's Attack rose!</small><br></div><div class="battle-history"><small>Landorus's Defense rose!</small><br></div><div class="spacer battle-history"><br></div><h2 class="battle-history">Turn 26</h2><div class="spacer battle-history"><br></div><div class="battle-history">The opposing Garchomp used <strong>Scale Shot</strong>!<br></div><div class="battle-history"><small>(Landorus lost 22% of its health!)</small><br></div><div class="battle-history"><small>(Landorus lost 21% of its health!)</small><br></div><div class="battle-history"><small>(Landorus lost 20% of its health!)</small><br></div><div class="battle-history"><small>(Landorus lost 13% of its health!)</small><br></div><div class="battle-history"><small>The Pokémon was hit 4 times!</small><br></div><div class="battle-history"><small>The opposing Garchomp's Defense fell!</small><br></div><div class="battle-history"><small>The opposing Garchomp's Speed rose!</small><br></div><div class="spacer battle-history"><br></div><div class="battle-history">Landorus fainted!<br></div><div class="spacer battle-history"><br></div><div class="battle-history">Go! <strong>Kartana</strong>!<br></div><div class="battle-history"><small>Pointed stones dug into Kartana!</small><br></div><div class="spacer battle-history"><br></div><h2 class="battle-history">Turn 27</h2><div class="spacer battle-history"><br></div><div class="battle-history">Sticky Fingaa withdrew Garchomp!<br></div><div class="battle-history">Sticky Fingaa sent out <strong>Heatran</strong>!<br></div><div class="battle-history"><small>Pointed stones dug into the opposing Heatran!</small><br></div><div class="spacer battle-history"><br></div><div class="battle-history">Kartana used <strong>Leaf Blade</strong>!<br></div><div class="battle-history"><small>It's not very effective...</small><br></div><div class="battle-history"><small>(The opposing Heatran lost 13% of its health!)</small><br></div><div class="spacer battle-history"><br></div><h2 class="battle-history">Turn 28</h2><div class="spacer battle-history"><br></div><div class="battle-history">Kartana, come back!<br></div><div class="battle-history">Go! Dragonite (<strong>Dragonite-Mega</strong>)!<br></div><div class="battle-history"><small>Pointed stones dug into Dragonite!</small><br></div><div class="spacer battle-history"><br></div><div class="battle-history">Sticky Fingaa withdrew Heatran!<br></div><div class="battle-history">Sticky Fingaa sent out <strong>Garchomp</strong>!<br></div><div class="battle-history"><small>Pointed stones dug into the opposing Garchomp!</small><br></div><div class="spacer battle-history"><br></div><h2 class="battle-history">Turn 29</h2><div class="spacer battle-history"><br></div><div class="battle-history">The opposing Garchomp used <strong>Swords Dance</strong>!<br></div><div class="battle-history"><small>The opposing Garchomp's Attack rose sharply!</small><br></div><div class="spacer battle-history"><br></div><div class="battle-history">Dragonite used <strong>Ice Punch</strong>!<br></div><div class="battle-history"><small>It's super effective!</small><br></div><div class="battle-history"><small>A critical hit!</small><br></div><div class="battle-history"><small>(The opposing Garchomp lost 88% of its health!)</small><br></div><div class="battle-history">[The opposing Garchomp's Rough Skin]<br><small>Dragonite was hurt!</small><br></div><div class="battle-history"><small>Dragonite was hurt by the Rocky Helmet!</small><br></div><div class="spacer battle-history"><br></div><div class="battle-history">The opposing Garchomp fainted!<br></div><div class="spacer battle-history"><br></div><div class="battle-history">Sticky Fingaa sent out <strong>Tapu Lele</strong>!<br></div><div class="battle-history"><small>Pointed stones dug into the opposing Tapu Lele!</small><br></div><div class="battle-history">[The opposing Tapu Lele's Psychic Surge]<br><small>The battlefield got weird!</small><br></div><div class="spacer battle-history"><br></div><h2 class="battle-history">Turn 30</h2><div class="chat"><small> piikiki4 and  gyor joined</small></div><div class="spacer battle-history"><br></div><div class="battle-history">Sticky Fingaa withdrew Tapu Lele!<br></div><div class="battle-history">Sticky Fingaa sent out <strong>Rillaboom</strong>!<br></div><div class="battle-history"><small>Pointed stones dug into the opposing Rillaboom!</small><br></div><div class="battle-history">[The opposing Rillaboom's Grassy Surge]<br><small>Grass grew to cover the battlefield!</small><br></div><div class="spacer battle-history"><br></div><div class="battle-history">Dragonite used <strong>Roost</strong>!<br></div><div class="battle-history"><small>Dragonite had its HP restored.</small><br></div><div class="battle-history"><small>(Dragonite loses Flying type this turn.)</small><br></div><div class="spacer battle-history"><br></div><div class="battle-history"><small>The opposing Rillaboom's HP was restored.</small><br></div><div class="battle-history"><small>Dragonite's HP was restored.</small><br></div><div class="spacer battle-history"><br></div><h2 class="battle-history">Turn 31</h2><div class="spacer battle-history"><br></div><div class="battle-history">The opposing Rillaboom used <strong>U-turn</strong>!<br></div><div class="battle-history"><small>It's not very effective...</small><br></div><div class="battle-history"><small>(Dragonite lost 13% of its health!)</small><br></div><div class="spacer battle-history"><br></div><div class="battle-history">The opposing Rillaboom went back to Sticky Fingaa!<br></div><div class="battle-history">Sticky Fingaa sent out <strong>Tapu Lele</strong>!<br></div><div class="battle-history"><small>Pointed stones dug into the opposing Tapu Lele!</small><br></div><div class="battle-history">[The opposing Tapu Lele's Psychic Surge]<br><small>The battlefield got weird!</small><br></div><div class="spacer battle-history"><br></div><div class="battle-history">Dragonite used <strong>Thunder Wave</strong>!<br></div><div class="battle-history"><small>The opposing Tapu Lele is paralyzed! It may be unable to move!</small><br></div><div class="spacer battle-history"><br></div><h2 class="battle-history">Turn 32</h2><div class="spacer battle-history"><br></div><div class="battle-history">Dragonite, come back!<br></div><div class="battle-history">Go! <strong>Empoleon</strong>!<br></div><div class="battle-history"><small>Pointed stones dug into Empoleon!</small><br></div><div class="spacer battle-history"><br></div><div class="battle-history">The opposing Tapu Lele used <strong>Moonblast</strong>!<br></div><div class="battle-history"><small>It's not very effective...</small><br></div><div class="battle-history"><small>(Empoleon lost 34% of its health!)</small><br></div><div class="battle-history"><small>Empoleon's Sp. Atk fell!</small><br></div><div class="spacer battle-history"><br></div><div class="battle-history"><small>Empoleon restored a little HP using its Leftovers!</small><br></div><div class="battle-history"><small>Empoleon was hurt by its burn!</small><br></div><div class="spacer battle-history"><br></div><h2 class="battle-history">Turn 33</h2><div class="spacer battle-history"><br></div><div class="battle-history">Sticky Fingaa withdrew Tapu Lele!<br></div><div class="battle-history">Sticky Fingaa sent out <strong>Rillaboom</strong>!<br></div><div class="battle-history"><small>Pointed stones dug into the opposing Rillaboom!</small><br></div><div class="battle-history">[The opposing Rillaboom's Grassy Surge]<br><small>Grass grew to cover the battlefield!</small><br></div><div class="spacer battle-history"><br></div><div class="battle-history">Empoleon used <strong>Flip Turn</strong>!<br></div><div class="battle-history"><small>It's not very effective...</small><br></div><div class="battle-history"><small>(The opposing Rillaboom lost 5% of its health!)</small><br></div><div class="spacer battle-history"><br></div><div class="battle-history">Empoleon, come back!<br></div><div class="battle-history">Go! Dragonite (<strong>Dragonite-Mega</strong>)!<br></div><div class="battle-history"><small>Pointed stones dug into Dragonite!</small><br></div><div class="spacer battle-history"><br></div><div class="battle-history"><small>The opposing Rillaboom's HP was restored.</small><br></div><div class="spacer battle-history"><br></div><h2 class="battle-history">Turn 34</h2><div class="spacer battle-history"><br></div><div class="battle-history">The opposing Rillaboom used <strong>Wood Hammer</strong>!<br></div><div class="battle-history"><small>It's not very effective...</small><br></div><div class="battle-history"><small>(Dragonite lost 22% of its health!)</small><br></div><div class="battle-history"><small>The opposing Rillaboom was damaged by the recoil!</small><br></div><div class="spacer battle-history"><br></div><div class="battle-history">Dragonite used <strong>Roost</strong>!<br></div><div class="battle-history"><small>Dragonite had its HP restored.</small><br></div><div class="battle-history"><small>(Dragonite loses Flying type this turn.)</small><br></div><div class="spacer battle-history"><br></div><div class="battle-history"><small>The opposing Rillaboom's HP was restored.</small><br></div><div class="battle-history"><small>Dragonite's HP was restored.</small><br></div><div class="spacer battle-history"><br></div><h2 class="battle-history">Turn 35</h2><div class="spacer battle-history"><br></div><div class="battle-history">Sticky Fingaa withdrew Rillaboom!<br></div><div class="battle-history">Sticky Fingaa sent out <strong>Heatran</strong>!<br></div><div class="battle-history"><small>Pointed stones dug into the opposing Heatran!</small><br></div><div class="spacer battle-history"><br></div><div class="battle-history">Dragonite used <strong>Ice Punch</strong>!<br></div><div class="battle-history"><small>It's not very effective...</small><br></div><div class="battle-history"><small>(The opposing Heatran lost 6% of its health!)</small><br></div><div class="spacer battle-history"><br></div><div class="battle-history"><small>The opposing Heatran's HP was restored.</small><br></div><div class="spacer battle-history"><br></div><h2 class="battle-history">Turn 36</h2><div class="spacer battle-history"><br></div><div class="battle-history">The opposing Heatran used <strong>Magma Storm</strong>!<br></div><div class="battle-history"><small>Dragonite avoided the attack!</small><br></div><div class="spacer battle-history"><br></div><div class="battle-history">Dragonite used <strong>Earthquake</strong>!<br></div><div class="battle-history"><small>It's super effective!</small><br></div><div class="battle-history"><small>(The opposing Heatran lost 37% of its health!)</small><br></div><div class="spacer battle-history"><br></div><div class="battle-history">The opposing Heatran fainted!<br></div><div class="spacer battle-history"><br></div><div class="battle-history">Sticky Fingaa sent out <strong>Tapu Lele</strong>!<br></div><div class="battle-history"><small>Pointed stones dug into the opposing Tapu Lele!</small><br></div><div class="battle-history">[The opposing Tapu Lele's Psychic Surge]<br><small>The battlefield got weird!</small><br></div><div class="spacer battle-history"><br></div><h2 class="battle-history">Turn 37</h2><div class="spacer battle-history"><br></div><div class="battle-history">Dragonite, come back!<br></div><div class="battle-history">Go! <strong>Empoleon</strong>!<br></div><div class="battle-history"><small>Pointed stones dug into Empoleon!</small><br></div><div class="spacer battle-history"><br></div><div class="battle-history">The opposing Tapu Lele used <strong>Moonblast</strong>!<br></div><div class="battle-history"><small>It's not very effective...</small><br></div><div class="battle-history"><small>(Empoleon lost 33% of its health!)</small><br></div><div class="battle-history"><small>Empoleon's Sp. Atk fell!</small><br></div><div class="spacer battle-history"><br></div><div class="battle-history"><small>Empoleon restored a little HP using its Leftovers!</small><br></div><div class="battle-history"><small>Empoleon was hurt by its burn!</small><br></div><div class="spacer battle-history"><br></div><h2 class="battle-history">Turn 38</h2><div class="spacer battle-history"><br></div><div class="battle-history">The opposing Tapu Lele is paralyzed! It can't move!<br></div><div class="spacer battle-history"><br></div><div class="battle-history">Empoleon used <strong>Roost</strong>!<br></div><div class="battle-history"><small>Empoleon had its HP restored.</small><br></div><div class="spacer battle-history"><br></div><div class="battle-history"><small>Empoleon restored a little HP using its Leftovers!</small><br></div><div class="battle-history"><small>Empoleon was hurt by its burn!</small><br></div><div class="spacer battle-history"><br></div><h2 class="battle-history">Turn 39</h2><div class="spacer battle-history"><br></div><div class="battle-history">The opposing Tapu Lele used <strong>Moonblast</strong>!<br></div><div class="battle-history"><small>It's not very effective...</small><br></div><div class="battle-history"><small>(Empoleon lost 33% of its health!)</small><br></div><div class="battle-history"><small>Empoleon's Sp. Atk fell!</small><br></div><div class="spacer battle-history"><br></div><div class="battle-history">Empoleon used <strong>Flip Turn</strong>!<br></div><div class="battle-history"><small>(The opposing Tapu Lele lost 14% of its health!)</small><br></div><div class="spacer battle-history"><br></div><div class="battle-history">Empoleon, come back!<br></div><div class="battle-history">Go! <strong>Greninja</strong>!<br></div><div class="battle-history"><small>Pointed stones dug into Greninja!</small><br></div><div class="spacer battle-history"><br></div><h2 class="battle-history">Turn 40</h2><div class="spacer battle-history"><br></div><div class="battle-history">Sticky Fingaa withdrew Tapu Lele!<br></div><div class="battle-history">Sticky Fingaa sent out <strong>Rillaboom</strong>!<br></div><div class="battle-history"><small>Pointed stones dug into the opposing Rillaboom!</small><br></div><div class="battle-history">[The opposing Rillaboom's Grassy Surge]<br><small>Grass grew to cover the battlefield!</small><br></div><div class="spacer battle-history"><br></div><div class="battle-history">Greninja used <strong>Dark Pulse</strong>!<br></div><div class="battle-history"><small>(The opposing Rillaboom lost 69% of its health!)</small><br></div><div class="spacer battle-history"><br></div><div class="battle-history">The opposing Rillaboom fainted!<br></div><div class="battle-history">[Greninja's Battle Bond]<br><small>Greninja became fully charged due to its bond with its Trainer!</small><br></div><div class="battle-history">Greninja became Ash-Greninja!<br></div><div class="spacer battle-history"><br></div><div class="battle-history"><small>Greninja's HP was restored.</small><br></div><div class="chat chatmessage-stickyfingaa"><strong style="color:#e76311"><small>☆</small><span class="username" data-name="Sticky Fingaa">Sticky Fingaa</span>:</strong> <em>gg</em></div><div class="chat chatmessage-vizarpkmn"><strong style="color:#4f78c0"><small>☆</small><span class="username" data-name="ViZarPKMN">ViZarPKMN</span>:</strong> <em>gg</em></div><div class="spacer battle-history"><br></div><div class="battle-history"><small>Sticky Fingaa forfeited.</small><br></div><div class="spacer battle-history"><br></div><div class="battle-history"><strong>ViZarPKMN</strong> won the battle!<br></div><div class="chat"><small>☆Sticky Fingaa,  piikiki4,  Way of Bandana, ☆ViZarPKMN, and  gyor left</small></div></div><div class="inner-preempt message-log"></div></div></div>
</div>
<script>
let daily = Math.floor(Date.now()/1000/60/60/24);document.write('<script src="https://dragonheaven.herokuapp.com/js/replay-embed.js?version'+daily+'"></'+'script>');
</script>
