<!DOCTYPE html>
<meta charset="utf-8" />
<!-- version 1 -->
<title>[Gen 8] Megas for All replay: N1ghtShadeRNG vs. Ninjacid</title>
<style>
html,body {font-family:Verdana, sans-serif;font-size:10pt;margin:0;padding:0;}body{padding:12px 0;} .battle-log {font-family:Verdana, sans-serif;font-size:10pt;} .battle-log-inline {border:1px solid #AAAAAA;background:#EEF2F5;color:black;max-width:640px;margin:0 auto 80px;padding-bottom:5px;} .battle-log .inner {padding:4px 8px 0px 8px;} .battle-log .inner-preempt {padding:0 8px 4px 8px;} .battle-log .inner-after {margin-top:0.5em;} .battle-log h2 {margin:0.5em -8px;padding:4px 8px;border:1px solid #AAAAAA;background:#E0E7EA;border-left:0;border-right:0;font-family:Verdana, sans-serif;font-size:13pt;} .battle-log .chat {vertical-align:middle;padding:3px 0 3px 0;font-size:8pt;} .battle-log .chat strong {color:#40576A;} .battle-log .chat em {padding:1px 4px 1px 3px;color:#000000;font-style:normal;} .chat.mine {background:rgba(0,0,0,0.05);margin-left:-8px;margin-right:-8px;padding-left:8px;padding-right:8px;} .spoiler {color:#BBBBBB;background:#BBBBBB;padding:0px 3px;} .spoiler:hover, .spoiler:active, .spoiler-shown {color:#000000;background:#E2E2E2;padding:0px 3px;} .spoiler a {color:#BBBBBB;} .spoiler:hover a, .spoiler:active a, .spoiler-shown a {color:#2288CC;} .chat code, .chat .spoiler:hover code, .chat .spoiler:active code, .chat .spoiler-shown code {border:1px solid #C0C0C0;background:#EEEEEE;color:black;padding:0 2px;} .chat .spoiler code {border:1px solid #CCCCCC;background:#CCCCCC;color:#CCCCCC;} .battle-log .rated {padding:3px 4px;} .battle-log .rated strong {color:white;background:#89A;padding:1px 4px;border-radius:4px;} .spacer {margin-top:0.5em;} .message-announce {background:#6688AA;color:white;padding:1px 4px 2px;} .message-announce a, .broadcast-green a, .broadcast-blue a, .broadcast-red a {color:#DDEEFF;} .broadcast-green {background-color:#559955;color:white;padding:2px 4px;} .broadcast-blue {background-color:#6688AA;color:white;padding:2px 4px;} .infobox {border:1px solid #6688AA;padding:2px 4px;} .infobox-limited {max-height:200px;overflow:auto;overflow-x:hidden;} .broadcast-red {background-color:#AA5544;color:white;padding:2px 4px;} .message-learn-canlearn {font-weight:bold;color:#228822;text-decoration:underline;} .message-learn-cannotlearn {font-weight:bold;color:#CC2222;text-decoration:underline;} .message-effect-weak {font-weight:bold;color:#CC2222;} .message-effect-resist {font-weight:bold;color:#6688AA;} .message-effect-immune {font-weight:bold;color:#666666;} .message-learn-list {margin-top:0;margin-bottom:0;} .message-throttle-notice, .message-error {color:#992222;} .message-overflow, .chat small.message-overflow {font-size:0pt;} .message-overflow::before {font-size:9pt;content:'...';} .subtle {color:#3A4A66;}
</style>
<div class="wrapper replay-wrapper" style="max-width:1180px;margin:0 auto">
<input type="hidden" name="replayid" value="dragonheaven-gen8megasforall-307" />
<div class="battle"></div><div class="battle-log"></div><div class="replay-controls"></div><div class="replay-controls-2"></div>
<h1 style="font-weight:normal;text-align:center"><strong>[Gen 8] Megas for All</strong><br /><a href="http://pokemonshowdown.com/users/n1ghtshaderng" class="subtle" target="_blank">N1ghtShadeRNG</a> vs. <a href="http://pokemonshowdown.com/users/ninjacid" class="subtle" target="_blank">Ninjacid</a></h1>
<script type="text/plain" class="battle-log-data">|j|☆N1ghtShadeRNG
|j|☆Ninjacid
|t:|1621365241
|player|p1|N1ghtShadeRNG|clair|
|player|p2|Ninjacid|scientist|
|teamsize|p1|6
|teamsize|p2|6
|gametype|singles
|gen|8
|tier|[Gen 8] Megas for All
|rated|Tournament battle
|clearpoke
|poke|p1|Raichu, F|
|poke|p1|Slowking, M|
|poke|p1|Jirachi|
|poke|p1|Gliscor, M|
|poke|p1|Blissey, F|
|poke|p1|Heatran, F|
|poke|p2|Tornadus-Therian, M|
|poke|p2|Talonflame, M|
|poke|p2|Excadrill, F|
|poke|p2|Rillaboom, F|
|poke|p2|Rotom-Wash|
|poke|p2|Tyranitar, M|
|rule|HP Percentage Mod: HP is shown in percentages
|rule|Endless Battle Clause: Forcing endless battles is banned
|rule|OHKO Clause: OHKO moves are banned
|rule|Evasion Moves Clause: Evasion moves are banned
|rule|Species Clause: Limit one of each Pokémon
|rule|Dynamax Clause: You cannot dynamax
|rule|Sleep Clause Mod: Limit one foe put to sleep
|rule|Freeze Clause Mod: Limit one foe frozen
|raw|<img src="https:\/\/www.smogon.com\/forums\/attachments\/banner_2-png.302358\/" height="65" width="381">
|-message|Welcome to Megas for All!
|-message|This is a National Dex-based format where we aim to give a new Mega Evolution to every Pokémon.
|-message|Just like any official format, you can still only Mega Evolve one Pokémon per team!
|-message|You can find our thread and metagame resources here:
|-message|https:\/\/www.smogon.com\/forums\/threads\/3671140\/
|teampreview
|inactive|Battle timer is ON: inactive players will automatically lose when time's up. (requested by N1ghtShadeRNG)
|c|☆Ninjacid|Glhf!!
|c|☆N1ghtShadeRNG|You too
|j| pupugugu
|
|t:|1621365263
|start
|switch|p1a: Raichu|Raichu, F|100\/100
|switch|p2a: Rillaboom|Rillaboom, F|100\/100
|-fieldstart|move: Grassy Terrain|[from] ability: Grassy Surge|[of] p2a: Rillaboom
|turn|1
|
|t:|1621365278
|detailschange|p1a: Raichu|Raichu-Mega, F
|-mega|p1a: Raichu|Raichu|Raichunite
|-start|p1a: Raichu|typechange|Electric\/Fighting|[silent]
|raw|<ul class="utilichart"><li class="result"><span class="col pokemonnamecol" style="white-space: nowrap">Raichu-Mega<\/span> <span class="col typecol"><img src="https:\/\/play.pokemonshowdown.com\/sprites\/types\/Electric.png" alt="Electric" height="14" width="32"><img src="https:\/\/play.pokemonshowdown.com\/sprites\/types\/Fighting.png" alt="Fighting" height="14" width="32"><\/span> <span style="float: left ; min-height: 26px"><span class="col abilitycol">Reckless<\/span><span class="col abilitycol"><\/span><\/span><span style="float: left ; min-height: 26px"><span class="col statcol"><em>HP<\/em><br>60<\/span> <span class="col statcol"><em>Atk<\/em><br>125<\/span> <span class="col statcol"><em>Def<\/em><br>55<\/span> <span class="col statcol"><em>SpA<\/em><br>110<\/span> <span class="col statcol"><em>SpD<\/em><br>100<\/span> <span class="col statcol"><em>Spe<\/em><br>125<\/span> <\/span><\/li><li style="clear: both"><\/li><\/ul>
|move|p2a: Rillaboom|Grassy Glide|p1a: Raichu
|-damage|p1a: Raichu|0 fnt
|faint|p1a: Raichu
|
|upkeep
|c|☆N1ghtShadeRNG|I
|c|☆Ninjacid|Sorry
|c| pupugugu|monke
|c|☆Ninjacid|Thanks pupu 
|c|☆N1ghtShadeRNG|nah it's fine lol
|
|t:|1621365303
|switch|p1a: Heatran|Heatran, F|100\/100
|turn|2
|
|t:|1621365307
|switch|p2a: Tyranitar|Tyranitar, M|100\/100
|-weather|Sandstorm|[from] ability: Sand Stream|[of] p2a: Tyranitar
|move|p1a: Heatran|Magma Storm|p2a: Tyranitar
|-resisted|p2a: Tyranitar
|-damage|p2a: Tyranitar|94\/100
|-activate|p2a: Tyranitar|move: Magma Storm|[of] p1a: Heatran
|
|-weather|Sandstorm|[upkeep]
|-heal|p2a: Tyranitar|99\/100|[from] Grassy Terrain
|-damage|p2a: Tyranitar|88\/100|[from] move: Magma Storm|[partiallytrapped]
|upkeep
|turn|3
|
|t:|1621365315
|move|p1a: Heatran|Earth Power|p2a: Tyranitar
|-supereffective|p2a: Tyranitar
|-damage|p2a: Tyranitar|72\/100
|move|p2a: Tyranitar|Pursuit|p1a: Heatran
|-damage|p1a: Heatran|82\/100
|
|-weather|Sandstorm|[upkeep]
|-heal|p1a: Heatran|88\/100|[from] item: Leftovers
|-heal|p1a: Heatran|94\/100|[from] Grassy Terrain
|-heal|p2a: Tyranitar|78\/100|[from] Grassy Terrain
|-damage|p2a: Tyranitar|65\/100|[from] move: Magma Storm|[partiallytrapped]
|upkeep
|turn|4
|c|☆N1ghtShadeRNG|I
|c| pupugugu|av ttar is the goat :')
|c|☆N1ghtShadeRNG|is that AV?
|c|☆N1ghtShadeRNG|good god
|c| pupugugu|yeah i made it av so it can take fblast from torn
|c|☆Ninjacid|Lol
|c| pupugugu|probably not after an nplot tho
|c|☆Ninjacid|i like it
|inactive|N1ghtShadeRNG has 120 seconds left.
|
|t:|1621365346
|move|p1a: Heatran|Toxic|p2a: Tyranitar
|-status|p2a: Tyranitar|tox
|move|p2a: Tyranitar|Earthquake|p1a: Heatran
|-supereffective|p1a: Heatran
|-damage|p1a: Heatran|39\/100
|
|-weather|Sandstorm|[upkeep]
|-heal|p1a: Heatran|45\/100|[from] item: Leftovers
|-heal|p1a: Heatran|51\/100|[from] Grassy Terrain
|-heal|p2a: Tyranitar|71\/100 tox|[from] Grassy Terrain
|-damage|p2a: Tyranitar|65\/100 tox|[from] psn
|-damage|p2a: Tyranitar|53\/100 tox|[from] move: Magma Storm|[partiallytrapped]
|upkeep
|turn|5
|
|t:|1621365357
|move|p1a: Heatran|Earth Power|p2a: Tyranitar
|-supereffective|p2a: Tyranitar
|-damage|p2a: Tyranitar|35\/100 tox
|move|p2a: Tyranitar|Pursuit|p1a: Heatran
|-damage|p1a: Heatran|33\/100
|
|-weather|Sandstorm|[upkeep]
|-heal|p1a: Heatran|39\/100|[from] item: Leftovers
|-heal|p1a: Heatran|45\/100|[from] Grassy Terrain
|-heal|p2a: Tyranitar|41\/100 tox|[from] Grassy Terrain
|-fieldend|move: Grassy Terrain
|-damage|p2a: Tyranitar|29\/100 tox|[from] psn
|-damage|p2a: Tyranitar|16\/100 tox|[from] move: Magma Storm|[partiallytrapped]
|upkeep
|turn|6
|c| pupugugu|oh it can on a roll, neat
|
|t:|1621365370
|switch|p1a: Gliscor|Gliscor, M|100\/100
|move|p2a: Tyranitar|Earthquake|p1a: Gliscor
|-immune|p1a: Gliscor
|
|-weather|none
|-damage|p2a: Tyranitar|0 fnt|[from] psn
|faint|p2a: Tyranitar
|-status|p1a: Gliscor|tox|[from] item: Toxic Orb
|upkeep
|
|t:|1621365378
|switch|p2a: Talonflame|Talonflame, M|100\/100
|turn|7
|c| pupugugu|(after rocks)
|
|t:|1621365384
|detailschange|p2a: Talonflame|Talonflame-Mega, M
|-mega|p2a: Talonflame|Talonflame|Talonflite
|-start|p2a: Talonflame|typechange|Fire\/Flying|[silent]
|raw|<ul class="utilichart"><li class="result"><span class="col pokemonnamecol" style="white-space: nowrap">Talonflame-Mega<\/span> <span class="col typecol"><img src="https:\/\/play.pokemonshowdown.com\/sprites\/types\/Fire.png" alt="Fire" height="14" width="32"><img src="https:\/\/play.pokemonshowdown.com\/sprites\/types\/Flying.png" alt="Flying" height="14" width="32"><\/span> <span style="float: left ; min-height: 26px"><span class="col abilitycol">Bird of Prey<\/span><span class="col abilitycol"><\/span><\/span><span style="float: left ; min-height: 26px"><span class="col statcol"><em>HP<\/em><br>78<\/span> <span class="col statcol"><em>Atk<\/em><br>81<\/span> <span class="col statcol"><em>Def<\/em><br>71<\/span> <span class="col statcol"><em>SpA<\/em><br>134<\/span> <span class="col statcol"><em>SpD<\/em><br>69<\/span> <span class="col statcol"><em>Spe<\/em><br>166<\/span> <\/span><\/li><li style="clear: both"><\/li><\/ul>
|move|p2a: Talonflame|Hidden Power|p1a: Gliscor
|-supereffective|p1a: Gliscor
|-damage|p1a: Gliscor|11\/100 tox
|move|p1a: Gliscor|Swords Dance|p1a: Gliscor
|-boost|p1a: Gliscor|atk|2
|
|-heal|p1a: Gliscor|23\/100 tox|[from] ability: Poison Heal
|upkeep
|turn|8
|c|☆N1ghtShadeRNG|hhhhh
|c|☆N1ghtShadeRNG|i die
|
|t:|1621365399
|move|p2a: Talonflame|Hidden Power|p1a: Gliscor
|-supereffective|p1a: Gliscor
|-damage|p1a: Gliscor|0 fnt
|faint|p1a: Gliscor
|
|upkeep
|c|☆Ninjacid|Eliminated 
|c| pupugugu|to be fair this team is kinda cheese tho xD
|c|☆Ninjacid|Bird of prey is sick
|inactive|N1ghtShadeRNG has 120 seconds left.
|c|☆N1ghtShadeRNG|Yea
|c|☆N1ghtShadeRNG|I never used to like the ability but now I realize how cool it is lol
|
|t:|1621365434
|switch|p1a: Heatran|Heatran, F|45\/100
|turn|9
|j|#inkbug1

|c| pupugugu|it's great for enabling certain mons
|c| pupugugu|like rillaboom and excadrill haha
|c|☆N1ghtShadeRNG|Actually
|
|t:|1621365455
|switch|p2a: Rotom|Rotom-Wash|100\/100
|move|p1a: Heatran|Toxic|p2a: Rotom
|-status|p2a: Rotom|tox
|
|-heal|p1a: Heatran|52\/100|[from] item: Leftovers
|-damage|p2a: Rotom|94\/100 tox|[from] psn
|upkeep
|turn|10
|inactive|N1ghtShadeRNG has 120 seconds left.
|c|☆N1ghtShadeRNG|Bird of prey will become a lot more prevalent I think if the bird gets released into OU
|
|t:|1621365480
|move|p1a: Heatran|Taunt|p2a: Rotom
|-start|p2a: Rotom|move: Taunt
|move|p2a: Rotom|Volt Switch|p1a: Heatran
|-damage|p1a: Heatran|25\/100
|
|t:|1621365491
|switch|p2a: Excadrill|Excadrill, F|100\/100|[from]move: Volt Switch
|-ability|p2a: Excadrill|Mold Breaker
|
|-heal|p1a: Heatran|31\/100|[from] item: Leftovers
|upkeep
|turn|11
|
|t:|1621365499
|move|p2a: Excadrill|Earthquake|p1a: Heatran
|-supereffective|p1a: Heatran
|-damage|p1a: Heatran|0 fnt
|faint|p1a: Heatran
|
|upkeep
|
|t:|1621365506
|switch|p1a: Jirachi|Jirachi|100\/100
|turn|12
|
|t:|1621365511
|move|p1a: Jirachi|Stealth Rock|p2a: Excadrill
|-sidestart|p2: Ninjacid|move: Stealth Rock
|move|p2a: Excadrill|Rapid Spin|p1a: Jirachi
|-resisted|p1a: Jirachi
|-damage|p1a: Jirachi|94\/100
|-boost|p2a: Excadrill|spe|1
|-sideend|p2: Ninjacid|Stealth Rock|[from] move: Rapid Spin|[of] p2a: Excadrill
|
|-heal|p1a: Jirachi|99\/100|[from] item: Leftovers
|upkeep
|turn|13
|inactive|N1ghtShadeRNG has 120 seconds left.
|
|t:|1621365528
|move|p2a: Excadrill|Earthquake|p1a: Jirachi
|-supereffective|p1a: Jirachi
|-damage|p1a: Jirachi|28\/100
|move|p1a: Jirachi|U-turn|p2a: Excadrill
|-resisted|p2a: Excadrill
|-damage|p2a: Excadrill|89\/100
|c|☆N1ghtShadeRNG|i
|inactive|N1ghtShadeRNG has 120 seconds left.
|
|t:|1621365536
|switch|p1a: Slowking|Slowking, M|100\/100|[from]move: U-turn
|
|-heal|p2a: Excadrill|95\/100|[from] item: Leftovers
|upkeep
|turn|14
|
|t:|1621365552
|move|p2a: Excadrill|Earthquake|p1a: Slowking
|-damage|p1a: Slowking|52\/100
|move|p1a: Slowking|Scald|p2a: Excadrill
|-supereffective|p2a: Excadrill
|-damage|p2a: Excadrill|40\/100
|-status|p2a: Excadrill|brn
|
|-heal|p2a: Excadrill|46\/100 brn|[from] item: Leftovers
|-damage|p2a: Excadrill|40\/100 brn|[from] brn
|upkeep
|turn|15
|c|☆Ninjacid|Lol
|c|☆Ninjacid|Scald is so cool
|inactive|N1ghtShadeRNG has 120 seconds left.
|c|☆N1ghtShadeRNG|Yea
|c|☆N1ghtShadeRNG|Well actually
|c|☆N1ghtShadeRNG|It's hot
|
|t:|1621365585
|move|p2a: Excadrill|Toxic|p1a: Slowking
|-status|p1a: Slowking|tox
|move|p1a: Slowking|Slack Off|p1a: Slowking
|-heal|p1a: Slowking|100\/100 tox
|
|-heal|p2a: Excadrill|46\/100 brn|[from] item: Leftovers
|-damage|p2a: Excadrill|40\/100 brn|[from] brn
|-damage|p1a: Slowking|94\/100 tox|[from] psn
|upkeep
|turn|16
|
|t:|1621365595
|move|p2a: Excadrill|Earthquake|p1a: Slowking
|-damage|p1a: Slowking|72\/100 tox
|move|p1a: Slowking|Scald|p2a: Excadrill
|-supereffective|p2a: Excadrill
|-damage|p2a: Excadrill|0 fnt
|faint|p2a: Excadrill
|
|-damage|p1a: Slowking|60\/100 tox|[from] psn
|upkeep
|inactive|Ninjacid has 120 seconds left.
|
|t:|1621365627
|switch|p2a: Rillaboom|Rillaboom, F|100\/100
|-fieldstart|move: Grassy Terrain|[from] ability: Grassy Surge|[of] p2a: Rillaboom
|turn|17
|
|t:|1621365633
|move|p2a: Rillaboom|Superpower|p1a: Slowking
|-resisted|p1a: Slowking
|-damage|p1a: Slowking|24\/100 tox
|-unboost|p2a: Rillaboom|atk|1
|-unboost|p2a: Rillaboom|def|1
|move|p1a: Slowking|Scald|p2a: Rillaboom
|-resisted|p2a: Rillaboom
|-damage|p2a: Rillaboom|81\/100
|-status|p2a: Rillaboom|brn
|
|-heal|p2a: Rillaboom|88\/100 brn|[from] Grassy Terrain
|-heal|p1a: Slowking|30\/100 tox|[from] Grassy Terrain
|-damage|p2a: Rillaboom|81\/100 brn|[from] brn
|-damage|p1a: Slowking|12\/100 tox|[from] psn
|upkeep
|turn|18
|c|☆N1ghtShadeRNG|?
|c|☆Ninjacid|Idk
|c|☆N1ghtShadeRNG|Why did you do that lol
|inactive|N1ghtShadeRNG has 120 seconds left.
|c|☆Ninjacid|misclock
|
|t:|1621365650
|move|p2a: Rillaboom|Superpower|p1a: Slowking
|-resisted|p1a: Slowking
|-damage|p1a: Slowking|0 fnt
|-unboost|p2a: Rillaboom|atk|1
|-unboost|p2a: Rillaboom|def|1
|faint|p1a: Slowking
|
|-heal|p2a: Rillaboom|88\/100 brn|[from] Grassy Terrain
|-damage|p2a: Rillaboom|81\/100 brn|[from] brn
|upkeep
|inactive|N1ghtShadeRNG has 120 seconds left.
|
|t:|1621365668
|switch|p1a: Jirachi|Jirachi|28\/100
|turn|19
|
|t:|1621365677
|move|p1a: Jirachi|Wish|p1a: Jirachi
|move|p2a: Rillaboom|Superpower|p1a: Jirachi
|-damage|p1a: Jirachi|15\/100
|-unboost|p2a: Rillaboom|atk|1
|-unboost|p2a: Rillaboom|def|1
|
|-heal|p1a: Jirachi|21\/100|[from] item: Leftovers
|-heal|p1a: Jirachi|27\/100|[from] Grassy Terrain
|-heal|p2a: Rillaboom|88\/100 brn|[from] Grassy Terrain
|-damage|p2a: Rillaboom|81\/100 brn|[from] brn
|upkeep
|turn|20
|inactive|N1ghtShadeRNG has 120 seconds left.
|
|t:|1621365691
|switch|p2a: Rotom|Rotom-Wash|94\/100 tox
|move|p1a: Jirachi|Stealth Rock|p2a: Rotom
|-sidestart|p2: Ninjacid|move: Stealth Rock
|
|-heal|p1a: Jirachi|77\/100|[from] move: Wish|[wisher] Jirachi
|-heal|p1a: Jirachi|84\/100|[from] item: Leftovers
|-heal|p1a: Jirachi|90\/100|[from] Grassy Terrain
|-heal|p2a: Rotom|100\/100 tox|[from] item: Leftovers
|-damage|p2a: Rotom|94\/100 tox|[from] psn
|upkeep
|turn|21
|
|t:|1621365701
|move|p1a: Jirachi|Iron Head|p2a: Rotom
|-resisted|p2a: Rotom
|-damage|p2a: Rotom|89\/100 tox
|cant|p2a: Rotom|flinch
|
|-heal|p1a: Jirachi|96\/100|[from] item: Leftovers
|-heal|p1a: Jirachi|100\/100|[from] Grassy Terrain
|-heal|p2a: Rotom|95\/100 tox|[from] item: Leftovers
|-fieldend|move: Grassy Terrain
|-damage|p2a: Rotom|83\/100 tox|[from] psn
|upkeep
|turn|22
|
|t:|1621365710
|move|p1a: Jirachi|U-turn|p2a: Rotom
|-crit|p2a: Rotom
|-damage|p2a: Rotom|61\/100 tox
|
|t:|1621365715
|switch|p1a: Blissey|Blissey, F|100\/100|[from]move: U-turn
|move|p2a: Rotom|Will-O-Wisp|p1a: Blissey|[miss]
|-miss|p2a: Rotom|p1a: Blissey
|
|-heal|p2a: Rotom|68\/100 tox|[from] item: Leftovers
|-damage|p2a: Rotom|49\/100 tox|[from] psn
|upkeep
|turn|23
|
|t:|1621365722
|move|p2a: Rotom|Volt Switch|p1a: Blissey
|-damage|p1a: Blissey|93\/100
|
|t:|1621365729
|switch|p2a: Talonflame|Talonflame-Mega, M|100\/100|[from]move: Volt Switch
|-start|p2a: Talonflame|typechange|Fire\/Flying|[silent]
|-damage|p2a: Talonflame|51\/100|[from] Stealth Rock
|move|p1a: Blissey|Seismic Toss|p2a: Talonflame
|-damage|p2a: Talonflame|17\/100
|
|upkeep
|turn|24
|
|t:|1621365739
|move|p2a: Talonflame|Roost|p2a: Talonflame
|-heal|p2a: Talonflame|67\/100
|-singleturn|p2a: Talonflame|move: Roost
|move|p1a: Blissey|Seismic Toss|p2a: Talonflame
|-damage|p2a: Talonflame|33\/100
|
|upkeep
|turn|25
|
|t:|1621365746
|move|p2a: Talonflame|Roost|p2a: Talonflame
|-heal|p2a: Talonflame|84\/100
|-singleturn|p2a: Talonflame|move: Roost
|move|p1a: Blissey|Seismic Toss|p2a: Talonflame
|-damage|p2a: Talonflame|50\/100
|
|upkeep
|turn|26
|inactive|Ninjacid has 120 seconds left.
|
|t:|1621365785
|move|p2a: Talonflame|Roost|p2a: Talonflame
|-heal|p2a: Talonflame|99\/100
|-singleturn|p2a: Talonflame|move: Roost
|move|p1a: Blissey|Seismic Toss|p2a: Talonflame
|-damage|p2a: Talonflame|66\/100
|
|upkeep
|turn|27
|inactive|Ninjacid has 120 seconds left.
|
|t:|1621365802
|switch|p2a: Rotom|Rotom-Wash|49\/100 tox
|-damage|p2a: Rotom|36\/100 tox|[from] Stealth Rock
|move|p1a: Blissey|Seismic Toss|p2a: Rotom
|-damage|p2a: Rotom|3\/100 tox
|
|-heal|p2a: Rotom|10\/100 tox|[from] item: Leftovers
|-damage|p2a: Rotom|3\/100 tox|[from] psn
|upkeep
|turn|28
|c|☆Ninjacid|Idk I think you win
|inactive|Ninjacid has 120 seconds left.
|c| pupugugu|rillaboom misclick was unfort
|inactive|N1ghtShadeRNG has 120 seconds left.
|c| pupugugu|i mean pain split will give you like full health here xD
|
|t:|1621365849
|move|p2a: Rotom|Pain Split|p1a: Blissey
|-sethp|p1a: Blissey|47\/100|[from] move: Pain Split|[silent]
|-sethp|p2a: Rotom|100\/100 tox|[from] move: Pain Split
|move|p1a: Blissey|Soft-Boiled|p1a: Blissey
|-heal|p1a: Blissey|97\/100
|
|-damage|p2a: Rotom|88\/100 tox|[from] psn
|upkeep
|turn|29
|c|☆N1ghtShadeRNG|Maybe
|c|☆N1ghtShadeRNG|O
|inactive|Ninjacid has 120 seconds left.
|c|☆N1ghtShadeRNG|I misclicked soft boiled lol
|inactive|N1ghtShadeRNG has 90 seconds left.
|c|☆Ninjacid|Big health
|
|t:|1621365871
|move|p2a: Rotom|Volt Switch|p1a: Blissey
|-damage|p1a: Blissey|89\/100
|
|t:|1621365876
|switch|p2a: Tornadus|Tornadus-Therian, M|100\/100|[from]move: Volt Switch
|-damage|p2a: Tornadus|76\/100|[from] Stealth Rock
|move|p1a: Blissey|Seismic Toss|p2a: Tornadus
|-damage|p2a: Tornadus|42\/100
|
|upkeep
|turn|30
|
|t:|1621365888
|move|p2a: Tornadus|Nasty Plot|p2a: Tornadus
|-boost|p2a: Tornadus|spa|2
|move|p1a: Blissey|Seismic Toss|p2a: Tornadus
|-damage|p2a: Tornadus|9\/100
|
|upkeep
|turn|31
|
|t:|1621365904
|-zpower|p2a: Tornadus
|move|p2a: Tornadus|Supersonic Skystrike|p1a: Blissey|[zeffect]
|-damage|p1a: Blissey|37\/100
|move|p1a: Blissey|Seismic Toss|p2a: Tornadus
|-damage|p2a: Tornadus|0 fnt
|faint|p2a: Tornadus
|
|upkeep
|c|☆N1ghtShadeRNG|lmao
|
|t:|1621365912
|switch|p2a: Rillaboom|Rillaboom, F|81\/100 brn
|-damage|p2a: Rillaboom|69\/100 brn|[from] Stealth Rock
|-fieldstart|move: Grassy Terrain|[from] ability: Grassy Surge|[of] p2a: Rillaboom
|turn|32
|
|t:|1621365924
|move|p2a: Rillaboom|Grassy Glide|p1a: Blissey
|-damage|p1a: Blissey|0 fnt
|faint|p1a: Blissey
|
|-heal|p2a: Rillaboom|75\/100 brn|[from] Grassy Terrain
|-damage|p2a: Rillaboom|69\/100 brn|[from] brn
|upkeep
|c|☆N1ghtShadeRNG|Ah ofc
|
|t:|1621365933
|switch|p1a: Jirachi|Jirachi|100\/100
|turn|33
|c|☆Ninjacid|Torn with the same
|c|☆Ninjacid|Save*
|
|t:|1621365952
|switch|p2a: Talonflame|Talonflame-Mega, M|66\/100
|-damage|p2a: Talonflame|17\/100|[from] Stealth Rock
|-start|p2a: Talonflame|typechange|Fire\/Flying|[silent]
|move|p1a: Jirachi|U-turn|p2a: Talonflame
|-resisted|p2a: Talonflame
|-damage|p2a: Talonflame|11\/100
|
|upkeep
|turn|34
|c|☆N1ghtShadeRNG|I
|inactive|N1ghtShadeRNG has 120 seconds left.
|
|t:|1621365961
|move|p2a: Talonflame|Overheat|p1a: Jirachi
|-supereffective|p1a: Jirachi
|-damage|p1a: Jirachi|0 fnt
|-unboost|p2a: Talonflame|spa|2
|faint|p1a: Jirachi
|
|win|Ninjacid
|c|☆N1ghtShadeRNG|hm
|c|☆N1ghtShadeRNG|gg
|c| pupugugu|yo talonflame clutched xD
|c|☆N1ghtShadeRNG|lol
|c|☆Ninjacid|gg</script>
</div>
<div class="battle-log battle-log-inline"><div class="inner"><div class="battle-options"><div style="padding-top: 3px; padding-right: 3px; text-align: right"><button class="icon button" name="openBattleOptions" title="Options">Battle Options</button></div></div><div class="inner message-log"><div class="chat"><small>☆N1ghtShadeRNG and ☆Ninjacid joined</small></div><div class=""><small>Format:</small> <br><strong>[Gen 8] Megas for All</strong></div><div class="rated"><strong>Tournament battle</strong></div><div class=""><small><em>HP Percentage Mod:</em> HP is shown in percentages</small></div><div class=""><small><em>Endless Battle Clause:</em> Forcing endless battles is banned</small></div><div class=""><small><em>OHKO Clause:</em> OHKO moves are banned</small></div><div class=""><small><em>Evasion Moves Clause:</em> Evasion moves are banned</small></div><div class=""><small><em>Species Clause:</em> Limit one of each Pokémon</small></div><div class=""><small><em>Dynamax Clause:</em> You cannot dynamax</small></div><div class=""><small><em>Sleep Clause Mod:</em> Limit one foe put to sleep</small></div><div class=""><small><em>Freeze Clause Mod:</em> Limit one foe frozen</small></div><div class="chat"><img src="https://www.smogon.com/forums/attachments/banner_2-png.302358/" height="65" width="381"></div><div class="spacer battle-history"><br></div><div class="battle-history"><small>Welcome to Megas for All!</small><br></div><div class="battle-history"><small>This is a National Dex-based format where we aim to give a new Mega Evolution to every Pokémon.</small><br></div><div class="battle-history"><small>Just like any official format, you can still only Mega Evolve one Pokémon per team!</small><br></div><div class="battle-history"><small>You can find our thread and metagame resources here:</small><br></div><div class="battle-history"><small>https://www.smogon.com/forums/threads/3671140/</small><br></div><div class="chat battle-history"><strong>N1ghtShadeRNG's team:</strong> <em style="color:#445566;display:block;">Raichu / Slowking / Jirachi / Gliscor / Blissey / Heatran</em></div><div class="chat battle-history"><strong>Ninjacid's team:</strong> <em style="color:#445566;display:block;">Tornadus-Therian / Talonflame / Excadrill / Rillaboom / Rotom-Wash / Tyranitar</em></div><div class="chat message-error">Battle timer is ON: inactive players will automatically lose when time's up. (requested by N1ghtShadeRNG)</div><div class="chat chatmessage-ninjacid"><strong style="color:#c62447"><small>☆</small><span class="username" data-name="Ninjacid">Ninjacid</span>:</strong> <em>Glhf!!</em></div><div class="chat chatmessage-n1ghtshaderng"><strong style="color:#189a57"><small>☆</small><span class="username" data-name="N1ghtShadeRNG">N1ghtShadeRNG</span>:</strong> <em>You too</em></div><div class="chat"><small> pupugugu joined</small></div><div class="spacer battle-history"><br></div><div class="battle-history">Battle started between N1ghtShadeRNG and Ninjacid!<br></div><div class="spacer battle-history"><br></div><div class="battle-history">Go! <strong>Raichu</strong>!<br></div><div class="spacer battle-history"><br></div><div class="battle-history">Ninjacid sent out <strong>Rillaboom</strong>!<br></div><div class="battle-history">[The opposing Rillaboom's Grassy Surge]<br><small>Grass grew to cover the battlefield!</small><br></div><div class="spacer battle-history"><br></div><h2 class="battle-history">Turn 1</h2><div class="spacer battle-history"><br></div><div class="battle-history"><small>Raichu's Raichunite is reacting to the Key Stone!</small><br>Raichu has Mega Evolved into Mega Raichu!<br></div><div class="chat"><ul class="utilichart"><li class="result"><span class="col pokemonnamecol" style="white-space: nowrap">Raichu-Mega</span> <span class="col typecol"><img src="https://play.pokemonshowdown.com/sprites/types/Electric.png" alt="Electric" height="14" width="32"><img src="https://play.pokemonshowdown.com/sprites/types/Fighting.png" alt="Fighting" height="14" width="32"></span> <span style="float: left ; min-height: 26px"><span class="col abilitycol">Reckless</span><span class="col abilitycol"></span></span><span style="float: left ; min-height: 26px"><span class="col statcol"><em>HP</em><br>60</span> <span class="col statcol"><em>Atk</em><br>125</span> <span class="col statcol"><em>Def</em><br>55</span> <span class="col statcol"><em>SpA</em><br>110</span> <span class="col statcol"><em>SpD</em><br>100</span> <span class="col statcol"><em>Spe</em><br>125</span> </span></li><li style="clear: both"></li></ul></div><div class="spacer battle-history"><br></div><div class="battle-history">The opposing Rillaboom used <strong>Grassy Glide</strong>!<br></div><div class="battle-history"><small>(Raichu lost 100% of its health!)</small><br></div><div class="spacer battle-history"><br></div><div class="battle-history">Raichu fainted!<br></div><div class="chat chatmessage-n1ghtshaderng"><strong style="color:#189a57"><small>☆</small><span class="username" data-name="N1ghtShadeRNG">N1ghtShadeRNG</span>:</strong> <em>I</em></div><div class="chat chatmessage-ninjacid"><strong style="color:#c62447"><small>☆</small><span class="username" data-name="Ninjacid">Ninjacid</span>:</strong> <em>Sorry</em></div><div class="chat chatmessage-pupugugu"><strong style="color:#2b7b91"><small> </small><span class="username" data-name="pupugugu">pupugugu</span>:</strong> <em>monke</em></div><div class="chat chatmessage-ninjacid"><strong style="color:#c62447"><small>☆</small><span class="username" data-name="Ninjacid">Ninjacid</span>:</strong> <em>Thanks pupu </em></div><div class="chat chatmessage-n1ghtshaderng"><strong style="color:#189a57"><small>☆</small><span class="username" data-name="N1ghtShadeRNG">N1ghtShadeRNG</span>:</strong> <em>nah it's fine lol</em></div><div class="spacer battle-history"><br></div><div class="battle-history">Go! <strong>Heatran</strong>!<br></div><div class="spacer battle-history"><br></div><h2 class="battle-history">Turn 2</h2><div class="spacer battle-history"><br></div><div class="battle-history">Ninjacid withdrew Rillaboom!<br></div><div class="battle-history">Ninjacid sent out <strong>Tyranitar</strong>!<br></div><div class="battle-history">[The opposing Tyranitar's Sand Stream]<br><small>A sandstorm kicked up!</small><br></div><div class="spacer battle-history"><br></div><div class="battle-history">Heatran used <strong>Magma Storm</strong>!<br></div><div class="battle-history"><small>It's not very effective...</small><br></div><div class="battle-history"><small>(The opposing Tyranitar lost 6% of its health!)</small><br></div><div class="battle-history"><small>The opposing Tyranitar became trapped by swirling magma!</small><br></div><div class="spacer battle-history"><br></div><div class="battle-history"><small>(The sandstorm is raging.)</small><br></div><div class="battle-history"><small>The opposing Tyranitar's HP was restored.</small><br></div><div class="battle-history"><small>The opposing Tyranitar is hurt by Magma Storm!</small><br></div><div class="spacer battle-history"><br></div><h2 class="battle-history">Turn 3</h2><div class="spacer battle-history"><br></div><div class="battle-history">Heatran used <strong>Earth Power</strong>!<br></div><div class="battle-history"><small>It's super effective!</small><br></div><div class="battle-history"><small>(The opposing Tyranitar lost 16% of its health!)</small><br></div><div class="spacer battle-history"><br></div><div class="battle-history">The opposing Tyranitar used <strong>Pursuit</strong>!<br></div><div class="battle-history"><small>(Heatran lost 18% of its health!)</small><br></div><div class="spacer battle-history"><br></div><div class="battle-history"><small>(The sandstorm is raging.)</small><br></div><div class="battle-history"><small>Heatran restored a little HP using its Leftovers!</small><br></div><div class="battle-history"><small>Heatran's HP was restored.</small><br></div><div class="battle-history"><small>The opposing Tyranitar's HP was restored.</small><br></div><div class="battle-history"><small>The opposing Tyranitar is hurt by Magma Storm!</small><br></div><div class="spacer battle-history"><br></div><h2 class="battle-history">Turn 4</h2><div class="chat chatmessage-n1ghtshaderng"><strong style="color:#189a57"><small>☆</small><span class="username" data-name="N1ghtShadeRNG">N1ghtShadeRNG</span>:</strong> <em>I</em></div><div class="chat chatmessage-pupugugu"><strong style="color:#2b7b91"><small> </small><span class="username" data-name="pupugugu">pupugugu</span>:</strong> <em>av ttar is the goat :')</em></div><div class="chat chatmessage-n1ghtshaderng"><strong style="color:#189a57"><small>☆</small><span class="username" data-name="N1ghtShadeRNG">N1ghtShadeRNG</span>:</strong> <em>is that AV?</em></div><div class="chat chatmessage-n1ghtshaderng"><strong style="color:#189a57"><small>☆</small><span class="username" data-name="N1ghtShadeRNG">N1ghtShadeRNG</span>:</strong> <em>good god</em></div><div class="chat chatmessage-pupugugu"><strong style="color:#2b7b91"><small> </small><span class="username" data-name="pupugugu">pupugugu</span>:</strong> <em>yeah i made it av so it can take fblast from torn</em></div><div class="chat chatmessage-ninjacid"><strong style="color:#c62447"><small>☆</small><span class="username" data-name="Ninjacid">Ninjacid</span>:</strong> <em>Lol</em></div><div class="chat chatmessage-pupugugu"><strong style="color:#2b7b91"><small> </small><span class="username" data-name="pupugugu">pupugugu</span>:</strong> <em>probably not after an nplot tho</em></div><div class="chat chatmessage-ninjacid"><strong style="color:#c62447"><small>☆</small><span class="username" data-name="Ninjacid">Ninjacid</span>:</strong> <em>i like it</em></div><div class="chat message-error">N1ghtShadeRNG has 120 seconds left.</div><div class="spacer battle-history"><br></div><div class="battle-history">Heatran used <strong>Toxic</strong>!<br></div><div class="battle-history"><small>The opposing Tyranitar was badly poisoned!</small><br></div><div class="spacer battle-history"><br></div><div class="battle-history">The opposing Tyranitar used <strong>Earthquake</strong>!<br></div><div class="battle-history"><small>It's super effective!</small><br></div><div class="battle-history"><small>(Heatran lost 55% of its health!)</small><br></div><div class="spacer battle-history"><br></div><div class="battle-history"><small>(The sandstorm is raging.)</small><br></div><div class="battle-history"><small>Heatran restored a little HP using its Leftovers!</small><br></div><div class="battle-history"><small>Heatran's HP was restored.</small><br></div><div class="battle-history"><small>The opposing Tyranitar's HP was restored.</small><br></div><div class="battle-history"><small>The opposing Tyranitar was hurt by poison!</small><br></div><div class="battle-history"><small>The opposing Tyranitar is hurt by Magma Storm!</small><br></div><div class="spacer battle-history"><br></div><h2 class="battle-history">Turn 5</h2><div class="spacer battle-history"><br></div><div class="battle-history">Heatran used <strong>Earth Power</strong>!<br></div><div class="battle-history"><small>It's super effective!</small><br></div><div class="battle-history"><small>(The opposing Tyranitar lost 18% of its health!)</small><br></div><div class="spacer battle-history"><br></div><div class="battle-history">The opposing Tyranitar used <strong>Pursuit</strong>!<br></div><div class="battle-history"><small>(Heatran lost 18% of its health!)</small><br></div><div class="spacer battle-history"><br></div><div class="battle-history"><small>(The sandstorm is raging.)</small><br></div><div class="battle-history"><small>Heatran restored a little HP using its Leftovers!</small><br></div><div class="battle-history"><small>Heatran's HP was restored.</small><br></div><div class="battle-history"><small>The opposing Tyranitar's HP was restored.</small><br></div><div class="battle-history"><small>The grass disappeared from the battlefield.</small><br></div><div class="battle-history"><small>The opposing Tyranitar was hurt by poison!</small><br></div><div class="battle-history"><small>The opposing Tyranitar is hurt by Magma Storm!</small><br></div><div class="spacer battle-history"><br></div><h2 class="battle-history">Turn 6</h2><div class="chat chatmessage-pupugugu"><strong style="color:#2b7b91"><small> </small><span class="username" data-name="pupugugu">pupugugu</span>:</strong> <em>oh it can on a roll, neat</em></div><div class="spacer battle-history"><br></div><div class="battle-history">Heatran, come back!<br></div><div class="battle-history">Go! <strong>Gliscor</strong>!<br></div><div class="spacer battle-history"><br></div><div class="battle-history">The opposing Tyranitar used <strong>Earthquake</strong>!<br></div><div class="battle-history"><small>It doesn't affect Gliscor...</small><br></div><div class="spacer battle-history"><br></div><div class="battle-history"><small>The sandstorm subsided.</small><br></div><div class="battle-history"><small>The opposing Tyranitar was hurt by poison!</small><br></div><div class="spacer battle-history"><br></div><div class="battle-history">The opposing Tyranitar fainted!<br></div><div class="battle-history"><small>Gliscor was badly poisoned!</small><br></div><div class="spacer battle-history"><br></div><div class="battle-history">Ninjacid sent out <strong>Talonflame</strong>!<br></div><div class="spacer battle-history"><br></div><h2 class="battle-history">Turn 7</h2><div class="chat chatmessage-pupugugu"><strong style="color:#2b7b91"><small> </small><span class="username" data-name="pupugugu">pupugugu</span>:</strong> <em>(after rocks)</em></div><div class="spacer battle-history"><br></div><div class="battle-history"><small>The opposing Talonflame's Talonflite is reacting to the Key Stone!</small><br>The opposing Talonflame has Mega Evolved into Mega Talonflame!<br></div><div class="chat"><ul class="utilichart"><li class="result"><span class="col pokemonnamecol" style="white-space: nowrap">Talonflame-Mega</span> <span class="col typecol"><img src="https://play.pokemonshowdown.com/sprites/types/Fire.png" alt="Fire" height="14" width="32"><img src="https://play.pokemonshowdown.com/sprites/types/Flying.png" alt="Flying" height="14" width="32"></span> <span style="float: left ; min-height: 26px"><span class="col abilitycol">Bird of Prey</span><span class="col abilitycol"></span></span><span style="float: left ; min-height: 26px"><span class="col statcol"><em>HP</em><br>78</span> <span class="col statcol"><em>Atk</em><br>81</span> <span class="col statcol"><em>Def</em><br>71</span> <span class="col statcol"><em>SpA</em><br>134</span> <span class="col statcol"><em>SpD</em><br>69</span> <span class="col statcol"><em>Spe</em><br>166</span> </span></li><li style="clear: both"></li></ul></div><div class="spacer battle-history"><br></div><div class="battle-history">The opposing Talonflame used <strong>Hidden Power</strong>!<br></div><div class="battle-history"><small>It's super effective!</small><br></div><div class="battle-history"><small>(Gliscor lost 89% of its health!)</small><br></div><div class="spacer battle-history"><br></div><div class="battle-history">Gliscor used <strong>Swords Dance</strong>!<br></div><div class="battle-history"><small>Gliscor's Attack rose sharply!</small><br></div><div class="spacer battle-history"><br></div><div class="battle-history">[Gliscor's Poison Heal]<br><small>Gliscor had its HP restored.</small><br></div><div class="spacer battle-history"><br></div><h2 class="battle-history">Turn 8</h2><div class="chat chatmessage-n1ghtshaderng"><strong style="color:#189a57"><small>☆</small><span class="username" data-name="N1ghtShadeRNG">N1ghtShadeRNG</span>:</strong> <em>hhhhh</em></div><div class="chat chatmessage-n1ghtshaderng"><strong style="color:#189a57"><small>☆</small><span class="username" data-name="N1ghtShadeRNG">N1ghtShadeRNG</span>:</strong> <em>i die</em></div><div class="spacer battle-history"><br></div><div class="battle-history">The opposing Talonflame used <strong>Hidden Power</strong>!<br></div><div class="battle-history"><small>It's super effective!</small><br></div><div class="battle-history"><small>(Gliscor lost 23% of its health!)</small><br></div><div class="spacer battle-history"><br></div><div class="battle-history">Gliscor fainted!<br></div><div class="chat chatmessage-ninjacid"><strong style="color:#c62447"><small>☆</small><span class="username" data-name="Ninjacid">Ninjacid</span>:</strong> <em>Eliminated </em></div><div class="chat chatmessage-pupugugu"><strong style="color:#2b7b91"><small> </small><span class="username" data-name="pupugugu">pupugugu</span>:</strong> <em>to be fair this team is kinda cheese tho xD</em></div><div class="chat chatmessage-ninjacid"><strong style="color:#c62447"><small>☆</small><span class="username" data-name="Ninjacid">Ninjacid</span>:</strong> <em>Bird of prey is sick</em></div><div class="chat message-error">N1ghtShadeRNG has 120 seconds left.</div><div class="chat chatmessage-n1ghtshaderng"><strong style="color:#189a57"><small>☆</small><span class="username" data-name="N1ghtShadeRNG">N1ghtShadeRNG</span>:</strong> <em>Yea</em></div><div class="chat chatmessage-n1ghtshaderng"><strong style="color:#189a57"><small>☆</small><span class="username" data-name="N1ghtShadeRNG">N1ghtShadeRNG</span>:</strong> <em>I never used to like the ability but now I realize how cool it is lol</em></div><div class="spacer battle-history"><br></div><div class="battle-history">Go! <strong>Heatran</strong>!<br></div><div class="spacer battle-history"><br></div><h2 class="battle-history">Turn 9</h2><div class="chat"><small>#inkbug1 joined</small></div><div class="chat chatmessage-pupugugu"><strong style="color:#2b7b91"><small> </small><span class="username" data-name="pupugugu">pupugugu</span>:</strong> <em>it's great for enabling certain mons</em></div><div class="chat chatmessage-pupugugu"><strong style="color:#2b7b91"><small> </small><span class="username" data-name="pupugugu">pupugugu</span>:</strong> <em>like rillaboom and excadrill haha</em></div><div class="chat chatmessage-n1ghtshaderng"><strong style="color:#189a57"><small>☆</small><span class="username" data-name="N1ghtShadeRNG">N1ghtShadeRNG</span>:</strong> <em>Actually</em></div><div class="spacer battle-history"><br></div><div class="battle-history">Ninjacid withdrew Talonflame!<br></div><div class="battle-history">Ninjacid sent out Rotom (<strong>Rotom-Wash</strong>)!<br></div><div class="spacer battle-history"><br></div><div class="battle-history">Heatran used <strong>Toxic</strong>!<br></div><div class="battle-history"><small>The opposing Rotom was badly poisoned!</small><br></div><div class="spacer battle-history"><br></div><div class="battle-history"><small>Heatran restored a little HP using its Leftovers!</small><br></div><div class="battle-history"><small>The opposing Rotom was hurt by poison!</small><br></div><div class="spacer battle-history"><br></div><h2 class="battle-history">Turn 10</h2><div class="chat message-error">N1ghtShadeRNG has 120 seconds left.</div><div class="chat chatmessage-n1ghtshaderng"><strong style="color:#189a57"><small>☆</small><span class="username" data-name="N1ghtShadeRNG">N1ghtShadeRNG</span>:</strong> <em>Bird of prey will become a lot more prevalent I think if the bird gets released into OU</em></div><div class="spacer battle-history"><br></div><div class="battle-history">Heatran used <strong>Taunt</strong>!<br></div><div class="battle-history"><small>The opposing Rotom fell for the taunt!</small><br></div><div class="spacer battle-history"><br></div><div class="battle-history">The opposing Rotom used <strong>Volt Switch</strong>!<br></div><div class="battle-history"><small>(Heatran lost 27% of its health!)</small><br></div><div class="spacer battle-history"><br></div><div class="battle-history">The opposing Rotom went back to Ninjacid!<br></div><div class="battle-history">Ninjacid sent out <strong>Excadrill</strong>!<br></div><div class="battle-history">[The opposing Excadrill's Mold Breaker]<br><small>The opposing Excadrill breaks the mold!</small><br></div><div class="spacer battle-history"><br></div><div class="battle-history"><small>Heatran restored a little HP using its Leftovers!</small><br></div><div class="spacer battle-history"><br></div><h2 class="battle-history">Turn 11</h2><div class="spacer battle-history"><br></div><div class="battle-history">The opposing Excadrill used <strong>Earthquake</strong>!<br></div><div class="battle-history"><small>It's super effective!</small><br></div><div class="battle-history"><small>(Heatran lost 31% of its health!)</small><br></div><div class="spacer battle-history"><br></div><div class="battle-history">Heatran fainted!<br></div><div class="spacer battle-history"><br></div><div class="battle-history">Go! <strong>Jirachi</strong>!<br></div><div class="spacer battle-history"><br></div><h2 class="battle-history">Turn 12</h2><div class="spacer battle-history"><br></div><div class="battle-history">Jirachi used <strong>Stealth Rock</strong>!<br></div><div class="battle-history"><small>Pointed stones float in the air around the opposing team!</small><br></div><div class="spacer battle-history"><br></div><div class="battle-history">The opposing Excadrill used <strong>Rapid Spin</strong>!<br></div><div class="battle-history"><small>It's not very effective...</small><br></div><div class="battle-history"><small>(Jirachi lost 6% of its health!)</small><br></div><div class="battle-history"><small>The opposing Excadrill's Speed rose!</small><br></div><div class="battle-history"><small>The pointed stones disappeared from around the opposing team!</small><br></div><div class="spacer battle-history"><br></div><div class="battle-history"><small>Jirachi restored a little HP using its Leftovers!</small><br></div><div class="spacer battle-history"><br></div><h2 class="battle-history">Turn 13</h2><div class="chat message-error">N1ghtShadeRNG has 120 seconds left.</div><div class="spacer battle-history"><br></div><div class="battle-history">The opposing Excadrill used <strong>Earthquake</strong>!<br></div><div class="battle-history"><small>It's super effective!</small><br></div><div class="battle-history"><small>(Jirachi lost 71% of its health!)</small><br></div><div class="spacer battle-history"><br></div><div class="battle-history">Jirachi used <strong>U-turn</strong>!<br></div><div class="battle-history"><small>It's not very effective...</small><br></div><div class="battle-history"><small>(The opposing Excadrill lost 11% of its health!)</small><br></div><div class="chat chatmessage-n1ghtshaderng"><strong style="color:#189a57"><small>☆</small><span class="username" data-name="N1ghtShadeRNG">N1ghtShadeRNG</span>:</strong> <em>i</em></div><div class="chat message-error">N1ghtShadeRNG has 120 seconds left.</div><div class="spacer battle-history"><br></div><div class="battle-history">Jirachi went back to N1ghtShadeRNG!<br></div><div class="battle-history">Go! <strong>Slowking</strong>!<br></div><div class="spacer battle-history"><br></div><div class="battle-history"><small>The opposing Excadrill restored a little HP using its Leftovers!</small><br></div><div class="spacer battle-history"><br></div><h2 class="battle-history">Turn 14</h2><div class="spacer battle-history"><br></div><div class="battle-history">The opposing Excadrill used <strong>Earthquake</strong>!<br></div><div class="battle-history"><small>(Slowking lost 48% of its health!)</small><br></div><div class="spacer battle-history"><br></div><div class="battle-history">Slowking used <strong>Scald</strong>!<br></div><div class="battle-history"><small>It's super effective!</small><br></div><div class="battle-history"><small>(The opposing Excadrill lost 55% of its health!)</small><br></div><div class="battle-history"><small>The opposing Excadrill was burned!</small><br></div><div class="spacer battle-history"><br></div><div class="battle-history"><small>The opposing Excadrill restored a little HP using its Leftovers!</small><br></div><div class="battle-history"><small>The opposing Excadrill was hurt by its burn!</small><br></div><div class="spacer battle-history"><br></div><h2 class="battle-history">Turn 15</h2><div class="chat chatmessage-ninjacid"><strong style="color:#c62447"><small>☆</small><span class="username" data-name="Ninjacid">Ninjacid</span>:</strong> <em>Lol</em></div><div class="chat chatmessage-ninjacid"><strong style="color:#c62447"><small>☆</small><span class="username" data-name="Ninjacid">Ninjacid</span>:</strong> <em>Scald is so cool</em></div><div class="chat message-error">N1ghtShadeRNG has 120 seconds left.</div><div class="chat chatmessage-n1ghtshaderng"><strong style="color:#189a57"><small>☆</small><span class="username" data-name="N1ghtShadeRNG">N1ghtShadeRNG</span>:</strong> <em>Yea</em></div><div class="chat chatmessage-n1ghtshaderng"><strong style="color:#189a57"><small>☆</small><span class="username" data-name="N1ghtShadeRNG">N1ghtShadeRNG</span>:</strong> <em>Well actually</em></div><div class="chat chatmessage-n1ghtshaderng"><strong style="color:#189a57"><small>☆</small><span class="username" data-name="N1ghtShadeRNG">N1ghtShadeRNG</span>:</strong> <em>It's hot</em></div><div class="spacer battle-history"><br></div><div class="battle-history">The opposing Excadrill used <strong>Toxic</strong>!<br></div><div class="battle-history"><small>Slowking was badly poisoned!</small><br></div><div class="spacer battle-history"><br></div><div class="battle-history">Slowking used <strong>Slack Off</strong>!<br></div><div class="battle-history"><small>Slowking had its HP restored.</small><br></div><div class="spacer battle-history"><br></div><div class="battle-history"><small>The opposing Excadrill restored a little HP using its Leftovers!</small><br></div><div class="battle-history"><small>The opposing Excadrill was hurt by its burn!</small><br></div><div class="battle-history"><small>Slowking was hurt by poison!</small><br></div><div class="spacer battle-history"><br></div><h2 class="battle-history">Turn 16</h2><div class="spacer battle-history"><br></div><div class="battle-history">The opposing Excadrill used <strong>Earthquake</strong>!<br></div><div class="battle-history"><small>(Slowking lost 22% of its health!)</small><br></div><div class="spacer battle-history"><br></div><div class="battle-history">Slowking used <strong>Scald</strong>!<br></div><div class="battle-history"><small>It's super effective!</small><br></div><div class="battle-history"><small>(The opposing Excadrill lost 40% of its health!)</small><br></div><div class="spacer battle-history"><br></div><div class="battle-history">The opposing Excadrill fainted!<br></div><div class="spacer battle-history"><br></div><div class="battle-history"><small>Slowking was hurt by poison!</small><br></div><div class="chat message-error">Ninjacid has 120 seconds left.</div><div class="spacer battle-history"><br></div><div class="battle-history">Ninjacid sent out <strong>Rillaboom</strong>!<br></div><div class="battle-history">[The opposing Rillaboom's Grassy Surge]<br><small>Grass grew to cover the battlefield!</small><br></div><div class="spacer battle-history"><br></div><h2 class="battle-history">Turn 17</h2><div class="spacer battle-history"><br></div><div class="battle-history">The opposing Rillaboom used <strong>Superpower</strong>!<br></div><div class="battle-history"><small>It's not very effective...</small><br></div><div class="battle-history"><small>(Slowking lost 36% of its health!)</small><br></div><div class="battle-history"><small>The opposing Rillaboom's Attack fell!</small><br></div><div class="battle-history"><small>The opposing Rillaboom's Defense fell!</small><br></div><div class="spacer battle-history"><br></div><div class="battle-history">Slowking used <strong>Scald</strong>!<br></div><div class="battle-history"><small>It's not very effective...</small><br></div><div class="battle-history"><small>(The opposing Rillaboom lost 19% of its health!)</small><br></div><div class="battle-history"><small>The opposing Rillaboom was burned!</small><br></div><div class="spacer battle-history"><br></div><div class="battle-history"><small>The opposing Rillaboom's HP was restored.</small><br></div><div class="battle-history"><small>Slowking's HP was restored.</small><br></div><div class="battle-history"><small>The opposing Rillaboom was hurt by its burn!</small><br></div><div class="battle-history"><small>Slowking was hurt by poison!</small><br></div><div class="spacer battle-history"><br></div><h2 class="battle-history">Turn 18</h2><div class="chat chatmessage-n1ghtshaderng"><strong style="color:#189a57"><small>☆</small><span class="username" data-name="N1ghtShadeRNG">N1ghtShadeRNG</span>:</strong> <em>?</em></div><div class="chat chatmessage-ninjacid"><strong style="color:#c62447"><small>☆</small><span class="username" data-name="Ninjacid">Ninjacid</span>:</strong> <em>Idk</em></div><div class="chat chatmessage-n1ghtshaderng"><strong style="color:#189a57"><small>☆</small><span class="username" data-name="N1ghtShadeRNG">N1ghtShadeRNG</span>:</strong> <em>Why did you do that lol</em></div><div class="chat message-error">N1ghtShadeRNG has 120 seconds left.</div><div class="chat chatmessage-ninjacid"><strong style="color:#c62447"><small>☆</small><span class="username" data-name="Ninjacid">Ninjacid</span>:</strong> <em>misclock</em></div><div class="spacer battle-history"><br></div><div class="battle-history">The opposing Rillaboom used <strong>Superpower</strong>!<br></div><div class="battle-history"><small>It's not very effective...</small><br></div><div class="battle-history"><small>(Slowking lost 12% of its health!)</small><br></div><div class="battle-history"><small>The opposing Rillaboom's Attack fell!</small><br></div><div class="battle-history"><small>The opposing Rillaboom's Defense fell!</small><br></div><div class="spacer battle-history"><br></div><div class="battle-history">Slowking fainted!<br></div><div class="spacer battle-history"><br></div><div class="battle-history"><small>The opposing Rillaboom's HP was restored.</small><br></div><div class="battle-history"><small>The opposing Rillaboom was hurt by its burn!</small><br></div><div class="chat message-error">N1ghtShadeRNG has 120 seconds left.</div><div class="spacer battle-history"><br></div><div class="battle-history">Go! <strong>Jirachi</strong>!<br></div><div class="spacer battle-history"><br></div><h2 class="battle-history">Turn 19</h2><div class="spacer battle-history"><br></div><div class="battle-history">Jirachi used <strong>Wish</strong>!<br></div><div class="spacer battle-history"><br></div><div class="battle-history">The opposing Rillaboom used <strong>Superpower</strong>!<br></div><div class="battle-history"><small>(Jirachi lost 13% of its health!)</small><br></div><div class="battle-history"><small>The opposing Rillaboom's Attack fell!</small><br></div><div class="battle-history"><small>The opposing Rillaboom's Defense fell!</small><br></div><div class="spacer battle-history"><br></div><div class="battle-history"><small>Jirachi restored a little HP using its Leftovers!</small><br></div><div class="battle-history"><small>Jirachi's HP was restored.</small><br></div><div class="battle-history"><small>The opposing Rillaboom's HP was restored.</small><br></div><div class="battle-history"><small>The opposing Rillaboom was hurt by its burn!</small><br></div><div class="spacer battle-history"><br></div><h2 class="battle-history">Turn 20</h2><div class="chat message-error">N1ghtShadeRNG has 120 seconds left.</div><div class="spacer battle-history"><br></div><div class="battle-history">Ninjacid withdrew Rillaboom!<br></div><div class="battle-history">Ninjacid sent out Rotom (<strong>Rotom-Wash</strong>)!<br></div><div class="spacer battle-history"><br></div><div class="battle-history">Jirachi used <strong>Stealth Rock</strong>!<br></div><div class="battle-history"><small>Pointed stones float in the air around the opposing team!</small><br></div><div class="spacer battle-history"><br></div><div class="battle-history"><small>Jirachi's wish came true!</small><br></div><div class="battle-history"><small>Jirachi restored a little HP using its Leftovers!</small><br></div><div class="battle-history"><small>Jirachi's HP was restored.</small><br></div><div class="battle-history"><small>The opposing Rotom restored a little HP using its Leftovers!</small><br></div><div class="battle-history"><small>The opposing Rotom was hurt by poison!</small><br></div><div class="spacer battle-history"><br></div><h2 class="battle-history">Turn 21</h2><div class="spacer battle-history"><br></div><div class="battle-history">Jirachi used <strong>Iron Head</strong>!<br></div><div class="battle-history"><small>It's not very effective...</small><br></div><div class="battle-history"><small>(The opposing Rotom lost 5% of its health!)</small><br></div><div class="spacer battle-history"><br></div><div class="battle-history">The opposing Rotom flinched and couldn't move!<br></div><div class="spacer battle-history"><br></div><div class="battle-history"><small>Jirachi restored a little HP using its Leftovers!</small><br></div><div class="battle-history"><small>Jirachi's HP was restored.</small><br></div><div class="battle-history"><small>The opposing Rotom restored a little HP using its Leftovers!</small><br></div><div class="battle-history"><small>The grass disappeared from the battlefield.</small><br></div><div class="battle-history"><small>The opposing Rotom was hurt by poison!</small><br></div><div class="spacer battle-history"><br></div><h2 class="battle-history">Turn 22</h2><div class="spacer battle-history"><br></div><div class="battle-history">Jirachi used <strong>U-turn</strong>!<br></div><div class="battle-history"><small>A critical hit!</small><br></div><div class="battle-history"><small>(The opposing Rotom lost 22% of its health!)</small><br></div><div class="spacer battle-history"><br></div><div class="battle-history">Jirachi went back to N1ghtShadeRNG!<br></div><div class="battle-history">Go! <strong>Blissey</strong>!<br></div><div class="spacer battle-history"><br></div><div class="battle-history">The opposing Rotom used <strong>Will-O-Wisp</strong>!<br></div><div class="battle-history"><small>Blissey avoided the attack!</small><br></div><div class="spacer battle-history"><br></div><div class="battle-history"><small>The opposing Rotom restored a little HP using its Leftovers!</small><br></div><div class="battle-history"><small>The opposing Rotom was hurt by poison!</small><br></div><div class="spacer battle-history"><br></div><h2 class="battle-history">Turn 23</h2><div class="spacer battle-history"><br></div><div class="battle-history">The opposing Rotom used <strong>Volt Switch</strong>!<br></div><div class="battle-history"><small>(Blissey lost 7% of its health!)</small><br></div><div class="spacer battle-history"><br></div><div class="battle-history">The opposing Rotom went back to Ninjacid!<br></div><div class="battle-history">Ninjacid sent out Talonflame (<strong>Talonflame-Mega</strong>)!<br></div><div class="battle-history"><small>Pointed stones dug into the opposing Talonflame!</small><br></div><div class="spacer battle-history"><br></div><div class="battle-history">Blissey used <strong>Seismic Toss</strong>!<br></div><div class="battle-history"><small>(The opposing Talonflame lost 34% of its health!)</small><br></div><div class="spacer battle-history"><br></div><h2 class="battle-history">Turn 24</h2><div class="spacer battle-history"><br></div><div class="battle-history">The opposing Talonflame used <strong>Roost</strong>!<br></div><div class="battle-history"><small>The opposing Talonflame had its HP restored.</small><br></div><div class="battle-history"><small>(The opposing Talonflame loses Flying type this turn.)</small><br></div><div class="spacer battle-history"><br></div><div class="battle-history">Blissey used <strong>Seismic Toss</strong>!<br></div><div class="battle-history"><small>(The opposing Talonflame lost 34% of its health!)</small><br></div><div class="spacer battle-history"><br></div><h2 class="battle-history">Turn 25</h2><div class="spacer battle-history"><br></div><div class="battle-history">The opposing Talonflame used <strong>Roost</strong>!<br></div><div class="battle-history"><small>The opposing Talonflame had its HP restored.</small><br></div><div class="battle-history"><small>(The opposing Talonflame loses Flying type this turn.)</small><br></div><div class="spacer battle-history"><br></div><div class="battle-history">Blissey used <strong>Seismic Toss</strong>!<br></div><div class="battle-history"><small>(The opposing Talonflame lost 34% of its health!)</small><br></div><div class="spacer battle-history"><br></div><h2 class="battle-history">Turn 26</h2><div class="chat message-error">Ninjacid has 120 seconds left.</div><div class="spacer battle-history"><br></div><div class="battle-history">The opposing Talonflame used <strong>Roost</strong>!<br></div><div class="battle-history"><small>The opposing Talonflame had its HP restored.</small><br></div><div class="battle-history"><small>(The opposing Talonflame loses Flying type this turn.)</small><br></div><div class="spacer battle-history"><br></div><div class="battle-history">Blissey used <strong>Seismic Toss</strong>!<br></div><div class="battle-history"><small>(The opposing Talonflame lost 33% of its health!)</small><br></div><div class="spacer battle-history"><br></div><h2 class="battle-history">Turn 27</h2><div class="chat message-error">Ninjacid has 120 seconds left.</div><div class="spacer battle-history"><br></div><div class="battle-history">Ninjacid withdrew Talonflame!<br></div><div class="battle-history">Ninjacid sent out Rotom (<strong>Rotom-Wash</strong>)!<br></div><div class="battle-history"><small>Pointed stones dug into the opposing Rotom!</small><br></div><div class="spacer battle-history"><br></div><div class="battle-history">Blissey used <strong>Seismic Toss</strong>!<br></div><div class="battle-history"><small>(The opposing Rotom lost 33% of its health!)</small><br></div><div class="spacer battle-history"><br></div><div class="battle-history"><small>The opposing Rotom restored a little HP using its Leftovers!</small><br></div><div class="battle-history"><small>The opposing Rotom was hurt by poison!</small><br></div><div class="spacer battle-history"><br></div><h2 class="battle-history">Turn 28</h2><div class="chat chatmessage-ninjacid"><strong style="color:#c62447"><small>☆</small><span class="username" data-name="Ninjacid">Ninjacid</span>:</strong> <em>Idk I think you win</em></div><div class="chat message-error">Ninjacid has 120 seconds left.</div><div class="chat chatmessage-pupugugu"><strong style="color:#2b7b91"><small> </small><span class="username" data-name="pupugugu">pupugugu</span>:</strong> <em>rillaboom misclick was unfort</em></div><div class="chat message-error">N1ghtShadeRNG has 120 seconds left.</div><div class="chat chatmessage-pupugugu"><strong style="color:#2b7b91"><small> </small><span class="username" data-name="pupugugu">pupugugu</span>:</strong> <em>i mean pain split will give you like full health here xD</em></div><div class="spacer battle-history"><br></div><div class="battle-history">The opposing Rotom used <strong>Pain Split</strong>!<br></div><div class="battle-history"><small>The battlers shared their pain!</small><br></div><div class="spacer battle-history"><br></div><div class="battle-history">Blissey used <strong>Soft-Boiled</strong>!<br></div><div class="battle-history"><small>Blissey had its HP restored.</small><br></div><div class="spacer battle-history"><br></div><div class="battle-history"><small>The opposing Rotom was hurt by poison!</small><br></div><div class="spacer battle-history"><br></div><h2 class="battle-history">Turn 29</h2><div class="chat chatmessage-n1ghtshaderng"><strong style="color:#189a57"><small>☆</small><span class="username" data-name="N1ghtShadeRNG">N1ghtShadeRNG</span>:</strong> <em>Maybe</em></div><div class="chat chatmessage-n1ghtshaderng"><strong style="color:#189a57"><small>☆</small><span class="username" data-name="N1ghtShadeRNG">N1ghtShadeRNG</span>:</strong> <em>O</em></div><div class="chat message-error">Ninjacid has 120 seconds left.</div><div class="chat chatmessage-n1ghtshaderng"><strong style="color:#189a57"><small>☆</small><span class="username" data-name="N1ghtShadeRNG">N1ghtShadeRNG</span>:</strong> <em>I misclicked soft boiled lol</em></div><div class="chat message-error">N1ghtShadeRNG has 90 seconds left.</div><div class="chat chatmessage-ninjacid"><strong style="color:#c62447"><small>☆</small><span class="username" data-name="Ninjacid">Ninjacid</span>:</strong> <em>Big health</em></div><div class="spacer battle-history"><br></div><div class="battle-history">The opposing Rotom used <strong>Volt Switch</strong>!<br></div><div class="battle-history"><small>(Blissey lost 8% of its health!)</small><br></div><div class="spacer battle-history"><br></div><div class="battle-history">The opposing Rotom went back to Ninjacid!<br></div><div class="battle-history">Ninjacid sent out Tornadus (<strong>Tornadus-Therian</strong>)!<br></div><div class="battle-history"><small>Pointed stones dug into the opposing Tornadus!</small><br></div><div class="spacer battle-history"><br></div><div class="battle-history">Blissey used <strong>Seismic Toss</strong>!<br></div><div class="battle-history"><small>(The opposing Tornadus lost 34% of its health!)</small><br></div><div class="spacer battle-history"><br></div><h2 class="battle-history">Turn 30</h2><div class="spacer battle-history"><br></div><div class="battle-history">The opposing Tornadus used <strong>Nasty Plot</strong>!<br></div><div class="battle-history"><small>The opposing Tornadus's Sp. Atk rose sharply!</small><br></div><div class="spacer battle-history"><br></div><div class="battle-history">Blissey used <strong>Seismic Toss</strong>!<br></div><div class="battle-history"><small>(The opposing Tornadus lost 33% of its health!)</small><br></div><div class="spacer battle-history"><br></div><h2 class="battle-history">Turn 31</h2><div class="spacer battle-history"><br></div><div class="battle-history"><small>The opposing Tornadus surrounded itself with its Z-Power!</small><br></div><div class="spacer battle-history"><br></div><div class="battle-history"><small>The opposing Tornadus unleashes its full-force Z-Move!</small><br>The opposing Tornadus used <strong>Supersonic Skystrike</strong>!<br></div><div class="battle-history"><small>(Blissey lost 52% of its health!)</small><br></div><div class="spacer battle-history"><br></div><div class="battle-history">Blissey used <strong>Seismic Toss</strong>!<br></div><div class="battle-history"><small>(The opposing Tornadus lost 9% of its health!)</small><br></div><div class="spacer battle-history"><br></div><div class="battle-history">The opposing Tornadus fainted!<br></div><div class="chat chatmessage-n1ghtshaderng"><strong style="color:#189a57"><small>☆</small><span class="username" data-name="N1ghtShadeRNG">N1ghtShadeRNG</span>:</strong> <em>lmao</em></div><div class="spacer battle-history"><br></div><div class="battle-history">Ninjacid sent out <strong>Rillaboom</strong>!<br></div><div class="battle-history"><small>Pointed stones dug into the opposing Rillaboom!</small><br></div><div class="battle-history">[The opposing Rillaboom's Grassy Surge]<br><small>Grass grew to cover the battlefield!</small><br></div><div class="spacer battle-history"><br></div><h2 class="battle-history">Turn 32</h2><div class="spacer battle-history"><br></div><div class="battle-history">The opposing Rillaboom used <strong>Grassy Glide</strong>!<br></div><div class="battle-history"><small>(Blissey lost 37% of its health!)</small><br></div><div class="spacer battle-history"><br></div><div class="battle-history">Blissey fainted!<br></div><div class="spacer battle-history"><br></div><div class="battle-history"><small>The opposing Rillaboom's HP was restored.</small><br></div><div class="battle-history"><small>The opposing Rillaboom was hurt by its burn!</small><br></div><div class="chat chatmessage-n1ghtshaderng"><strong style="color:#189a57"><small>☆</small><span class="username" data-name="N1ghtShadeRNG">N1ghtShadeRNG</span>:</strong> <em>Ah ofc</em></div><div class="spacer battle-history"><br></div><div class="battle-history">Go! <strong>Jirachi</strong>!<br></div><div class="spacer battle-history"><br></div><h2 class="battle-history">Turn 33</h2><div class="chat chatmessage-ninjacid"><strong style="color:#c62447"><small>☆</small><span class="username" data-name="Ninjacid">Ninjacid</span>:</strong> <em>Torn with the same</em></div><div class="chat chatmessage-ninjacid"><strong style="color:#c62447"><small>☆</small><span class="username" data-name="Ninjacid">Ninjacid</span>:</strong> <em>Save*</em></div><div class="spacer battle-history"><br></div><div class="battle-history">Ninjacid withdrew Rillaboom!<br></div><div class="battle-history">Ninjacid sent out Talonflame (<strong>Talonflame-Mega</strong>)!<br></div><div class="battle-history"><small>Pointed stones dug into the opposing Talonflame!</small><br></div><div class="spacer battle-history"><br></div><div class="battle-history">Jirachi used <strong>U-turn</strong>!<br></div><div class="battle-history"><small>It's not very effective...</small><br></div><div class="battle-history"><small>(The opposing Talonflame lost 6% of its health!)</small><br></div><div class="spacer battle-history"><br></div><h2 class="battle-history">Turn 34</h2><div class="chat chatmessage-n1ghtshaderng"><strong style="color:#189a57"><small>☆</small><span class="username" data-name="N1ghtShadeRNG">N1ghtShadeRNG</span>:</strong> <em>I</em></div><div class="chat message-error">N1ghtShadeRNG has 120 seconds left.</div><div class="spacer battle-history"><br></div><div class="battle-history">The opposing Talonflame used <strong>Overheat</strong>!<br></div><div class="battle-history"><small>It's super effective!</small><br></div><div class="battle-history"><small>(Jirachi lost 100% of its health!)</small><br></div><div class="battle-history"><small>The opposing Talonflame's Sp. Atk fell harshly!</small><br></div><div class="spacer battle-history"><br></div><div class="battle-history">Jirachi fainted!<br></div><div class="spacer battle-history"><br></div><div class="battle-history"><strong>Ninjacid</strong> won the battle!<br></div><div class="chat chatmessage-n1ghtshaderng"><strong style="color:#189a57"><small>☆</small><span class="username" data-name="N1ghtShadeRNG">N1ghtShadeRNG</span>:</strong> <em>hm</em></div><div class="chat chatmessage-n1ghtshaderng"><strong style="color:#189a57"><small>☆</small><span class="username" data-name="N1ghtShadeRNG">N1ghtShadeRNG</span>:</strong> <em>gg</em></div><div class="chat chatmessage-pupugugu"><strong style="color:#2b7b91"><small> </small><span class="username" data-name="pupugugu">pupugugu</span>:</strong> <em>yo talonflame clutched xD</em></div><div class="chat chatmessage-n1ghtshaderng"><strong style="color:#189a57"><small>☆</small><span class="username" data-name="N1ghtShadeRNG">N1ghtShadeRNG</span>:</strong> <em>lol</em></div><div class="chat chatmessage-ninjacid"><strong style="color:#c62447"><small>☆</small><span class="username" data-name="Ninjacid">Ninjacid</span>:</strong> <em>gg</em></div></div><div class="inner-preempt message-log"></div></div></div>
</div>
<script>
let daily = Math.floor(Date.now()/1000/60/60/24);document.write('<script src="https://dragonheaven.herokuapp.com/js/replay-embed.js?version'+daily+'"></'+'script>');
</script>
