<!DOCTYPE html>
<meta charset="utf-8" />
<!-- version 1 -->
<title>[Gen 8] Megas for All replay: Lysion vs. Gravity Monkey</title>
<style>
html,body {font-family:Verdana, sans-serif;font-size:10pt;margin:0;padding:0;}body{padding:12px 0;} .battle-log {font-family:Verdana, sans-serif;font-size:10pt;} .battle-log-inline {border:1px solid #AAAAAA;background:#EEF2F5;color:black;max-width:640px;margin:0 auto 80px;padding-bottom:5px;} .battle-log .inner {padding:4px 8px 0px 8px;} .battle-log .inner-preempt {padding:0 8px 4px 8px;} .battle-log .inner-after {margin-top:0.5em;} .battle-log h2 {margin:0.5em -8px;padding:4px 8px;border:1px solid #AAAAAA;background:#E0E7EA;border-left:0;border-right:0;font-family:Verdana, sans-serif;font-size:13pt;} .battle-log .chat {vertical-align:middle;padding:3px 0 3px 0;font-size:8pt;} .battle-log .chat strong {color:#40576A;} .battle-log .chat em {padding:1px 4px 1px 3px;color:#000000;font-style:normal;} .chat.mine {background:rgba(0,0,0,0.05);margin-left:-8px;margin-right:-8px;padding-left:8px;padding-right:8px;} .spoiler {color:#BBBBBB;background:#BBBBBB;padding:0px 3px;} .spoiler:hover, .spoiler:active, .spoiler-shown {color:#000000;background:#E2E2E2;padding:0px 3px;} .spoiler a {color:#BBBBBB;} .spoiler:hover a, .spoiler:active a, .spoiler-shown a {color:#2288CC;} .chat code, .chat .spoiler:hover code, .chat .spoiler:active code, .chat .spoiler-shown code {border:1px solid #C0C0C0;background:#EEEEEE;color:black;padding:0 2px;} .chat .spoiler code {border:1px solid #CCCCCC;background:#CCCCCC;color:#CCCCCC;} .battle-log .rated {padding:3px 4px;} .battle-log .rated strong {color:white;background:#89A;padding:1px 4px;border-radius:4px;} .spacer {margin-top:0.5em;} .message-announce {background:#6688AA;color:white;padding:1px 4px 2px;} .message-announce a, .broadcast-green a, .broadcast-blue a, .broadcast-red a {color:#DDEEFF;} .broadcast-green {background-color:#559955;color:white;padding:2px 4px;} .broadcast-blue {background-color:#6688AA;color:white;padding:2px 4px;} .infobox {border:1px solid #6688AA;padding:2px 4px;} .infobox-limited {max-height:200px;overflow:auto;overflow-x:hidden;} .broadcast-red {background-color:#AA5544;color:white;padding:2px 4px;} .message-learn-canlearn {font-weight:bold;color:#228822;text-decoration:underline;} .message-learn-cannotlearn {font-weight:bold;color:#CC2222;text-decoration:underline;} .message-effect-weak {font-weight:bold;color:#CC2222;} .message-effect-resist {font-weight:bold;color:#6688AA;} .message-effect-immune {font-weight:bold;color:#666666;} .message-learn-list {margin-top:0;margin-bottom:0;} .message-throttle-notice, .message-error {color:#992222;} .message-overflow, .chat small.message-overflow {font-size:0pt;} .message-overflow::before {font-size:9pt;content:'...';} .subtle {color:#3A4A66;}
</style>
<div class="wrapper replay-wrapper" style="max-width:1180px;margin:0 auto">
<input type="hidden" name="replayid" value="unregisteredserver-gen8megasforall-109" />
<div class="battle"></div><div class="battle-log"></div><div class="replay-controls"></div><div class="replay-controls-2"></div>
<h1 style="font-weight:normal;text-align:center"><strong>[Gen 8] Megas for All</strong><br /><a href="http://pokemonshowdown.com/users/lysion" class="subtle" target="_blank">Lysion</a> vs. <a href="http://pokemonshowdown.com/users/gravitymonkey" class="subtle" target="_blank">Gravity Monkey</a></h1>
<script type="text/plain" class="battle-log-data">|j|☆Lysion

|j|☆Gravity Monkey
|t:|1607013863
|player|p1|Lysion|170|
|player|p2|Gravity Monkey|nita|
|teamsize|p1|6
|teamsize|p2|6
|gametype|singles
|gen|8
|tier|[Gen 8] Megas for All
|clearpoke
|poke|p1|Dhelmise|
|poke|p1|Kartana|
|poke|p1|Blissey, F|
|poke|p1|Slowbro, M|
|poke|p1|Landorus-Therian, M|
|poke|p1|Cinderace, M|
|poke|p2|Garbodor, F|
|poke|p2|Clefable, F|
|poke|p2|Heatran, M|
|poke|p2|Greninja, M|
|poke|p2|Landorus-Therian, M|
|poke|p2|Kommo-o, M|
|rule|HP Percentage Mod: HP is shown in percentages
|rule|Endless Battle Clause: Forcing endless battles is banned
|rule|OHKO Clause: OHKO moves are banned
|rule|Evasion Moves Clause: Evasion moves are banned
|rule|Species Clause: Limit one of each Pokémon
|rule|Dynamax Clause: You cannot dynamax
|rule|Sleep Clause Mod: Limit one foe put to sleep
|teampreview
|c|☆Gravity Monkey|gl hf
|c|☆Lysion|Cette team du démon x)
|c|☆Lysion|GL HF
|c|☆Gravity Monkey|awe vénère le dhelmise
|j| MigatteNoChauvuui
|
|t:|1607013897
|start
|switch|p1a: Cinderace|Cinderace, M|301\/301
|switch|p2a: Greninja|Greninja, M|100\/100
|turn|1
|c| MigatteNoChauvuui|HEY
|c| MigatteNoChauvuui|:3
|
|t:|1607013906
|switch|p2a: Landorus|Landorus-Therian, M|100\/100
|-ability|p2a: Landorus|Intimidate|boost
|-unboost|p1a: Cinderace|atk|1
|switch|p1a: Blissey|Blissey, F|714\/714
|
|upkeep
|turn|2
|c|☆Lysion|Yo
|
|t:|1607013922
|move|p2a: Landorus|U-turn|p1a: Blissey
|-damage|p1a: Blissey|539\/714
|
|t:|1607013927
|switch|p2a: Heatran|Heatran, M|100\/100|[from]move: U-turn
|move|p1a: Blissey|Seismic Toss|p2a: Heatran
|-damage|p2a: Heatran|70\/100
|
|upkeep
|turn|3
|
|t:|1607013934
|move|p2a: Heatran|Magma Storm|p1a: Blissey
|-damage|p1a: Blissey|383\/714
|-activate|p1a: Blissey|move: Magma Storm|[of] p2a: Heatran
|move|p1a: Blissey|Thunder Wave|p2a: Heatran
|-status|p2a: Heatran|par
|
|-damage|p1a: Blissey|294\/714|[from] move: Magma Storm|[partiallytrapped]
|upkeep
|turn|4
|
|t:|1607013939
|move|p2a: Heatran|Toxic|p1a: Blissey
|-status|p1a: Blissey|tox
|move|p1a: Blissey|Teleport|p1a: Blissey
|
|t:|1607013955
|switch|p1a: Landorus|Landorus-Therian, M|319\/319
|-ability|p1a: Landorus|Intimidate|boost
|-unboost|p2a: Heatran|atk|1
|
|upkeep
|turn|5
|
|t:|1607013964
|switch|p2a: Landorus|Landorus-Therian, M|100\/100
|-ability|p2a: Landorus|Intimidate|boost
|-unboost|p1a: Landorus|atk|1
|move|p1a: Landorus|Earthquake|p2a: Landorus
|-immune|p2a: Landorus
|
|upkeep
|turn|6
|
|t:|1607013972
|switch|p1a: Slowbro|Slowbro, M|394\/394
|move|p2a: Landorus|U-turn|p1a: Slowbro
|-supereffective|p1a: Slowbro
|-damage|p1a: Slowbro|262\/394
|
|t:|1607013975
|switch|p2a: Greninja|Greninja, M|100\/100|[from]move: U-turn
|
|upkeep
|turn|7
|l| MigatteNoChauvuui
|
|t:|1607013981
|switch|p1a: Blissey|Blissey, F|294\/714
|move|p2a: Greninja|Dark Pulse|p1a: Blissey
|-damage|p1a: Blissey|144\/714
|
|upkeep
|turn|8
|
|t:|1607013984
|move|p2a: Greninja|Dark Pulse|p1a: Blissey
|-damage|p1a: Blissey|0 fnt
|faint|p1a: Blissey
|-activate|p2a: Greninja|ability: Battle Bond
|detailschange|p2a: Greninja|Greninja-Ash, M
|
|upkeep
|
|t:|1607013997
|switch|p1a: Landorus|Landorus-Therian, M|319\/319
|-ability|p1a: Landorus|Intimidate|boost
|-unboost|p2a: Greninja|atk|1
|turn|9
|
|t:|1607014004
|switch|p2a: Landorus|Landorus-Therian, M|100\/100
|-ability|p2a: Landorus|Intimidate|boost
|-unboost|p1a: Landorus|atk|1
|move|p1a: Landorus|Earthquake|p2a: Landorus
|-immune|p2a: Landorus
|
|upkeep
|turn|10
|j| MigatteNoChauvuui
|
|t:|1607014009
|switch|p1a: Dhelmise|Dhelmise|281\/281
|move|p2a: Landorus|U-turn|p1a: Dhelmise
|-crit|p1a: Dhelmise
|-damage|p1a: Dhelmise|136\/281
|
|t:|1607014013
|switch|p2a: Greninja|Greninja-Ash, M|100\/100|[from]move: U-turn
|
|upkeep
|turn|11
|c|☆Gravity Monkey|déso pour le crit ouf
|
|t:|1607014027
|switch|p1a: Landorus|Landorus-Therian, M|319\/319
|-ability|p1a: Landorus|Intimidate|boost
|-unboost|p2a: Greninja|atk|1
|move|p2a: Greninja|Dark Pulse|p1a: Landorus
|-damage|p1a: Landorus|49\/319
|
|upkeep
|turn|12
|
|t:|1607014030
|move|p1a: Landorus|Stone Edge|p2a: Greninja
|-damage|p2a: Greninja|40\/100
|move|p2a: Greninja|Dark Pulse|p1a: Landorus
|-damage|p1a: Landorus|0 fnt
|faint|p1a: Landorus
|
|upkeep
|
|t:|1607014038
|switch|p1a: Kartana|Kartana|322\/322
|turn|13
|c| MigatteNoChauvuui|En M4A
|
|t:|1607014045
|switch|p2a: Garbodor|Garbodor, F, shiny|100\/100
|move|p1a: Kartana|Leaf Blade|p2a: Garbodor
|-resisted|p2a: Garbodor
|-damage|p2a: Garbodor|77\/100
|
|upkeep
|turn|14
|
|t:|1607014048
|detailschange|p2a: Garbodor|Garbodor-Mega, F, shiny
|-mega|p2a: Garbodor|Garbodor|Garbodorite
|raw|<ul class="utilichart"><li class="result"><span class="col numcol">OU<\/span> <span class="col pokemonnamecol" style="white-space: nowrap">Garbodor-Mega<\/span> <span class="col typecol"><img src="https:\/\/play.pokemonshowdown.com\/sprites\/types\/Poison.png" alt="Poison" height="14" width="32"><\/span> <span style="float: left ; min-height: 26px"><span class="col abilitycol">Trash Compactor<\/span><span class="col abilitycol"><\/span><\/span><span style="float: left ; min-height: 26px"><span class="col statcol"><em>HP<\/em><br>80<\/span> <span class="col statcol"><em>Atk<\/em><br>95<\/span> <span class="col statcol"><em>Def<\/em><br>132<\/span> <span class="col statcol"><em>SpA<\/em><br>95<\/span> <span class="col statcol"><em>SpD<\/em><br>132<\/span> <span class="col statcol"><em>Spe<\/em><br>40<\/span> <\/span><\/li><li style="clear: both"><\/li><\/ul>
|move|p1a: Kartana|Swords Dance|p1a: Kartana
|-boost|p1a: Kartana|atk|2
|move|p2a: Garbodor|Stealth Rock|p1a: Kartana
|-sidestart|p1: Lysion|move: Stealth Rock
|
|upkeep
|turn|15
|c|☆Lysion|Np
|
|t:|1607014056
|-zpower|p1a: Kartana
|move|p1a: Kartana|Breakneck Blitz|p2a: Garbodor|[zeffect]
|-damage|p2a: Garbodor|0 fnt
|faint|p2a: Garbodor
|-ability|p1a: Kartana|Beast Boost|boost
|-boost|p1a: Kartana|spe|1
|
|upkeep
|c| MigatteNoChauvuui|Mdr
|c|☆Gravity Monkey|oups
|c|☆Lysion|YES
|
|t:|1607014067
|switch|p2a: Greninja|Greninja-Ash, M|40\/100
|turn|16
|
|t:|1607014070
|move|p2a: Greninja|Water Shuriken|p1a: Kartana
|-resisted|p1a: Kartana
|-damage|p1a: Kartana|247\/322
|-resisted|p1a: Kartana
|-damage|p1a: Kartana|174\/322
|-resisted|p1a: Kartana
|-damage|p1a: Kartana|108\/322
|-hitcount|p1a: Kartana|3
|move|p1a: Kartana|Leaf Blade|p2a: Greninja
|-supereffective|p2a: Greninja
|-damage|p2a: Greninja|0 fnt
|faint|p2a: Greninja
|-ability|p1a: Kartana|Beast Boost|boost
|-boost|p1a: Kartana|spe|1
|
|upkeep
|
|t:|1607014080
|switch|p2a: Landorus|Landorus-Therian, M|100\/100
|-ability|p2a: Landorus|Intimidate|boost
|-unboost|p1a: Kartana|atk|1
|turn|17
|
|t:|1607014083
|switch|p2a: Heatran|Heatran, M|70\/100 par
|move|p1a: Kartana|Leaf Blade|p2a: Heatran
|-resisted|p2a: Heatran
|-damage|p2a: Heatran|53\/100 par
|
|upkeep
|turn|18
|
|t:|1607014089
|switch|p2a: Landorus|Landorus-Therian, M|100\/100
|-ability|p2a: Landorus|Intimidate|boost
|-unboost|p1a: Kartana|atk|1
|move|p1a: Kartana|Sacred Sword|p2a: Landorus
|-resisted|p2a: Landorus
|-damage|p2a: Landorus|85\/100
|
|upkeep
|turn|19
|
|t:|1607014095
|move|p1a: Kartana|Swords Dance|p1a: Kartana
|-boost|p1a: Kartana|atk|2
|move|p2a: Landorus|U-turn|p1a: Kartana
|-damage|p1a: Kartana|33\/322
|
|t:|1607014101
|switch|p2a: Heatran|Heatran, M|53\/100 par|[from]move: U-turn
|
|upkeep
|turn|20
|
|t:|1607014126
|switch|p2a: Landorus|Landorus-Therian, M|85\/100
|-ability|p2a: Landorus|Intimidate|boost
|-unboost|p1a: Kartana|atk|1
|move|p1a: Kartana|Sacred Sword|p2a: Landorus
|-resisted|p2a: Landorus
|-damage|p2a: Landorus|61\/100
|
|upkeep
|turn|21
|
|t:|1607014130
|move|p1a: Kartana|Sacred Sword|p2a: Landorus
|-resisted|p2a: Landorus
|-damage|p2a: Landorus|36\/100
|move|p2a: Landorus|Earthquake|p1a: Kartana
|-damage|p1a: Kartana|0 fnt
|faint|p1a: Kartana
|
|upkeep
|
|t:|1607014135
|switch|p1a: Dhelmise|Dhelmise|136\/281
|-damage|p1a: Dhelmise|101\/281|[from] Stealth Rock
|turn|22
|
|t:|1607014141
|detailschange|p1a: Dhelmise|Dhelmise-Mega
|-mega|p1a: Dhelmise|Dhelmise|Dhelmite
|-weather|PrimordialSea|[from] ability: Primordial Sea|[of] p1a: Dhelmise
|raw|<ul class="utilichart"><li class="result"><span class="col numcol">NU<\/span> <span class="col pokemonnamecol" style="white-space: nowrap">Dhelmise-Mega<\/span> <span class="col typecol"><img src="https:\/\/play.pokemonshowdown.com\/sprites\/types\/Ghost.png" alt="Ghost" height="14" width="32"><img src="https:\/\/play.pokemonshowdown.com\/sprites\/types\/Steel.png" alt="Steel" height="14" width="32"><\/span> <span style="float: left ; min-height: 26px"><span class="col abilitycol">Primordial Sea<\/span><span class="col abilitycol"><\/span><\/span><span style="float: left ; min-height: 26px"><span class="col statcol"><em>HP<\/em><br>70<\/span> <span class="col statcol"><em>Atk<\/em><br>151<\/span> <span class="col statcol"><em>Def<\/em><br>110<\/span> <span class="col statcol"><em>SpA<\/em><br>86<\/span> <span class="col statcol"><em>SpD<\/em><br>110<\/span> <span class="col statcol"><em>Spe<\/em><br>90<\/span> <\/span><\/li><li style="clear: both"><\/li><\/ul>
|move|p2a: Landorus|Earthquake|p1a: Dhelmise
|-supereffective|p1a: Dhelmise
|-damage|p1a: Dhelmise|0 fnt
|faint|p1a: Dhelmise
|-weather|none
|
|upkeep
|
|t:|1607014151
|switch|p1a: Slowbro|Slowbro, M|393\/394
|turn|23
|
|t:|1607014161
|switch|p2a: Heatran|Heatran, M|53\/100 par
|move|p1a: Slowbro|Scald|p2a: Heatran
|-supereffective|p2a: Heatran
|-damage|p2a: Heatran|0 fnt
|faint|p2a: Heatran
|
|upkeep
|
|t:|1607014173
|switch|p2a: Kommo-o|Kommo-o, M|100\/100
|turn|24
|
|t:|1607014176
|move|p2a: Kommo-o|Substitute|p2a: Kommo-o
|-start|p2a: Kommo-o|Substitute
|-damage|p2a: Kommo-o|75\/100
|move|p1a: Slowbro|Future Sight|p2a: Kommo-o
|-start|p1a: Slowbro|move: Future Sight
|
|upkeep
|turn|25
|
|t:|1607014181
|move|p2a: Kommo-o|Belly Drum|p2a: Kommo-o
|-damage|p2a: Kommo-o|25\/100
|-setboost|p2a: Kommo-o|atk|6|[from] move: Belly Drum
|-enditem|p2a: Kommo-o|Salac Berry|[eat]
|-boost|p2a: Kommo-o|spe|1|[from] item: Salac Berry
|move|p1a: Slowbro|Scald|p2a: Kommo-o
|-resisted|p2a: Kommo-o
|-activate|p2a: Kommo-o|move: Substitute|[damage]
|
|upkeep
|turn|26
|
|t:|1607014186
|move|p2a: Kommo-o|Earthquake|p1a: Slowbro
|-damage|p1a: Slowbro|112\/394
|move|p1a: Slowbro|Scald|p2a: Kommo-o
|-resisted|p2a: Kommo-o
|-end|p2a: Kommo-o|Substitute
|
|-end|p2a: Kommo-o|move: Future Sight
|-supereffective|p2a: Kommo-o
|-damage|p2a: Kommo-o|0 fnt
|upkeep
|faint|p2a: Kommo-o
|
|t:|1607014191
|switch|p2a: Landorus|Landorus-Therian, M|36\/100
|-ability|p2a: Landorus|Intimidate|boost
|-unboost|p1a: Slowbro|atk|1
|turn|27
|
|t:|1607014200
|move|p2a: Landorus|U-turn|p1a: Slowbro
|-supereffective|p1a: Slowbro
|-damage|p1a: Slowbro|0 fnt
|faint|p1a: Slowbro
|
|t:|1607014203
|switch|p2a: Clefable|Clefable, F|100\/100|[from]move: U-turn
|
|upkeep
|
|t:|1607014205
|switch|p1a: Cinderace|Cinderace, M|301\/301
|turn|28
|
|t:|1607014210
|move|p2a: Clefable|Protect|p2a: Clefable
|-singleturn|p2a: Clefable|Protect
|move|p1a: Cinderace|Gunk Shot|p2a: Clefable
|-start|p1a: Cinderace|typechange|Poison|[from] ability: Libero
|-activate|p2a: Clefable|move: Protect
|
|upkeep
|turn|29
|
|t:|1607014214
|move|p1a: Cinderace|Gunk Shot|p2a: Clefable
|-supereffective|p2a: Clefable
|-damage|p2a: Clefable|18\/100
|move|p2a: Clefable|Wish|p2a: Clefable
|
|-heal|p2a: Clefable|24\/100|[from] item: Leftovers
|upkeep
|turn|30
|
|t:|1607014224
|move|p2a: Clefable|Protect|p2a: Clefable
|-singleturn|p2a: Clefable|Protect
|move|p1a: Cinderace|U-turn|p2a: Clefable
|-start|p1a: Cinderace|typechange|Bug|[from] ability: Libero
|-activate|p2a: Clefable|move: Protect
|
|-heal|p2a: Clefable|74\/100|[from] move: Wish|[wisher] Clefable
|-heal|p2a: Clefable|80\/100|[from] item: Leftovers
|upkeep
|turn|31
|
|t:|1607014230
|move|p1a: Cinderace|Gunk Shot|p2a: Clefable
|-start|p1a: Cinderace|typechange|Poison|[from] ability: Libero
|-supereffective|p2a: Clefable
|-damage|p2a: Clefable|0 fnt
|faint|p2a: Clefable
|
|upkeep
|j| alt #94566
|
|t:|1607014232
|switch|p2a: Landorus|Landorus-Therian, M|36\/100
|-ability|p2a: Landorus|Intimidate|boost
|-unboost|p1a: Cinderace|atk|1
|turn|32
|
|t:|1607014236
|move|p2a: Landorus|Earthquake|p1a: Cinderace
|-supereffective|p1a: Cinderace
|-damage|p1a: Cinderace|0 fnt
|faint|p1a: Cinderace
|
|win|Gravity Monkey
|c|☆Gravity Monkey|gg
|l| alt #94566
|c|☆Lysion|GG
|l| MigatteNoChauvuui
|c|☆Lysion|Tu postes le replay ou je le poste ?
|c|☆Gravity Monkey|jsp tu post stv
|c|☆Lysion|OK
|c|☆Lysion|Si t'as le temps ça te dit un M4A random ?
|c|☆Gravity Monkey|nope dsl
|c|☆Lysion|OK
|c|☆Lysion|Np
|c|☆Gravity Monkey|jdois retourner bosser sob
|c|☆Gravity Monkey|bon ++
|c|☆Lysion|++
|l|☆Gravity Monkey</script>
</div>
<div class="battle-log battle-log-inline"><div class="inner"><div class="battle-options"><div style="padding-top: 3px; padding-right: 3px; text-align: right"><button class="icon button" name="openBattleOptions" title="Options">Battle Options</button></div></div><div class="inner message-log"><div class="chat"><small>☆Lysion and ☆Gravity Monkey joined</small></div><div class=""><small>Format:</small> <br><strong>[Gen 8] Megas for All</strong></div><div class=""><small><em>HP Percentage Mod:</em> HP is shown in percentages</small></div><div class=""><small><em>Endless Battle Clause:</em> Forcing endless battles is banned</small></div><div class=""><small><em>OHKO Clause:</em> OHKO moves are banned</small></div><div class=""><small><em>Evasion Moves Clause:</em> Evasion moves are banned</small></div><div class=""><small><em>Species Clause:</em> Limit one of each Pokémon</small></div><div class=""><small><em>Dynamax Clause:</em> You cannot dynamax</small></div><div class=""><small><em>Sleep Clause Mod:</em> Limit one foe put to sleep</small></div><div class="chat battle-history"><strong>Lysion's team:</strong> <em style="color:#445566;display:block;">Dhelmise / Kartana / Blissey / Slowbro / Landorus-Therian / Cinderace</em></div><div class="chat battle-history"><strong>Gravity Monkey's team:</strong> <em style="color:#445566;display:block;">Garbodor / Clefable / Heatran / Greninja / Landorus-Therian / Kommo-o</em></div><div class="chat chatmessage-gravitymonkey"><strong style="color:#a3742e"><small>☆</small><span class="username" data-name="Gravity Monkey">Gravity Monkey</span>:</strong> <em>gl hf</em></div><div class="chat chatmessage-lysion mine"><strong style="color:#837b25"><small>☆</small><span class="username" data-name="Lysion">Lysion</span>:</strong> <em>Cette team du démon x)</em></div><div class="chat chatmessage-lysion mine"><strong style="color:#837b25"><small>☆</small><span class="username" data-name="Lysion">Lysion</span>:</strong> <em>GL HF</em></div><div class="chat chatmessage-gravitymonkey"><strong style="color:#a3742e"><small>☆</small><span class="username" data-name="Gravity Monkey">Gravity Monkey</span>:</strong> <em>awe vénère le dhelmise</em></div><div class="chat"><small> MigatteNoChauvuui joined</small></div><div class="spacer battle-history"><br></div><div class="battle-history">Battle started between Lysion and Gravity Monkey!<br></div><div class="spacer battle-history"><br></div><div class="battle-history">Go! <strong>Cinderace</strong>!<br></div><div class="spacer battle-history"><br></div><div class="battle-history">Gravity Monkey sent out <strong>Greninja</strong>!<br></div><div class="spacer battle-history"><br></div><h2 class="battle-history">Turn 1</h2><div class="chat chatmessage-migattenochauvuui"><strong style="color:#c41d4a"><small> </small><span class="username" data-name="MigatteNoChauvuui">MigatteNoChauvuui</span>:</strong> <em>HEY</em></div><div class="chat chatmessage-migattenochauvuui"><strong style="color:#c41d4a"><small> </small><span class="username" data-name="MigatteNoChauvuui">MigatteNoChauvuui</span>:</strong> <em>:3</em></div><div class="spacer battle-history"><br></div><div class="battle-history">Gravity Monkey withdrew Greninja!<br></div><div class="battle-history">Gravity Monkey sent out Landorus (<strong>Landorus-Therian</strong>)!<br></div><div class="battle-history">[The opposing Landorus's Intimidate]<br></div><div class="battle-history"><small>Cinderace's Attack fell!</small><br></div><div class="spacer battle-history"><br></div><div class="battle-history">Cinderace, come back!<br></div><div class="battle-history">Go! <strong>Blissey</strong>!<br></div><div class="spacer battle-history"><br></div><h2 class="battle-history">Turn 2</h2><div class="chat chatmessage-lysion mine"><strong style="color:#837b25"><small>☆</small><span class="username" data-name="Lysion">Lysion</span>:</strong> <em>Yo</em></div><div class="spacer battle-history"><br></div><div class="battle-history">The opposing Landorus used <strong>U-turn</strong>!<br></div><div class="battle-history"><small>(Blissey lost <abbr title="−175/714">24.5%</abbr> of its health!)</small><br></div><div class="spacer battle-history"><br></div><div class="battle-history">The opposing Landorus went back to Gravity Monkey!<br></div><div class="battle-history">Gravity Monkey sent out <strong>Heatran</strong>!<br></div><div class="spacer battle-history"><br></div><div class="battle-history">Blissey used <strong>Seismic Toss</strong>!<br></div><div class="battle-history"><small>(The opposing Heatran lost 30% of its health!)</small><br></div><div class="spacer battle-history"><br></div><h2 class="battle-history">Turn 3</h2><div class="spacer battle-history"><br></div><div class="battle-history">The opposing Heatran used <strong>Magma Storm</strong>!<br></div><div class="battle-history"><small>(Blissey lost <abbr title="−156/714">21.8%</abbr> of its health!)</small><br></div><div class="battle-history"><small>Blissey became trapped by swirling magma!</small><br></div><div class="spacer battle-history"><br></div><div class="battle-history">Blissey used <strong>Thunder Wave</strong>!<br></div><div class="battle-history"><small>The opposing Heatran is paralyzed! It may be unable to move!</small><br></div><div class="spacer battle-history"><br></div><div class="battle-history"><small>Blissey is hurt by Magma Storm!</small><br></div><div class="spacer battle-history"><br></div><h2 class="battle-history">Turn 4</h2><div class="spacer battle-history"><br></div><div class="battle-history">The opposing Heatran used <strong>Toxic</strong>!<br></div><div class="battle-history"><small>Blissey was badly poisoned!</small><br></div><div class="spacer battle-history"><br></div><div class="battle-history">Blissey used <strong>Teleport</strong>!<br></div><div class="spacer battle-history"><br></div><div class="battle-history">Blissey, come back!<br></div><div class="battle-history">Go! Landorus (<strong>Landorus-Therian</strong>)!<br></div><div class="battle-history">[Landorus's Intimidate]<br></div><div class="battle-history"><small>The opposing Heatran's Attack fell!</small><br></div><div class="spacer battle-history"><br></div><h2 class="battle-history">Turn 5</h2><div class="spacer battle-history"><br></div><div class="battle-history">Gravity Monkey withdrew Heatran!<br></div><div class="battle-history">Gravity Monkey sent out Landorus (<strong>Landorus-Therian</strong>)!<br></div><div class="battle-history">[The opposing Landorus's Intimidate]<br></div><div class="battle-history"><small>Landorus's Attack fell!</small><br></div><div class="spacer battle-history"><br></div><div class="battle-history">Landorus used <strong>Earthquake</strong>!<br></div><div class="battle-history"><small>It doesn't affect the opposing Landorus...</small><br></div><div class="spacer battle-history"><br></div><h2 class="battle-history">Turn 6</h2><div class="spacer battle-history"><br></div><div class="battle-history">Landorus, come back!<br></div><div class="battle-history">Go! <strong>Slowbro</strong>!<br></div><div class="spacer battle-history"><br></div><div class="battle-history">The opposing Landorus used <strong>U-turn</strong>!<br></div><div class="battle-history"><small>It's super effective!</small><br></div><div class="battle-history"><small>(Slowbro lost <abbr title="−132/394">33.5%</abbr> of its health!)</small><br></div><div class="spacer battle-history"><br></div><div class="battle-history">The opposing Landorus went back to Gravity Monkey!<br></div><div class="battle-history">Gravity Monkey sent out <strong>Greninja</strong>!<br></div><div class="spacer battle-history"><br></div><h2 class="battle-history">Turn 7</h2><div class="chat"><small> MigatteNoChauvuui left</small></div><div class="spacer battle-history"><br></div><div class="battle-history">Slowbro, come back!<br></div><div class="battle-history">Go! <strong>Blissey</strong>!<br></div><div class="spacer battle-history"><br></div><div class="battle-history">The opposing Greninja used <strong>Dark Pulse</strong>!<br></div><div class="battle-history"><small>(Blissey lost <abbr title="−150/714">21.0%</abbr> of its health!)</small><br></div><div class="spacer battle-history"><br></div><h2 class="battle-history">Turn 8</h2><div class="spacer battle-history"><br></div><div class="battle-history">The opposing Greninja used <strong>Dark Pulse</strong>!<br></div><div class="battle-history"><small>(Blissey lost <abbr title="−144/714">20.2%</abbr> of its health!)</small><br></div><div class="spacer battle-history"><br></div><div class="battle-history">Blissey fainted!<br></div><div class="battle-history">[The opposing Greninja's Battle Bond]<br><small>The opposing Greninja became fully charged due to its bond with its Trainer!</small><br></div><div class="battle-history">The opposing Greninja became Ash-Greninja!<br></div><div class="spacer battle-history"><br></div><div class="battle-history">Go! Landorus (<strong>Landorus-Therian</strong>)!<br></div><div class="battle-history">[Landorus's Intimidate]<br></div><div class="battle-history"><small>The opposing Greninja's Attack fell!</small><br></div><div class="spacer battle-history"><br></div><h2 class="battle-history">Turn 9</h2><div class="spacer battle-history"><br></div><div class="battle-history">Gravity Monkey withdrew Greninja!<br></div><div class="battle-history">Gravity Monkey sent out Landorus (<strong>Landorus-Therian</strong>)!<br></div><div class="battle-history">[The opposing Landorus's Intimidate]<br></div><div class="battle-history"><small>Landorus's Attack fell!</small><br></div><div class="spacer battle-history"><br></div><div class="battle-history">Landorus used <strong>Earthquake</strong>!<br></div><div class="battle-history"><small>It doesn't affect the opposing Landorus...</small><br></div><div class="spacer battle-history"><br></div><h2 class="battle-history">Turn 10</h2><div class="chat"><small> MigatteNoChauvuui joined</small></div><div class="spacer battle-history"><br></div><div class="battle-history">Landorus, come back!<br></div><div class="battle-history">Go! <strong>Dhelmise</strong>!<br></div><div class="spacer battle-history"><br></div><div class="battle-history">The opposing Landorus used <strong>U-turn</strong>!<br></div><div class="battle-history"><small>A critical hit!</small><br></div><div class="battle-history"><small>(Dhelmise lost <abbr title="−145/281">51.6%</abbr> of its health!)</small><br></div><div class="spacer battle-history"><br></div><div class="battle-history">The opposing Landorus went back to Gravity Monkey!<br></div><div class="battle-history">Gravity Monkey sent out Greninja (<strong>Greninja-Ash</strong>)!<br></div><div class="spacer battle-history"><br></div><h2 class="battle-history">Turn 11</h2><div class="chat chatmessage-gravitymonkey"><strong style="color:#a3742e"><small>☆</small><span class="username" data-name="Gravity Monkey">Gravity Monkey</span>:</strong> <em>déso pour le crit ouf</em></div><div class="spacer battle-history"><br></div><div class="battle-history">Dhelmise, come back!<br></div><div class="battle-history">Go! Landorus (<strong>Landorus-Therian</strong>)!<br></div><div class="battle-history">[Landorus's Intimidate]<br></div><div class="battle-history"><small>The opposing Greninja's Attack fell!</small><br></div><div class="spacer battle-history"><br></div><div class="battle-history">The opposing Greninja used <strong>Dark Pulse</strong>!<br></div><div class="battle-history"><small>(Landorus lost <abbr title="−270/319">84.6%</abbr> of its health!)</small><br></div><div class="spacer battle-history"><br></div><h2 class="battle-history">Turn 12</h2><div class="spacer battle-history"><br></div><div class="battle-history">Landorus used <strong>Stone Edge</strong>!<br></div><div class="battle-history"><small>(The opposing Greninja lost 60% of its health!)</small><br></div><div class="spacer battle-history"><br></div><div class="battle-history">The opposing Greninja used <strong>Dark Pulse</strong>!<br></div><div class="battle-history"><small>(Landorus lost <abbr title="−49/319">15.4%</abbr> of its health!)</small><br></div><div class="spacer battle-history"><br></div><div class="battle-history">Landorus fainted!<br></div><div class="spacer battle-history"><br></div><div class="battle-history">Go! <strong>Kartana</strong>!<br></div><div class="spacer battle-history"><br></div><h2 class="battle-history">Turn 13</h2><div class="chat chatmessage-migattenochauvuui"><strong style="color:#c41d4a"><small> </small><span class="username" data-name="MigatteNoChauvuui">MigatteNoChauvuui</span>:</strong> <em>En M4A</em></div><div class="spacer battle-history"><br></div><div class="battle-history">Gravity Monkey withdrew Greninja!<br></div><div class="battle-history">Gravity Monkey sent out <strong>Garbodor</strong>!<br></div><div class="spacer battle-history"><br></div><div class="battle-history">Kartana used <strong>Leaf Blade</strong>!<br></div><div class="battle-history"><small>It's not very effective...</small><br></div><div class="battle-history"><small>(The opposing Garbodor lost 23% of its health!)</small><br></div><div class="spacer battle-history"><br></div><h2 class="battle-history">Turn 14</h2><div class="spacer battle-history"><br></div><div class="battle-history"><small>The opposing Garbodor's Garbodorite is reacting to the Key Stone!</small><br>The opposing Garbodor has Mega Evolved into Mega Garbodor!<br></div><div class="chat"><ul class="utilichart"><li class="result"><span class="col numcol">OU</span> <span class="col pokemonnamecol" style="white-space: nowrap">Garbodor-Mega</span> <span class="col typecol"><img src="https://play.pokemonshowdown.com/sprites/types/Poison.png" alt="Poison" height="14" width="32"></span> <span style="float: left ; min-height: 26px"><span class="col abilitycol">Trash Compactor</span><span class="col abilitycol"></span></span><span style="float: left ; min-height: 26px"><span class="col statcol"><em>HP</em><br>80</span> <span class="col statcol"><em>Atk</em><br>95</span> <span class="col statcol"><em>Def</em><br>132</span> <span class="col statcol"><em>SpA</em><br>95</span> <span class="col statcol"><em>SpD</em><br>132</span> <span class="col statcol"><em>Spe</em><br>40</span> </span></li><li style="clear: both"></li></ul></div><div class="spacer battle-history"><br></div><div class="battle-history">Kartana used <strong>Swords Dance</strong>!<br></div><div class="battle-history"><small>Kartana's Attack rose sharply!</small><br></div><div class="spacer battle-history"><br></div><div class="battle-history">The opposing Garbodor used <strong>Stealth Rock</strong>!<br></div><div class="battle-history"><small>Pointed stones float in the air around your team!</small><br></div><div class="spacer battle-history"><br></div><h2 class="battle-history">Turn 15</h2><div class="chat chatmessage-lysion mine"><strong style="color:#837b25"><small>☆</small><span class="username" data-name="Lysion">Lysion</span>:</strong> <em>Np</em></div><div class="spacer battle-history"><br></div><div class="battle-history"><small>Kartana surrounded itself with its Z-Power!</small><br></div><div class="spacer battle-history"><br></div><div class="battle-history"><small>Kartana unleashes its full-force Z-Move!</small><br>Kartana used <strong>Breakneck Blitz</strong>!<br></div><div class="battle-history"><small>(The opposing Garbodor lost 77% of its health!)</small><br></div><div class="spacer battle-history"><br></div><div class="battle-history">The opposing Garbodor fainted!<br></div><div class="battle-history">[Kartana's Beast Boost]<br></div><div class="battle-history"><small>Kartana's Speed rose!</small><br></div><div class="chat chatmessage-migattenochauvuui"><strong style="color:#c41d4a"><small> </small><span class="username" data-name="MigatteNoChauvuui">MigatteNoChauvuui</span>:</strong> <em>Mdr</em></div><div class="chat chatmessage-gravitymonkey"><strong style="color:#a3742e"><small>☆</small><span class="username" data-name="Gravity Monkey">Gravity Monkey</span>:</strong> <em>oups</em></div><div class="chat chatmessage-lysion mine"><strong style="color:#837b25"><small>☆</small><span class="username" data-name="Lysion">Lysion</span>:</strong> <em>YES</em></div><div class="spacer battle-history"><br></div><div class="battle-history">Gravity Monkey sent out Greninja (<strong>Greninja-Ash</strong>)!<br></div><div class="spacer battle-history"><br></div><h2 class="battle-history">Turn 16</h2><div class="spacer battle-history"><br></div><div class="battle-history">The opposing Greninja used <strong>Water Shuriken</strong>!<br></div><div class="battle-history"><small>It's not very effective...</small><br></div><div class="battle-history"><small>(Kartana lost <abbr title="−75/322">23.3%</abbr> of its health!)</small><br></div><div class="battle-history"><small>It's not very effective...</small><br></div><div class="battle-history"><small>(Kartana lost <abbr title="−73/322">22.7%</abbr> of its health!)</small><br></div><div class="battle-history"><small>It's not very effective...</small><br></div><div class="battle-history"><small>(Kartana lost <abbr title="−66/322">20.5%</abbr> of its health!)</small><br></div><div class="battle-history"><small>The Pokémon was hit 3 times!</small><br></div><div class="spacer battle-history"><br></div><div class="battle-history">Kartana used <strong>Leaf Blade</strong>!<br></div><div class="battle-history"><small>It's super effective!</small><br></div><div class="battle-history"><small>(The opposing Greninja lost 40% of its health!)</small><br></div><div class="spacer battle-history"><br></div><div class="battle-history">The opposing Greninja fainted!<br></div><div class="battle-history">[Kartana's Beast Boost]<br></div><div class="battle-history"><small>Kartana's Speed rose!</small><br></div><div class="spacer battle-history"><br></div><div class="battle-history">Gravity Monkey sent out Landorus (<strong>Landorus-Therian</strong>)!<br></div><div class="battle-history">[The opposing Landorus's Intimidate]<br></div><div class="battle-history"><small>Kartana's Attack fell!</small><br></div><div class="spacer battle-history"><br></div><h2 class="battle-history">Turn 17</h2><div class="spacer battle-history"><br></div><div class="battle-history">Gravity Monkey withdrew Landorus!<br></div><div class="battle-history">Gravity Monkey sent out <strong>Heatran</strong>!<br></div><div class="spacer battle-history"><br></div><div class="battle-history">Kartana used <strong>Leaf Blade</strong>!<br></div><div class="battle-history"><small>It's not very effective...</small><br></div><div class="battle-history"><small>(The opposing Heatran lost 17% of its health!)</small><br></div><div class="spacer battle-history"><br></div><h2 class="battle-history">Turn 18</h2><div class="spacer battle-history"><br></div><div class="battle-history">Gravity Monkey withdrew Heatran!<br></div><div class="battle-history">Gravity Monkey sent out Landorus (<strong>Landorus-Therian</strong>)!<br></div><div class="battle-history">[The opposing Landorus's Intimidate]<br></div><div class="battle-history"><small>Kartana's Attack fell!</small><br></div><div class="spacer battle-history"><br></div><div class="battle-history">Kartana used <strong>Sacred Sword</strong>!<br></div><div class="battle-history"><small>It's not very effective...</small><br></div><div class="battle-history"><small>(The opposing Landorus lost 15% of its health!)</small><br></div><div class="spacer battle-history"><br></div><h2 class="battle-history">Turn 19</h2><div class="spacer battle-history"><br></div><div class="battle-history">Kartana used <strong>Swords Dance</strong>!<br></div><div class="battle-history"><small>Kartana's Attack rose sharply!</small><br></div><div class="spacer battle-history"><br></div><div class="battle-history">The opposing Landorus used <strong>U-turn</strong>!<br></div><div class="battle-history"><small>(Kartana lost <abbr title="−75/322">23.3%</abbr> of its health!)</small><br></div><div class="spacer battle-history"><br></div><div class="battle-history">The opposing Landorus went back to Gravity Monkey!<br></div><div class="battle-history">Gravity Monkey sent out <strong>Heatran</strong>!<br></div><div class="spacer battle-history"><br></div><h2 class="battle-history">Turn 20</h2><div class="spacer battle-history"><br></div><div class="battle-history">Gravity Monkey withdrew Heatran!<br></div><div class="battle-history">Gravity Monkey sent out Landorus (<strong>Landorus-Therian</strong>)!<br></div><div class="battle-history">[The opposing Landorus's Intimidate]<br></div><div class="battle-history"><small>Kartana's Attack fell!</small><br></div><div class="spacer battle-history"><br></div><div class="battle-history">Kartana used <strong>Sacred Sword</strong>!<br></div><div class="battle-history"><small>It's not very effective...</small><br></div><div class="battle-history"><small>(The opposing Landorus lost 24% of its health!)</small><br></div><div class="spacer battle-history"><br></div><h2 class="battle-history">Turn 21</h2><div class="spacer battle-history"><br></div><div class="battle-history">Kartana used <strong>Sacred Sword</strong>!<br></div><div class="battle-history"><small>It's not very effective...</small><br></div><div class="battle-history"><small>(The opposing Landorus lost 25% of its health!)</small><br></div><div class="spacer battle-history"><br></div><div class="battle-history">The opposing Landorus used <strong>Earthquake</strong>!<br></div><div class="battle-history"><small>(Kartana lost <abbr title="−33/322">10.2%</abbr> of its health!)</small><br></div><div class="spacer battle-history"><br></div><div class="battle-history">Kartana fainted!<br></div><div class="spacer battle-history"><br></div><div class="battle-history">Go! <strong>Dhelmise</strong>!<br></div><div class="battle-history"><small>Pointed stones dug into Dhelmise!</small><br></div><div class="spacer battle-history"><br></div><h2 class="battle-history">Turn 22</h2><div class="spacer battle-history"><br></div><div class="battle-history"><small>Dhelmise's Dhelmite is reacting to the Key Stone!</small><br>Dhelmise has Mega Evolved into Mega Dhelmise!<br></div><div class="battle-history">[Dhelmise's Primordial Sea]<br><small>A heavy rain began to fall!</small><br></div><div class="chat"><ul class="utilichart"><li class="result"><span class="col numcol">NU</span> <span class="col pokemonnamecol" style="white-space: nowrap">Dhelmise-Mega</span> <span class="col typecol"><img src="https://play.pokemonshowdown.com/sprites/types/Ghost.png" alt="Ghost" height="14" width="32"><img src="https://play.pokemonshowdown.com/sprites/types/Steel.png" alt="Steel" height="14" width="32"></span> <span style="float: left ; min-height: 26px"><span class="col abilitycol">Primordial Sea</span><span class="col abilitycol"></span></span><span style="float: left ; min-height: 26px"><span class="col statcol"><em>HP</em><br>70</span> <span class="col statcol"><em>Atk</em><br>151</span> <span class="col statcol"><em>Def</em><br>110</span> <span class="col statcol"><em>SpA</em><br>86</span> <span class="col statcol"><em>SpD</em><br>110</span> <span class="col statcol"><em>Spe</em><br>90</span> </span></li><li style="clear: both"></li></ul></div><div class="spacer battle-history"><br></div><div class="battle-history">The opposing Landorus used <strong>Earthquake</strong>!<br></div><div class="battle-history"><small>It's super effective!</small><br></div><div class="battle-history"><small>(Dhelmise lost <abbr title="−101/281">35.9%</abbr> of its health!)</small><br></div><div class="spacer battle-history"><br></div><div class="battle-history">Dhelmise fainted!<br></div><div class="battle-history"><small>The heavy rain has lifted!</small><br></div><div class="spacer battle-history"><br></div><div class="battle-history">Go! <strong>Slowbro</strong>!<br></div><div class="spacer battle-history"><br></div><h2 class="battle-history">Turn 23</h2><div class="spacer battle-history"><br></div><div class="battle-history">Gravity Monkey withdrew Landorus!<br></div><div class="battle-history">Gravity Monkey sent out <strong>Heatran</strong>!<br></div><div class="spacer battle-history"><br></div><div class="battle-history">Slowbro used <strong>Scald</strong>!<br></div><div class="battle-history"><small>It's super effective!</small><br></div><div class="battle-history"><small>(The opposing Heatran lost 53% of its health!)</small><br></div><div class="spacer battle-history"><br></div><div class="battle-history">The opposing Heatran fainted!<br></div><div class="spacer battle-history"><br></div><div class="battle-history">Gravity Monkey sent out <strong>Kommo-o</strong>!<br></div><div class="spacer battle-history"><br></div><h2 class="battle-history">Turn 24</h2><div class="spacer battle-history"><br></div><div class="battle-history">The opposing Kommo-o used <strong>Substitute</strong>!<br></div><div class="battle-history"><small>The opposing Kommo-o put in a substitute!</small><br></div><div class="battle-history"><small>(The opposing Kommo-o lost 25% of its health!)</small><br></div><div class="spacer battle-history"><br></div><div class="battle-history">Slowbro used <strong>Future Sight</strong>!<br></div><div class="battle-history"><small>Slowbro foresaw an attack!</small><br></div><div class="spacer battle-history"><br></div><h2 class="battle-history">Turn 25</h2><div class="spacer battle-history"><br></div><div class="battle-history">The opposing Kommo-o used <strong>Belly Drum</strong>!<br></div><div class="battle-history"><small>(The opposing Kommo-o lost 50% of its health!)</small><br></div><div class="battle-history"><small>The opposing Kommo-o cut its own HP and maximized its Attack!</small><br></div><div class="battle-history"><small>(The opposing Kommo-o ate its Salac Berry!)</small><br></div><div class="battle-history"><small>The Salac Berry raised the opposing Kommo-o's Speed!</small><br></div><div class="spacer battle-history"><br></div><div class="battle-history">Slowbro used <strong>Scald</strong>!<br></div><div class="battle-history"><small>It's not very effective...</small><br></div><div class="battle-history"><small>The substitute took damage for the opposing Kommo-o!</small><br></div><div class="spacer battle-history"><br></div><h2 class="battle-history">Turn 26</h2><div class="spacer battle-history"><br></div><div class="battle-history">The opposing Kommo-o used <strong>Earthquake</strong>!<br></div><div class="battle-history"><small>(Slowbro lost <abbr title="−281/394">71.3%</abbr> of its health!)</small><br></div><div class="spacer battle-history"><br></div><div class="battle-history">Slowbro used <strong>Scald</strong>!<br></div><div class="battle-history"><small>It's not very effective...</small><br></div><div class="battle-history"><small>The opposing Kommo-o's substitute faded!</small><br></div><div class="spacer battle-history"><br></div><div class="battle-history"><small>The opposing Kommo-o took the Future Sight attack!</small><br></div><div class="battle-history"><small>It's super effective!</small><br></div><div class="battle-history"><small>(The opposing Kommo-o lost 25% of its health!)</small><br></div><div class="spacer battle-history"><br></div><div class="battle-history">The opposing Kommo-o fainted!<br></div><div class="spacer battle-history"><br></div><div class="battle-history">Gravity Monkey sent out Landorus (<strong>Landorus-Therian</strong>)!<br></div><div class="battle-history">[The opposing Landorus's Intimidate]<br></div><div class="battle-history"><small>Slowbro's Attack fell!</small><br></div><div class="spacer battle-history"><br></div><h2 class="battle-history">Turn 27</h2><div class="spacer battle-history"><br></div><div class="battle-history">The opposing Landorus used <strong>U-turn</strong>!<br></div><div class="battle-history"><small>It's super effective!</small><br></div><div class="battle-history"><small>(Slowbro lost <abbr title="−112/394">28.4%</abbr> of its health!)</small><br></div><div class="spacer battle-history"><br></div><div class="battle-history">Slowbro fainted!<br></div><div class="spacer battle-history"><br></div><div class="battle-history">The opposing Landorus went back to Gravity Monkey!<br></div><div class="battle-history">Gravity Monkey sent out <strong>Clefable</strong>!<br></div><div class="spacer battle-history"><br></div><div class="battle-history">Go! <strong>Cinderace</strong>!<br></div><div class="spacer battle-history"><br></div><h2 class="battle-history">Turn 28</h2><div class="spacer battle-history"><br></div><div class="battle-history">The opposing Clefable used <strong>Protect</strong>!<br></div><div class="battle-history"><small>The opposing Clefable protected itself!</small><br></div><div class="spacer battle-history"><br></div><div class="battle-history">Cinderace used <strong>Gunk Shot</strong>!<br></div><div class="battle-history">[Cinderace's Libero]<br><small>Cinderace's type changed to Poison!</small><br></div><div class="battle-history"><small>The opposing Clefable protected itself!</small><br></div><div class="spacer battle-history"><br></div><h2 class="battle-history">Turn 29</h2><div class="spacer battle-history"><br></div><div class="battle-history">Cinderace used <strong>Gunk Shot</strong>!<br></div><div class="battle-history"><small>It's super effective!</small><br></div><div class="battle-history"><small>(The opposing Clefable lost 82% of its health!)</small><br></div><div class="spacer battle-history"><br></div><div class="battle-history">The opposing Clefable used <strong>Wish</strong>!<br></div><div class="spacer battle-history"><br></div><div class="battle-history"><small>The opposing Clefable restored a little HP using its Leftovers!</small><br></div><div class="spacer battle-history"><br></div><h2 class="battle-history">Turn 30</h2><div class="spacer battle-history"><br></div><div class="battle-history">The opposing Clefable used <strong>Protect</strong>!<br></div><div class="battle-history"><small>The opposing Clefable protected itself!</small><br></div><div class="spacer battle-history"><br></div><div class="battle-history">Cinderace used <strong>U-turn</strong>!<br></div><div class="battle-history">[Cinderace's Libero]<br><small>Cinderace's type changed to Bug!</small><br></div><div class="battle-history"><small>The opposing Clefable protected itself!</small><br></div><div class="spacer battle-history"><br></div><div class="battle-history"><small>Clefable's wish came true!</small><br></div><div class="battle-history"><small>The opposing Clefable restored a little HP using its Leftovers!</small><br></div><div class="spacer battle-history"><br></div><h2 class="battle-history">Turn 31</h2><div class="spacer battle-history"><br></div><div class="battle-history">Cinderace used <strong>Gunk Shot</strong>!<br></div><div class="battle-history">[Cinderace's Libero]<br><small>Cinderace's type changed to Poison!</small><br></div><div class="battle-history"><small>It's super effective!</small><br></div><div class="battle-history"><small>(The opposing Clefable lost 80% of its health!)</small><br></div><div class="spacer battle-history"><br></div><div class="battle-history">The opposing Clefable fainted!<br></div><div class="chat"><small> alt #94566 joined</small></div><div class="spacer battle-history"><br></div><div class="battle-history">Gravity Monkey sent out Landorus (<strong>Landorus-Therian</strong>)!<br></div><div class="battle-history">[The opposing Landorus's Intimidate]<br></div><div class="battle-history"><small>Cinderace's Attack fell!</small><br></div><div class="spacer battle-history"><br></div><h2 class="battle-history">Turn 32</h2><div class="spacer battle-history"><br></div><div class="battle-history">The opposing Landorus used <strong>Earthquake</strong>!<br></div><div class="battle-history"><small>It's super effective!</small><br></div><div class="battle-history"><small>(Cinderace lost <abbr title="−301/301">100%</abbr> of its health!)</small><br></div><div class="spacer battle-history"><br></div><div class="battle-history">Cinderace fainted!<br></div><div class="spacer battle-history"><br></div><div class="battle-history"><strong>Gravity Monkey</strong> won the battle!<br></div><div class="chat chatmessage-gravitymonkey"><strong style="color:#a3742e"><small>☆</small><span class="username" data-name="Gravity Monkey">Gravity Monkey</span>:</strong> <em>gg</em></div><div class="chat"><small> alt #94566 left</small></div><div class="chat chatmessage-lysion mine"><strong style="color:#837b25"><small>☆</small><span class="username" data-name="Lysion">Lysion</span>:</strong> <em>GG</em></div><div class="chat"><small> MigatteNoChauvuui left</small></div><div class="chat chatmessage-lysion mine"><strong style="color:#837b25"><small>☆</small><span class="username" data-name="Lysion">Lysion</span>:</strong> <em>Tu postes le replay ou je le poste ?</em></div><div class="chat chatmessage-gravitymonkey"><strong style="color:#a3742e"><small>☆</small><span class="username" data-name="Gravity Monkey">Gravity Monkey</span>:</strong> <em>jsp tu post stv</em></div><div class="chat chatmessage-lysion mine"><strong style="color:#837b25"><small>☆</small><span class="username" data-name="Lysion">Lysion</span>:</strong> <em>OK</em></div><div class="chat chatmessage-lysion mine"><strong style="color:#837b25"><small>☆</small><span class="username" data-name="Lysion">Lysion</span>:</strong> <em>Si t'as le temps ça te dit un M4A random ?</em></div><div class="chat chatmessage-gravitymonkey"><strong style="color:#a3742e"><small>☆</small><span class="username" data-name="Gravity Monkey">Gravity Monkey</span>:</strong> <em>nope dsl</em></div><div class="chat chatmessage-lysion mine"><strong style="color:#837b25"><small>☆</small><span class="username" data-name="Lysion">Lysion</span>:</strong> <em>OK</em></div><div class="chat chatmessage-lysion mine"><strong style="color:#837b25"><small>☆</small><span class="username" data-name="Lysion">Lysion</span>:</strong> <em>Np</em></div><div class="chat chatmessage-gravitymonkey"><strong style="color:#a3742e"><small>☆</small><span class="username" data-name="Gravity Monkey">Gravity Monkey</span>:</strong> <em>jdois retourner bosser sob</em></div><div class="chat chatmessage-gravitymonkey"><strong style="color:#a3742e"><small>☆</small><span class="username" data-name="Gravity Monkey">Gravity Monkey</span>:</strong> <em>bon ++</em></div><div class="chat chatmessage-lysion mine"><strong style="color:#837b25"><small>☆</small><span class="username" data-name="Lysion">Lysion</span>:</strong> <em>++</em></div><div class="chat"><small>☆Gravity Monkey left</small></div></div><div class="inner-preempt message-log"></div></div></div>
</div>
<script>
let daily = Math.floor(Date.now()/1000/60/60/24);document.write('<script src="https://play.pokemonshowdown.com/js/replay-embed.js?version'+daily+'"></'+'script>');
</script>
