<!DOCTYPE html>
<meta charset="utf-8" />
<!-- version 1 -->
<title>[Gen 8] Megas for All replay: ThatTheDamned vs. BlaueBrause</title>
<style>
html,body {font-family:Verdana, sans-serif;font-size:10pt;margin:0;padding:0;}body{padding:12px 0;} .battle-log {font-family:Verdana, sans-serif;font-size:10pt;} .battle-log-inline {border:1px solid #AAAAAA;background:#EEF2F5;color:black;max-width:640px;margin:0 auto 80px;padding-bottom:5px;} .battle-log .inner {padding:4px 8px 0px 8px;} .battle-log .inner-preempt {padding:0 8px 4px 8px;} .battle-log .inner-after {margin-top:0.5em;} .battle-log h2 {margin:0.5em -8px;padding:4px 8px;border:1px solid #AAAAAA;background:#E0E7EA;border-left:0;border-right:0;font-family:Verdana, sans-serif;font-size:13pt;} .battle-log .chat {vertical-align:middle;padding:3px 0 3px 0;font-size:8pt;} .battle-log .chat strong {color:#40576A;} .battle-log .chat em {padding:1px 4px 1px 3px;color:#000000;font-style:normal;} .chat.mine {background:rgba(0,0,0,0.05);margin-left:-8px;margin-right:-8px;padding-left:8px;padding-right:8px;} .spoiler {color:#BBBBBB;background:#BBBBBB;padding:0px 3px;} .spoiler:hover, .spoiler:active, .spoiler-shown {color:#000000;background:#E2E2E2;padding:0px 3px;} .spoiler a {color:#BBBBBB;} .spoiler:hover a, .spoiler:active a, .spoiler-shown a {color:#2288CC;} .chat code, .chat .spoiler:hover code, .chat .spoiler:active code, .chat .spoiler-shown code {border:1px solid #C0C0C0;background:#EEEEEE;color:black;padding:0 2px;} .chat .spoiler code {border:1px solid #CCCCCC;background:#CCCCCC;color:#CCCCCC;} .battle-log .rated {padding:3px 4px;} .battle-log .rated strong {color:white;background:#89A;padding:1px 4px;border-radius:4px;} .spacer {margin-top:0.5em;} .message-announce {background:#6688AA;color:white;padding:1px 4px 2px;} .message-announce a, .broadcast-green a, .broadcast-blue a, .broadcast-red a {color:#DDEEFF;} .broadcast-green {background-color:#559955;color:white;padding:2px 4px;} .broadcast-blue {background-color:#6688AA;color:white;padding:2px 4px;} .infobox {border:1px solid #6688AA;padding:2px 4px;} .infobox-limited {max-height:200px;overflow:auto;overflow-x:hidden;} .broadcast-red {background-color:#AA5544;color:white;padding:2px 4px;} .message-learn-canlearn {font-weight:bold;color:#228822;text-decoration:underline;} .message-learn-cannotlearn {font-weight:bold;color:#CC2222;text-decoration:underline;} .message-effect-weak {font-weight:bold;color:#CC2222;} .message-effect-resist {font-weight:bold;color:#6688AA;} .message-effect-immune {font-weight:bold;color:#666666;} .message-learn-list {margin-top:0;margin-bottom:0;} .message-throttle-notice, .message-error {color:#992222;} .message-overflow, .chat small.message-overflow {font-size:0pt;} .message-overflow::before {font-size:9pt;content:'...';} .subtle {color:#3A4A66;}
</style>
<div class="wrapper replay-wrapper" style="max-width:1180px;margin:0 auto">
<input type="hidden" name="replayid" value="dragonheaven-gen8megasforall-276" />
<div class="battle"></div><div class="battle-log"></div><div class="replay-controls"></div><div class="replay-controls-2"></div>
<h1 style="font-weight:normal;text-align:center"><strong>[Gen 8] Megas for All</strong><br /><a href="http://pokemonshowdown.com/users/thatthedamned" class="subtle" target="_blank">ThatTheDamned</a> vs. <a href="http://pokemonshowdown.com/users/blauebrause" class="subtle" target="_blank">BlaueBrause</a></h1>
<script type="text/plain" class="battle-log-data">|j|☆ThatTheDamned
|j|☆BlaueBrause
|t:|1615664489
|player|p1|ThatTheDamned|bugcatcher|
|player|p2|BlaueBrause|psychic|
|teamsize|p1|6
|teamsize|p2|6
|gametype|singles
|gen|8
|tier|[Gen 8] Megas for All
|clearpoke
|poke|p1|Delphox, M|
|poke|p1|Gliscor, F|
|poke|p1|Conkeldurr, M|
|poke|p1|Kommo-o, F|
|poke|p1|Rotom-Wash|
|poke|p1|Amoonguss, M|
|poke|p2|Toxtricity-Low-Key, F|
|poke|p2|Corviknight, M|
|poke|p2|Slowking, F|
|poke|p2|Tyranitar, M|
|poke|p2|Kartana|
|poke|p2|Garchomp, F|
|rule|HP Percentage Mod: HP is shown in percentages
|rule|Endless Battle Clause: Forcing endless battles is banned
|rule|OHKO Clause: OHKO moves are banned
|rule|Evasion Moves Clause: Evasion moves are banned
|rule|Species Clause: Limit one of each Pokémon
|rule|Dynamax Clause: You cannot dynamax
|rule|Sleep Clause Mod: Limit one foe put to sleep
|rule|Freeze Clause Mod: Limit one foe frozen
|raw|<img src="https:\/\/www.smogon.com\/forums\/attachments\/banner_2-png.302358\/" height="65" width="381">
|-message|Welcome to Megas for All!
|-message|This is a National Dex-based format where we aim to give a new Mega Evolution to every Pokémon.
|-message|Just like any official format, you can still only Mega Evolve one Pokémon per team!
|-message|You can find our thread and metagame resources here:
|-message|https:\/\/www.smogon.com\/forums\/threads\/3671140\/
|teampreview
|c|☆BlaueBrause|glhf!
|j|+inkbug1

|c|☆ThatTheDamned|You too.
|
|t:|1615664507
|start
|switch|p1a: Kommo-o|Kommo-o, F|100\/100
|switch|p2a: Toxtricroak?|Toxtricity-Low-Key, F|100\/100
|turn|1
|
|t:|1615664515
|detailschange|p2a: Toxtricroak?|Toxtricity-Low-Key-Mega, F
|-mega|p2a: Toxtricroak?|Toxtricity|Toxtricitite
|-ability|p2a: Toxtricroak?|Acid Rock
|-immune|p1a: Kommo-o|[from] ability: Soundproof|[of] p1a: Kommo-o
|-start|p2a: Toxtricroak?|typechange|Electric\/Poison|[silent]
|raw|<ul class="utilichart"><li class="result"><span class="col pokemonnamecol" style="white-space: nowrap">Toxtricity-Low-Key-Mega<\/span> <span class="col typecol"><img src="https:\/\/play.pokemonshowdown.com\/sprites\/types\/Electric.png" alt="Electric" height="14" width="32"><img src="https:\/\/play.pokemonshowdown.com\/sprites\/types\/Poison.png" alt="Poison" height="14" width="32"><\/span> <span style="float: left ; min-height: 26px"><span class="col abilitycol">Acid Rock<\/span><span class="col abilitycol"><\/span><\/span><span style="float: left ; min-height: 26px"><span class="col statcol"><em>HP<\/em><br>75<\/span> <span class="col statcol"><em>Atk<\/em><br>98<\/span> <span class="col statcol"><em>Def<\/em><br>100<\/span> <span class="col statcol"><em>SpA<\/em><br>114<\/span> <span class="col statcol"><em>SpD<\/em><br>140<\/span> <span class="col statcol"><em>Spe<\/em><br>75<\/span> <\/span><\/li><li style="clear: both"><\/li><\/ul>
|move|p2a: Toxtricroak?|Protect|p2a: Toxtricroak?
|-singleturn|p2a: Toxtricroak?|Protect
|move|p1a: Kommo-o|Earthquake|p2a: Toxtricroak?
|-activate|p2a: Toxtricroak?|move: Protect
|
|upkeep
|turn|2
|j| Sticky Fingaa
|
|t:|1615664528
|switch|p2a: Louis|Slowking, F|100\/100
|move|p1a: Kommo-o|Stealth Rock|p2a: Louis
|-sidestart|p2: BlaueBrause|move: Stealth Rock
|
|upkeep
|turn|3
|j| Coppersmith
|
|t:|1615664537
|switch|p1a: Rotom|Rotom-Wash|100\/100
|move|p2a: Louis|Future Sight|p1a: Rotom
|-start|p2a: Louis|move: Future Sight
|
|upkeep
|turn|4
|
|t:|1615664544
|move|p1a: Rotom|Volt Switch|p2a: Louis
|-supereffective|p2a: Louis
|-damage|p2a: Louis|70\/100
|c| Coppersmith|none of my children are present :(
|
|t:|1615664550
|switch|p1a: Conkeldurr|Conkeldurr, M|100\/100|[from]move: Volt Switch
|move|p2a: Louis|Teleport|p2a: Louis
|
|t:|1615664556
|switch|p2a: Fidelis|Corviknight, M|100\/100|[from]move: Teleport
|-damage|p2a: Fidelis|88\/100|[from] Stealth Rock
|-ability|p2a: Fidelis|Pressure
|
|-heal|p2a: Fidelis|94\/100|[from] item: Leftovers
|-status|p1a: Conkeldurr|brn|[from] item: Flame Orb
|upkeep
|turn|5
|c| Coppersmith|fiDEzLISSSSSSSSSSSSSSSSSSSS
|c|☆ThatTheDamned|Oh, wow. I just realized I have three Psychic-weak mons on this thrown together team.
|
|t:|1615664575
|switch|p1a: Delphox|Delphox, M|100\/100
|move|p2a: Fidelis|Brave Bird|p1a: Delphox
|-damage|p1a: Delphox|44\/100
|-damage|p2a: Fidelis|81\/100|[from] Recoil
|
|-end|p1a: Delphox|move: Future Sight
|-resisted|p1a: Delphox
|-damage|p1a: Delphox|21\/100
|-heal|p2a: Fidelis|87\/100|[from] item: Leftovers
|upkeep
|turn|6
|
|t:|1615664587
|switch|p2a: Rawr|Tyranitar, M|100\/100
|-damage|p2a: Rawr|88\/100|[from] Stealth Rock
|-weather|Sandstorm|[from] ability: Sand Stream|[of] p2a: Rawr
|detailschange|p1a: Delphox|Delphox-Mega, M
|-mega|p1a: Delphox|Delphox|Delphite
|-start|p1a: Delphox|typechange|Fire\/Psychic|[silent]
|raw|<ul class="utilichart"><li class="result"><span class="col pokemonnamecol" style="white-space: nowrap">Delphox-Mega<\/span> <span class="col typecol"><img src="https:\/\/play.pokemonshowdown.com\/sprites\/types\/Fire.png" alt="Fire" height="14" width="32"><img src="https:\/\/play.pokemonshowdown.com\/sprites\/types\/Psychic.png" alt="Psychic" height="14" width="32"><\/span> <span style="float: left ; min-height: 26px"><span class="col abilitycol">Clairvoyance<\/span><span class="col abilitycol"><\/span><\/span><span style="float: left ; min-height: 26px"><span class="col statcol"><em>HP<\/em><br>75<\/span> <span class="col statcol"><em>Atk<\/em><br>69<\/span> <span class="col statcol"><em>Def<\/em><br>115<\/span> <span class="col statcol"><em>SpA<\/em><br>135<\/span> <span class="col statcol"><em>SpD<\/em><br>130<\/span> <span class="col statcol"><em>Spe<\/em><br>110<\/span> <\/span><\/li><li style="clear: both"><\/li><\/ul>
|move|p1a: Delphox|Recover|p1a: Delphox
|-heal|p1a: Delphox|71\/100
|
|-weather|Sandstorm|[upkeep]
|-damage|p1a: Delphox|65\/100|[from] Sandstorm
|upkeep
|turn|7
|c| Coppersmith|FIDELIS
|c| Coppersmith|is my nephew
|
|t:|1615664608
|move|p1a: Delphox|Recover|p1a: Delphox
|-heal|p1a: Delphox|100\/100
|move|p2a: Rawr|Crunch|p1a: Delphox
|-supereffective|p1a: Delphox
|-damage|p1a: Delphox|0 fnt
|faint|p1a: Delphox
|
|-weather|Sandstorm|[upkeep]
|upkeep
|c|☆ThatTheDamned|Damn. Was expecting Pursuit. Bye Delphox.
|
|t:|1615664624
|switch|p1a: Gliscor|Gliscor, F|100\/100
|turn|8
|
|t:|1615664629
|switch|p2a: Fidelis|Corviknight, M|87\/100
|-damage|p2a: Fidelis|74\/100|[from] Stealth Rock
|-ability|p2a: Fidelis|Pressure
|move|p1a: Gliscor|Swords Dance|p1a: Gliscor
|-boost|p1a: Gliscor|atk|2
|
|-weather|Sandstorm|[upkeep]
|-heal|p2a: Fidelis|81\/100|[from] item: Leftovers
|-status|p1a: Gliscor|tox|[from] item: Toxic Orb
|upkeep
|turn|9
|c| Coppersmith|fidelis
|
|t:|1615664644
|move|p1a: Gliscor|Facade|p2a: Fidelis
|-resisted|p2a: Fidelis
|-damage|p2a: Fidelis|62\/100
|move|p2a: Fidelis|Defog|p1a: Gliscor
|-unboost|p1a: Gliscor|evasion|1
|-sideend|p2: BlaueBrause|Stealth Rock|[from] move: Defog|[of] p2a: Fidelis
|
|-weather|Sandstorm|[upkeep]
|-heal|p2a: Fidelis|68\/100|[from] item: Leftovers
|upkeep
|turn|10
|
|t:|1615664654
|move|p1a: Gliscor|Swords Dance|p1a: Gliscor
|-boost|p1a: Gliscor|atk|2
|move|p2a: Fidelis|U-turn|p1a: Gliscor
|-resisted|p1a: Gliscor
|-damage|p1a: Gliscor|95\/100 tox
|
|t:|1615664663
|switch|p2a: Nemo|Garchomp, F|100\/100|[from]move: U-turn
|
|-weather|none
|-heal|p1a: Gliscor|100\/100 tox|[from] ability: Poison Heal
|upkeep
|turn|11
|c| Coppersmith|i like fidelis by the way
|
|t:|1615664676
|switch|p2a: Fidelis|Corviknight, M|68\/100
|-ability|p2a: Fidelis|Pressure
|move|p1a: Gliscor|Earthquake|p2a: Fidelis
|-immune|p2a: Fidelis
|
|-heal|p2a: Fidelis|74\/100|[from] item: Leftovers
|upkeep
|turn|12
|
|t:|1615664685
|move|p1a: Gliscor|Swords Dance|p1a: Gliscor
|-boost|p1a: Gliscor|atk|2
|move|p2a: Fidelis|Roost|p2a: Fidelis
|-heal|p2a: Fidelis|100\/100
|-singleturn|p2a: Fidelis|move: Roost
|
|upkeep
|turn|13
|
|t:|1615664692
|move|p1a: Gliscor|Facade|p2a: Fidelis
|-resisted|p2a: Fidelis
|-damage|p2a: Fidelis|61\/100
|move|p2a: Fidelis|Roost|p2a: Fidelis
|-heal|p2a: Fidelis|100\/100
|-singleturn|p2a: Fidelis|move: Roost
|
|upkeep
|turn|14
|
|t:|1615664701
|move|p1a: Gliscor|Swords Dance|p1a: Gliscor
|-boost|p1a: Gliscor|atk|0
|move|p2a: Fidelis|Defog|p1a: Gliscor
|-unboost|p1a: Gliscor|evasion|1
|
|upkeep
|turn|15
|
|t:|1615664707
|move|p1a: Gliscor|Facade|p2a: Fidelis
|-resisted|p2a: Fidelis
|-damage|p2a: Fidelis|59\/100
|move|p2a: Fidelis|Defog|p1a: Gliscor
|-unboost|p1a: Gliscor|evasion|1
|
|-heal|p2a: Fidelis|65\/100|[from] item: Leftovers
|upkeep
|turn|16
|l|☆ThatTheDamned
|player|p1|
|j|☆ThatTheDamned
|player|p1|ThatTheDamned|bugcatcher
|c|☆ThatTheDamned|Sorry. Laptop hiccup on my end.
|c|☆BlaueBrause|welcome back!
|c| Coppersmith|bye hi
|
|t:|1615664791
|move|p1a: Gliscor|Facade|p2a: Fidelis
|-resisted|p2a: Fidelis
|-damage|p2a: Fidelis|27\/100
|move|p2a: Fidelis|Roost|p2a: Fidelis
|-heal|p2a: Fidelis|77\/100
|-singleturn|p2a: Fidelis|move: Roost
|
|-heal|p2a: Fidelis|83\/100|[from] item: Leftovers
|upkeep
|turn|17
|c|☆BlaueBrause|it's fine!
|
|t:|1615664803
|move|p1a: Gliscor|Facade|p2a: Fidelis
|-resisted|p2a: Fidelis
|-damage|p2a: Fidelis|46\/100
|move|p2a: Fidelis|Roost|p2a: Fidelis
|-heal|p2a: Fidelis|96\/100
|-singleturn|p2a: Fidelis|move: Roost
|
|-heal|p2a: Fidelis|100\/100|[from] item: Leftovers
|upkeep
|turn|18
|
|t:|1615664814
|move|p1a: Gliscor|Facade|p2a: Fidelis
|-resisted|p2a: Fidelis
|-damage|p2a: Fidelis|62\/100
|move|p2a: Fidelis|Defog|p1a: Gliscor
|-unboost|p1a: Gliscor|evasion|1
|
|-heal|p2a: Fidelis|68\/100|[from] item: Leftovers
|upkeep
|turn|19
|
|t:|1615664823
|switch|p1a: Rotom|Rotom-Wash|100\/100
|move|p2a: Fidelis|Roost|p2a: Fidelis
|-heal|p2a: Fidelis|100\/100
|-singleturn|p2a: Fidelis|move: Roost
|
|upkeep
|turn|20
|c| Coppersmith|the goated wall
|
|t:|1615664840
|move|p1a: Rotom|Hydro Pump|p2a: Fidelis
|-damage|p2a: Fidelis|66\/100
|move|p2a: Fidelis|U-turn|p1a: Rotom
|-damage|p1a: Rotom|85\/100
|
|t:|1615664846
|switch|p2a: Toxtricroak?|Toxtricity-Low-Key-Mega, F|100\/100|[from]move: U-turn
|-start|p2a: Toxtricroak?|typechange|Electric\/Poison|[silent]
|-status|p1a: Rotom|psn|[from] ability: Acid Rock|[of] p2a: Toxtricroak?
|
|-heal|p1a: Rotom|91\/100 psn|[from] item: Leftovers
|-damage|p1a: Rotom|78\/100 psn|[from] psn
|upkeep
|turn|21
|
|t:|1615664857
|move|p1a: Rotom|Volt Switch|p2a: Toxtricroak?
|-resisted|p2a: Toxtricroak?
|-damage|p2a: Toxtricroak?|93\/100
|
|t:|1615664861
|switch|p1a: Kommo-o|Kommo-o, F|100\/100|[from]move: Volt Switch
|move|p2a: Toxtricroak?|Volt Switch|p1a: Kommo-o
|-resisted|p1a: Kommo-o
|-damage|p1a: Kommo-o|92\/100
|
|t:|1615664867
|switch|p2a: Louis|Slowking, F|100\/100|[from]move: Volt Switch
|
|-heal|p1a: Kommo-o|98\/100|[from] item: Leftovers
|upkeep
|turn|22
|
|t:|1615664874
|move|p1a: Kommo-o|Stealth Rock|p2a: Louis
|-sidestart|p2: BlaueBrause|move: Stealth Rock
|move|p2a: Louis|Future Sight|p1a: Kommo-o
|-start|p2a: Louis|move: Future Sight
|
|-heal|p1a: Kommo-o|100\/100|[from] item: Leftovers
|upkeep
|turn|23
|
|t:|1615664882
|switch|p1a: Amoonguss|Amoonguss, M|100\/100
|move|p2a: Louis|Scald|p1a: Amoonguss
|-resisted|p1a: Amoonguss
|-damage|p1a: Amoonguss|90\/100
|
|-heal|p1a: Amoonguss|96\/100|[from] item: Black Sludge
|upkeep
|turn|24
|
|t:|1615664896
|switch|p1a: Rotom|Rotom-Wash|78\/100 psn
|move|p2a: Louis|Teleport|p2a: Louis
|
|t:|1615664908
|switch|p2a: Nemo|Garchomp, F|100\/100|[from]move: Teleport
|-damage|p2a: Nemo|94\/100|[from] Stealth Rock
|
|-end|p1a: Rotom|move: Future Sight
|-damage|p1a: Rotom|36\/100 psn
|-heal|p1a: Rotom|42\/100 psn|[from] item: Leftovers
|-damage|p1a: Rotom|29\/100 psn|[from] psn
|upkeep
|turn|25
|
|t:|1615664921
|move|p2a: Nemo|Stone Edge|p1a: Rotom
|-damage|p1a: Rotom|0 fnt
|faint|p1a: Rotom
|
|upkeep
|j| bro torterra ☯
|
|t:|1615664932
|switch|p1a: Conkeldurr|Conkeldurr, M|100\/100 brn
|turn|26
|
|t:|1615664946
|switch|p2a: Toxtricroak?|Toxtricity-Low-Key-Mega, F|93\/100
|-start|p2a: Toxtricroak?|typechange|Electric\/Poison|[silent]
|-damage|p2a: Toxtricroak?|81\/100|[from] Stealth Rock
|move|p1a: Conkeldurr|Drain Punch|p2a: Toxtricroak?
|-resisted|p2a: Toxtricroak?
|-damage|p2a: Toxtricroak?|48\/100
|
|-damage|p1a: Conkeldurr|95\/100 brn|[from] brn
|upkeep
|turn|27
|
|t:|1615664958
|move|p2a: Toxtricroak?|Protect|p2a: Toxtricroak?
|-singleturn|p2a: Toxtricroak?|Protect
|move|p1a: Conkeldurr|Facade|p2a: Toxtricroak?
|-activate|p2a: Toxtricroak?|move: Protect
|
|-damage|p1a: Conkeldurr|89\/100 brn|[from] brn
|upkeep
|turn|28
|
|t:|1615664967
|move|p1a: Conkeldurr|Drain Punch|p2a: Toxtricroak?
|-resisted|p2a: Toxtricroak?
|-damage|p2a: Toxtricroak?|15\/100
|-heal|p1a: Conkeldurr|100\/100 brn|[from] drain|[of] p2a: Toxtricroak?
|move|p2a: Toxtricroak?|Slack Off|p2a: Toxtricroak?
|-heal|p2a: Toxtricroak?|65\/100
|
|-damage|p1a: Conkeldurr|95\/100 brn|[from] brn
|upkeep
|turn|29
|
|t:|1615664978
|move|p2a: Toxtricroak?|Protect|p2a: Toxtricroak?
|-singleturn|p2a: Toxtricroak?|Protect
|move|p1a: Conkeldurr|Facade|p2a: Toxtricroak?
|-activate|p2a: Toxtricroak?|move: Protect
|
|-damage|p1a: Conkeldurr|89\/100 brn|[from] brn
|upkeep
|turn|30
|
|t:|1615664986
|move|p1a: Conkeldurr|Facade|p2a: Toxtricroak?
|-damage|p2a: Toxtricroak?|0 fnt
|faint|p2a: Toxtricroak?
|
|-damage|p1a: Conkeldurr|83\/100 brn|[from] brn
|upkeep
|
|t:|1615665002
|switch|p2a: Nemo|Garchomp, F|94\/100
|-damage|p2a: Nemo|88\/100|[from] Stealth Rock
|turn|31
|
|t:|1615665010
|switch|p1a: Amoonguss|Amoonguss, M|100\/100
|move|p2a: Nemo|Earthquake|p1a: Amoonguss
|-damage|p1a: Amoonguss|61\/100
|
|-heal|p1a: Amoonguss|67\/100|[from] item: Black Sludge
|upkeep
|turn|32
|
|t:|1615665019
|switch|p2a: Louis|Slowking, F|100\/100
|move|p1a: Amoonguss|Spore|p2a: Louis
|-status|p2a: Louis|slp|[from] move: Spore
|
|-heal|p1a: Amoonguss|73\/100|[from] item: Black Sludge
|upkeep
|turn|33
|
|t:|1615665028
|switch|p1a: Conkeldurr|Conkeldurr, M|83\/100 brn
|switch|p2a: Fidelis|Corviknight, M|66\/100
|-damage|p2a: Fidelis|54\/100|[from] Stealth Rock
|-ability|p2a: Fidelis|Pressure
|
|-heal|p2a: Fidelis|60\/100|[from] item: Leftovers
|-damage|p1a: Conkeldurr|77\/100 brn|[from] brn
|upkeep
|turn|34
|c| Coppersmith|F
|c| Coppersmith|I
|c| Coppersmith|D
|c| Coppersmith|E
|
|t:|1615665040
|move|p1a: Conkeldurr|Drain Punch|p2a: Fidelis
|-damage|p2a: Fidelis|18\/100
|-heal|p1a: Conkeldurr|100\/100 brn|[from] drain|[of] p2a: Fidelis
|move|p2a: Fidelis|Roost|p2a: Fidelis
|-heal|p2a: Fidelis|68\/100
|-singleturn|p2a: Fidelis|move: Roost
|
|-heal|p2a: Fidelis|74\/100|[from] item: Leftovers
|-damage|p1a: Conkeldurr|95\/100 brn|[from] brn
|upkeep
|turn|35
|c| Coppersmith|L
|c| Coppersmith|I
|c| Coppersmith|S
|c| Coppersmith|the goat
|
|t:|1615665051
|move|p1a: Conkeldurr|Knock Off|p2a: Fidelis
|-damage|p2a: Fidelis|40\/100
|-enditem|p2a: Fidelis|Leftovers|[from] move: Knock Off|[of] p1a: Conkeldurr
|move|p2a: Fidelis|Roost|p2a: Fidelis
|-heal|p2a: Fidelis|90\/100
|-singleturn|p2a: Fidelis|move: Roost
|
|-damage|p1a: Conkeldurr|89\/100 brn|[from] brn
|upkeep
|turn|36
|
|t:|1615665061
|move|p1a: Conkeldurr|Drain Punch|p2a: Fidelis
|-crit|p2a: Fidelis
|-damage|p2a: Fidelis|23\/100
|-heal|p1a: Conkeldurr|100\/100 brn|[from] drain|[of] p2a: Fidelis
|move|p2a: Fidelis|Brave Bird|p1a: Conkeldurr
|-supereffective|p1a: Conkeldurr
|-damage|p1a: Conkeldurr|30\/100 brn
|-damage|p2a: Fidelis|3\/100|[from] Recoil
|
|-damage|p1a: Conkeldurr|24\/100 brn|[from] brn
|upkeep
|turn|37
|
|t:|1615665072
|move|p1a: Conkeldurr|Drain Punch|p2a: Fidelis
|-damage|p2a: Fidelis|0 fnt
|-heal|p1a: Conkeldurr|25\/100 brn|[from] drain|[of] p2a: Fidelis
|faint|p2a: Fidelis
|
|-damage|p1a: Conkeldurr|19\/100 brn|[from] brn
|upkeep
|
|t:|1615665079
|switch|p2a: Nemo|Garchomp, F|88\/100
|-damage|p2a: Nemo|82\/100|[from] Stealth Rock
|turn|38
|
|t:|1615665085
|switch|p1a: Gliscor|Gliscor, F|100\/100 tox
|move|p2a: Nemo|Earthquake|p1a: Gliscor
|-immune|p1a: Gliscor
|
|upkeep
|turn|39
|c| Coppersmith|NO
|c| Coppersmith|not fidelisssss
|
|t:|1615665095
|move|p2a: Nemo|Swords Dance|p2a: Nemo
|-boost|p2a: Nemo|atk|2
|move|p1a: Gliscor|Earthquake|p2a: Nemo
|-damage|p2a: Nemo|46\/100
|
|upkeep
|turn|40
|
|t:|1615665105
|switch|p1a: Kommo-o|Kommo-o, F|100\/100
|-zpower|p2a: Nemo
|move|p2a: Nemo|Continental Crush|p1a: Kommo-o|[zeffect]
|-resisted|p1a: Kommo-o
|-damage|p1a: Kommo-o|51\/100
|
|-heal|p1a: Kommo-o|58\/100|[from] item: Leftovers
|upkeep
|turn|41
|
|t:|1615665119
|move|p2a: Nemo|Earthquake|p1a: Kommo-o
|-damage|p1a: Kommo-o|0 fnt
|faint|p1a: Kommo-o
|
|upkeep
|
|t:|1615665124
|switch|p1a: Gliscor|Gliscor, F|100\/100 tox
|turn|42
|
|t:|1615665130
|move|p2a: Nemo|Stone Edge|p1a: Gliscor
|-damage|p1a: Gliscor|48\/100 tox
|move|p1a: Gliscor|Earthquake|p2a: Nemo
|-damage|p2a: Nemo|15\/100
|
|-heal|p1a: Gliscor|61\/100 tox|[from] ability: Poison Heal
|upkeep
|turn|43
|
|t:|1615665139
|move|p2a: Nemo|Stone Edge|p1a: Gliscor
|-damage|p1a: Gliscor|6\/100 tox
|move|p1a: Gliscor|Earthquake|p2a: Nemo
|-damage|p2a: Nemo|0 fnt
|faint|p2a: Nemo
|
|-heal|p1a: Gliscor|18\/100 tox|[from] ability: Poison Heal
|upkeep
|
|t:|1615665148
|switch|p2a: Divine Blades|Kartana|100\/100
|-damage|p2a: Divine Blades|94\/100|[from] Stealth Rock
|turn|44
|
|t:|1615665154
|move|p2a: Divine Blades|Smart Strike|p1a: Gliscor
|-damage|p1a: Gliscor|0 fnt
|faint|p1a: Gliscor
|-ability|p2a: Divine Blades|Beast Boost|boost
|-boost|p2a: Divine Blades|atk|1
|
|upkeep
|
|t:|1615665165
|switch|p1a: Conkeldurr|Conkeldurr, M|19\/100 brn
|turn|45
|
|t:|1615665170
|move|p1a: Conkeldurr|Mach Punch|p2a: Divine Blades
|-supereffective|p2a: Divine Blades
|-damage|p2a: Divine Blades|15\/100
|move|p2a: Divine Blades|Smart Strike|p1a: Conkeldurr
|-damage|p1a: Conkeldurr|0 fnt
|faint|p1a: Conkeldurr
|-ability|p2a: Divine Blades|Beast Boost|boost
|-boost|p2a: Divine Blades|atk|1
|
|upkeep
|c|☆ThatTheDamned|Huh. Underestimated that thing's bulk. gg
|
|t:|1615665184
|switch|p1a: Amoonguss|Amoonguss, M|100\/100
|turn|46
|c|☆BlaueBrause|gg
|
|t:|1615665188
|move|p2a: Divine Blades|Smart Strike|p1a: Amoonguss
|-damage|p1a: Amoonguss|26\/100
|move|p1a: Amoonguss|Hidden Power|p2a: Divine Blades
|-supereffective|p2a: Divine Blades
|-damage|p2a: Divine Blades|0 fnt
|faint|p2a: Divine Blades
|
|-heal|p1a: Amoonguss|32\/100|[from] item: Black Sludge
|upkeep
|
|t:|1615665197
|switch|p2a: Rawr|Tyranitar, M|88\/100
|-damage|p2a: Rawr|76\/100|[from] Stealth Rock
|-weather|Sandstorm|[from] ability: Sand Stream|[of] p2a: Rawr
|turn|47
|
|t:|1615665204
|move|p2a: Rawr|Ice Punch|p1a: Amoonguss
|-supereffective|p1a: Amoonguss
|-damage|p1a: Amoonguss|0 fnt
|faint|p1a: Amoonguss
|
|win|BlaueBrause</script>
</div>
<div class="battle-log battle-log-inline"><div class="inner"><div class="battle-options"><div style="padding-top: 3px; padding-right: 3px; text-align: right"><button class="icon button" name="openBattleOptions" title="Options">Battle Options</button></div></div><div class="inner message-log"><div class="chat"><small>☆ThatTheDamned and ☆BlaueBrause joined</small></div><div class=""><small>Format:</small> <br><strong>[Gen 8] Megas for All</strong></div><div class=""><small><em>HP Percentage Mod:</em> HP is shown in percentages</small></div><div class=""><small><em>Endless Battle Clause:</em> Forcing endless battles is banned</small></div><div class=""><small><em>OHKO Clause:</em> OHKO moves are banned</small></div><div class=""><small><em>Evasion Moves Clause:</em> Evasion moves are banned</small></div><div class=""><small><em>Species Clause:</em> Limit one of each Pokémon</small></div><div class=""><small><em>Dynamax Clause:</em> You cannot dynamax</small></div><div class=""><small><em>Sleep Clause Mod:</em> Limit one foe put to sleep</small></div><div class=""><small><em>Freeze Clause Mod:</em> Limit one foe frozen</small></div><div class="chat"><img src="https://www.smogon.com/forums/attachments/banner_2-png.302358/" height="65" width="381"></div><div class="spacer battle-history"><br></div><div class="battle-history"><small>Welcome to Megas for All!</small><br></div><div class="battle-history"><small>This is a National Dex-based format where we aim to give a new Mega Evolution to every Pokémon.</small><br></div><div class="battle-history"><small>Just like any official format, you can still only Mega Evolve one Pokémon per team!</small><br></div><div class="battle-history"><small>You can find our thread and metagame resources here:</small><br></div><div class="battle-history"><small>https://www.smogon.com/forums/threads/3671140/</small><br></div><div class="chat battle-history"><strong>ThatTheDamned's team:</strong> <em style="color:#445566;display:block;">Delphox / Gliscor / Conkeldurr / Kommo-o / Rotom-Wash / Amoonguss</em></div><div class="chat battle-history"><strong>BlaueBrause's team:</strong> <em style="color:#445566;display:block;">Toxtricity-Low-Key / Corviknight / Slowking / Tyranitar / Kartana / Garchomp</em></div><div class="chat chatmessage-blauebrause"><strong style="color:#6b66e4"><small>☆</small><span class="username" data-name="BlaueBrause">BlaueBrause</span>:</strong> <em>glhf!</em></div><div class="chat"><small>+inkbug1 joined</small></div><div class="chat chatmessage-thatthedamned"><strong style="color:#ae6012"><small>☆</small><span class="username" data-name="ThatTheDamned">ThatTheDamned</span>:</strong> <em>You too.</em></div><div class="spacer battle-history"><br></div><div class="battle-history">Battle started between ThatTheDamned and BlaueBrause!<br></div><div class="spacer battle-history"><br></div><div class="battle-history">Go! <strong>Kommo-o</strong>!<br></div><div class="spacer battle-history"><br></div><div class="battle-history">BlaueBrause sent out Toxtricroak? (<strong>Toxtricity-Low-Key</strong>)!<br></div><div class="spacer battle-history"><br></div><h2 class="battle-history">Turn 1</h2><div class="spacer battle-history"><br></div><div class="battle-history"><small>The opposing Toxtricroak?'s Toxtricitite is reacting to the Key Stone!</small><br>The opposing Toxtricroak? has Mega Evolved into Mega Toxtricity!<br></div><div class="battle-history">[The opposing Toxtricroak?'s Acid Rock]<br></div><div class="battle-history">[Kommo-o's Soundproof]<br><small>It doesn't affect Kommo-o...</small><br></div><div class="chat"><ul class="utilichart"><li class="result"><span class="col pokemonnamecol" style="white-space: nowrap">Toxtricity-Low-Key-Mega</span> <span class="col typecol"><img src="https://play.pokemonshowdown.com/sprites/types/Electric.png" alt="Electric" height="14" width="32"><img src="https://play.pokemonshowdown.com/sprites/types/Poison.png" alt="Poison" height="14" width="32"></span> <span style="float: left ; min-height: 26px"><span class="col abilitycol">Acid Rock</span><span class="col abilitycol"></span></span><span style="float: left ; min-height: 26px"><span class="col statcol"><em>HP</em><br>75</span> <span class="col statcol"><em>Atk</em><br>98</span> <span class="col statcol"><em>Def</em><br>100</span> <span class="col statcol"><em>SpA</em><br>114</span> <span class="col statcol"><em>SpD</em><br>140</span> <span class="col statcol"><em>Spe</em><br>75</span> </span></li><li style="clear: both"></li></ul></div><div class="spacer battle-history"><br></div><div class="battle-history">The opposing Toxtricroak? used <strong>Protect</strong>!<br></div><div class="battle-history"><small>The opposing Toxtricroak? protected itself!</small><br></div><div class="spacer battle-history"><br></div><div class="battle-history">Kommo-o used <strong>Earthquake</strong>!<br></div><div class="battle-history"><small>The opposing Toxtricroak? protected itself!</small><br></div><div class="spacer battle-history"><br></div><h2 class="battle-history">Turn 2</h2><div class="chat"><small> Sticky Fingaa joined</small></div><div class="spacer battle-history"><br></div><div class="battle-history">BlaueBrause withdrew Toxtricroak?!<br></div><div class="battle-history">BlaueBrause sent out Louis (<strong>Slowking</strong>)!<br></div><div class="spacer battle-history"><br></div><div class="battle-history">Kommo-o used <strong>Stealth Rock</strong>!<br></div><div class="battle-history"><small>Pointed stones float in the air around the opposing team!</small><br></div><div class="spacer battle-history"><br></div><h2 class="battle-history">Turn 3</h2><div class="chat"><small> Coppersmith joined</small></div><div class="spacer battle-history"><br></div><div class="battle-history">Kommo-o, come back!<br></div><div class="battle-history">Go! Rotom (<strong>Rotom-Wash</strong>)!<br></div><div class="spacer battle-history"><br></div><div class="battle-history">The opposing Louis used <strong>Future Sight</strong>!<br></div><div class="battle-history"><small>The opposing Louis foresaw an attack!</small><br></div><div class="spacer battle-history"><br></div><h2 class="battle-history">Turn 4</h2><div class="spacer battle-history"><br></div><div class="battle-history">Rotom used <strong>Volt Switch</strong>!<br></div><div class="battle-history"><small>It's super effective!</small><br></div><div class="battle-history"><small>(The opposing Louis lost 30% of its health!)</small><br></div><div class="chat chatmessage-coppersmith"><strong style="color:#0aa445"><small> </small><span class="username" data-name="Coppersmith">Coppersmith</span>:</strong> <em>none of my children are present :(</em></div><div class="spacer battle-history"><br></div><div class="battle-history">Rotom went back to ThatTheDamned!<br></div><div class="battle-history">Go! <strong>Conkeldurr</strong>!<br></div><div class="spacer battle-history"><br></div><div class="battle-history">The opposing Louis used <strong>Teleport</strong>!<br></div><div class="spacer battle-history"><br></div><div class="battle-history">BlaueBrause withdrew Louis!<br></div><div class="battle-history">BlaueBrause sent out Fidelis (<strong>Corviknight</strong>)!<br></div><div class="battle-history"><small>Pointed stones dug into the opposing Fidelis!</small><br></div><div class="battle-history">[The opposing Fidelis's Pressure]<br><small>The opposing Fidelis is exerting its pressure!</small><br></div><div class="spacer battle-history"><br></div><div class="battle-history"><small>The opposing Fidelis restored a little HP using its Leftovers!</small><br></div><div class="battle-history"><small>Conkeldurr was burned!</small><br></div><div class="spacer battle-history"><br></div><h2 class="battle-history">Turn 5</h2><div class="chat chatmessage-coppersmith"><strong style="color:#0aa445"><small> </small><span class="username" data-name="Coppersmith">Coppersmith</span>:</strong> <em>fiDEzLISSSSSSSSSSSSSSSSSSSS</em></div><div class="chat chatmessage-thatthedamned"><strong style="color:#ae6012"><small>☆</small><span class="username" data-name="ThatTheDamned">ThatTheDamned</span>:</strong> <em>Oh, wow. I just realized I have three Psychic-weak mons on this thrown together team.</em></div><div class="spacer battle-history"><br></div><div class="battle-history">Conkeldurr, come back!<br></div><div class="battle-history">Go! <strong>Delphox</strong>!<br></div><div class="spacer battle-history"><br></div><div class="battle-history">The opposing Fidelis used <strong>Brave Bird</strong>!<br></div><div class="battle-history"><small>(Delphox lost 56% of its health!)</small><br></div><div class="battle-history"><small>The opposing Fidelis was damaged by the recoil!</small><br></div><div class="spacer battle-history"><br></div><div class="battle-history"><small>Delphox took the Future Sight attack!</small><br></div><div class="battle-history"><small>It's not very effective...</small><br></div><div class="battle-history"><small>(Delphox lost 23% of its health!)</small><br></div><div class="battle-history"><small>The opposing Fidelis restored a little HP using its Leftovers!</small><br></div><div class="spacer battle-history"><br></div><h2 class="battle-history">Turn 6</h2><div class="spacer battle-history"><br></div><div class="battle-history">BlaueBrause withdrew Fidelis!<br></div><div class="battle-history">BlaueBrause sent out Rawr (<strong>Tyranitar</strong>)!<br></div><div class="battle-history"><small>Pointed stones dug into the opposing Rawr!</small><br></div><div class="battle-history">[The opposing Rawr's Sand Stream]<br><small>A sandstorm kicked up!</small><br></div><div class="spacer battle-history"><br></div><div class="battle-history"><small>Delphox's Delphite is reacting to the Key Stone!</small><br>Delphox has Mega Evolved into Mega Delphox!<br></div><div class="chat"><ul class="utilichart"><li class="result"><span class="col pokemonnamecol" style="white-space: nowrap">Delphox-Mega</span> <span class="col typecol"><img src="https://play.pokemonshowdown.com/sprites/types/Fire.png" alt="Fire" height="14" width="32"><img src="https://play.pokemonshowdown.com/sprites/types/Psychic.png" alt="Psychic" height="14" width="32"></span> <span style="float: left ; min-height: 26px"><span class="col abilitycol">Clairvoyance</span><span class="col abilitycol"></span></span><span style="float: left ; min-height: 26px"><span class="col statcol"><em>HP</em><br>75</span> <span class="col statcol"><em>Atk</em><br>69</span> <span class="col statcol"><em>Def</em><br>115</span> <span class="col statcol"><em>SpA</em><br>135</span> <span class="col statcol"><em>SpD</em><br>130</span> <span class="col statcol"><em>Spe</em><br>110</span> </span></li><li style="clear: both"></li></ul></div><div class="spacer battle-history"><br></div><div class="battle-history">Delphox used <strong>Recover</strong>!<br></div><div class="battle-history"><small>Delphox had its HP restored.</small><br></div><div class="spacer battle-history"><br></div><div class="battle-history"><small>(The sandstorm is raging.)</small><br></div><div class="battle-history"><small>Delphox is buffeted by the sandstorm!</small><br></div><div class="spacer battle-history"><br></div><h2 class="battle-history">Turn 7</h2><div class="chat chatmessage-coppersmith"><strong style="color:#0aa445"><small> </small><span class="username" data-name="Coppersmith">Coppersmith</span>:</strong> <em>FIDELIS</em></div><div class="chat chatmessage-coppersmith"><strong style="color:#0aa445"><small> </small><span class="username" data-name="Coppersmith">Coppersmith</span>:</strong> <em>is my nephew</em></div><div class="spacer battle-history"><br></div><div class="battle-history">Delphox used <strong>Recover</strong>!<br></div><div class="battle-history"><small>Delphox had its HP restored.</small><br></div><div class="spacer battle-history"><br></div><div class="battle-history">The opposing Rawr used <strong>Crunch</strong>!<br></div><div class="battle-history"><small>It's super effective!</small><br></div><div class="battle-history"><small>(Delphox lost 100% of its health!)</small><br></div><div class="spacer battle-history"><br></div><div class="battle-history">Delphox fainted!<br></div><div class="spacer battle-history"><br></div><div class="battle-history"><small>(The sandstorm is raging.)</small><br></div><div class="chat chatmessage-thatthedamned"><strong style="color:#ae6012"><small>☆</small><span class="username" data-name="ThatTheDamned">ThatTheDamned</span>:</strong> <em>Damn. Was expecting Pursuit. Bye Delphox.</em></div><div class="spacer battle-history"><br></div><div class="battle-history">Go! <strong>Gliscor</strong>!<br></div><div class="spacer battle-history"><br></div><h2 class="battle-history">Turn 8</h2><div class="spacer battle-history"><br></div><div class="battle-history">BlaueBrause withdrew Rawr!<br></div><div class="battle-history">BlaueBrause sent out Fidelis (<strong>Corviknight</strong>)!<br></div><div class="battle-history"><small>Pointed stones dug into the opposing Fidelis!</small><br></div><div class="battle-history">[The opposing Fidelis's Pressure]<br><small>The opposing Fidelis is exerting its pressure!</small><br></div><div class="spacer battle-history"><br></div><div class="battle-history">Gliscor used <strong>Swords Dance</strong>!<br></div><div class="battle-history"><small>Gliscor's Attack rose sharply!</small><br></div><div class="spacer battle-history"><br></div><div class="battle-history"><small>(The sandstorm is raging.)</small><br></div><div class="battle-history"><small>The opposing Fidelis restored a little HP using its Leftovers!</small><br></div><div class="battle-history"><small>Gliscor was badly poisoned!</small><br></div><div class="spacer battle-history"><br></div><h2 class="battle-history">Turn 9</h2><div class="chat chatmessage-coppersmith"><strong style="color:#0aa445"><small> </small><span class="username" data-name="Coppersmith">Coppersmith</span>:</strong> <em>fidelis</em></div><div class="spacer battle-history"><br></div><div class="battle-history">Gliscor used <strong>Facade</strong>!<br></div><div class="battle-history"><small>It's not very effective...</small><br></div><div class="battle-history"><small>(The opposing Fidelis lost 19% of its health!)</small><br></div><div class="spacer battle-history"><br></div><div class="battle-history">The opposing Fidelis used <strong>Defog</strong>!<br></div><div class="battle-history"><small>Gliscor's evasiveness fell!</small><br></div><div class="battle-history"><small>The pointed stones disappeared from around the opposing team!</small><br></div><div class="spacer battle-history"><br></div><div class="battle-history"><small>(The sandstorm is raging.)</small><br></div><div class="battle-history"><small>The opposing Fidelis restored a little HP using its Leftovers!</small><br></div><div class="spacer battle-history"><br></div><h2 class="battle-history">Turn 10</h2><div class="spacer battle-history"><br></div><div class="battle-history">Gliscor used <strong>Swords Dance</strong>!<br></div><div class="battle-history"><small>Gliscor's Attack rose sharply!</small><br></div><div class="spacer battle-history"><br></div><div class="battle-history">The opposing Fidelis used <strong>U-turn</strong>!<br></div><div class="battle-history"><small>It's not very effective...</small><br></div><div class="battle-history"><small>(Gliscor lost 5% of its health!)</small><br></div><div class="spacer battle-history"><br></div><div class="battle-history">The opposing Fidelis went back to BlaueBrause!<br></div><div class="battle-history">BlaueBrause sent out Nemo (<strong>Garchomp</strong>)!<br></div><div class="spacer battle-history"><br></div><div class="battle-history"><small>The sandstorm subsided.</small><br></div><div class="battle-history">[Gliscor's Poison Heal]<br><small>Gliscor had its HP restored.</small><br></div><div class="spacer battle-history"><br></div><h2 class="battle-history">Turn 11</h2><div class="chat chatmessage-coppersmith"><strong style="color:#0aa445"><small> </small><span class="username" data-name="Coppersmith">Coppersmith</span>:</strong> <em>i like fidelis by the way</em></div><div class="spacer battle-history"><br></div><div class="battle-history">BlaueBrause withdrew Nemo!<br></div><div class="battle-history">BlaueBrause sent out Fidelis (<strong>Corviknight</strong>)!<br></div><div class="battle-history">[The opposing Fidelis's Pressure]<br><small>The opposing Fidelis is exerting its pressure!</small><br></div><div class="spacer battle-history"><br></div><div class="battle-history">Gliscor used <strong>Earthquake</strong>!<br></div><div class="battle-history"><small>It doesn't affect the opposing Fidelis...</small><br></div><div class="spacer battle-history"><br></div><div class="battle-history"><small>The opposing Fidelis restored a little HP using its Leftovers!</small><br></div><div class="spacer battle-history"><br></div><h2 class="battle-history">Turn 12</h2><div class="spacer battle-history"><br></div><div class="battle-history">Gliscor used <strong>Swords Dance</strong>!<br></div><div class="battle-history"><small>Gliscor's Attack rose sharply!</small><br></div><div class="spacer battle-history"><br></div><div class="battle-history">The opposing Fidelis used <strong>Roost</strong>!<br></div><div class="battle-history"><small>The opposing Fidelis had its HP restored.</small><br></div><div class="battle-history"><small>(The opposing Fidelis loses Flying type this turn.)</small><br></div><div class="spacer battle-history"><br></div><h2 class="battle-history">Turn 13</h2><div class="spacer battle-history"><br></div><div class="battle-history">Gliscor used <strong>Facade</strong>!<br></div><div class="battle-history"><small>It's not very effective...</small><br></div><div class="battle-history"><small>(The opposing Fidelis lost 39% of its health!)</small><br></div><div class="spacer battle-history"><br></div><div class="battle-history">The opposing Fidelis used <strong>Roost</strong>!<br></div><div class="battle-history"><small>The opposing Fidelis had its HP restored.</small><br></div><div class="battle-history"><small>(The opposing Fidelis loses Flying type this turn.)</small><br></div><div class="spacer battle-history"><br></div><h2 class="battle-history">Turn 14</h2><div class="spacer battle-history"><br></div><div class="battle-history">Gliscor used <strong>Swords Dance</strong>!<br></div><div class="battle-history"><small>Gliscor's Attack won't go any higher!</small><br></div><div class="spacer battle-history"><br></div><div class="battle-history">The opposing Fidelis used <strong>Defog</strong>!<br></div><div class="battle-history"><small>Gliscor's evasiveness fell!</small><br></div><div class="spacer battle-history"><br></div><h2 class="battle-history">Turn 15</h2><div class="spacer battle-history"><br></div><div class="battle-history">Gliscor used <strong>Facade</strong>!<br></div><div class="battle-history"><small>It's not very effective...</small><br></div><div class="battle-history"><small>(The opposing Fidelis lost 41% of its health!)</small><br></div><div class="spacer battle-history"><br></div><div class="battle-history">The opposing Fidelis used <strong>Defog</strong>!<br></div><div class="battle-history"><small>Gliscor's evasiveness fell!</small><br></div><div class="spacer battle-history"><br></div><div class="battle-history"><small>The opposing Fidelis restored a little HP using its Leftovers!</small><br></div><div class="spacer battle-history"><br></div><h2 class="battle-history">Turn 16</h2><div class="chat"><small>☆ThatTheDamned left</small></div><div class="chat"><small>☆ThatTheDamned joined</small></div><div class="chat chatmessage-thatthedamned"><strong style="color:#ae6012"><small>☆</small><span class="username" data-name="ThatTheDamned">ThatTheDamned</span>:</strong> <em>Sorry. Laptop hiccup on my end.</em></div><div class="chat chatmessage-blauebrause"><strong style="color:#6b66e4"><small>☆</small><span class="username" data-name="BlaueBrause">BlaueBrause</span>:</strong> <em>welcome back!</em></div><div class="chat chatmessage-coppersmith"><strong style="color:#0aa445"><small> </small><span class="username" data-name="Coppersmith">Coppersmith</span>:</strong> <em>bye hi</em></div><div class="spacer battle-history"><br></div><div class="battle-history">Gliscor used <strong>Facade</strong>!<br></div><div class="battle-history"><small>It's not very effective...</small><br></div><div class="battle-history"><small>(The opposing Fidelis lost 38% of its health!)</small><br></div><div class="spacer battle-history"><br></div><div class="battle-history">The opposing Fidelis used <strong>Roost</strong>!<br></div><div class="battle-history"><small>The opposing Fidelis had its HP restored.</small><br></div><div class="battle-history"><small>(The opposing Fidelis loses Flying type this turn.)</small><br></div><div class="spacer battle-history"><br></div><div class="battle-history"><small>The opposing Fidelis restored a little HP using its Leftovers!</small><br></div><div class="spacer battle-history"><br></div><h2 class="battle-history">Turn 17</h2><div class="chat chatmessage-blauebrause"><strong style="color:#6b66e4"><small>☆</small><span class="username" data-name="BlaueBrause">BlaueBrause</span>:</strong> <em>it's fine!</em></div><div class="spacer battle-history"><br></div><div class="battle-history">Gliscor used <strong>Facade</strong>!<br></div><div class="battle-history"><small>It's not very effective...</small><br></div><div class="battle-history"><small>(The opposing Fidelis lost 37% of its health!)</small><br></div><div class="spacer battle-history"><br></div><div class="battle-history">The opposing Fidelis used <strong>Roost</strong>!<br></div><div class="battle-history"><small>The opposing Fidelis had its HP restored.</small><br></div><div class="battle-history"><small>(The opposing Fidelis loses Flying type this turn.)</small><br></div><div class="spacer battle-history"><br></div><div class="battle-history"><small>The opposing Fidelis restored a little HP using its Leftovers!</small><br></div><div class="spacer battle-history"><br></div><h2 class="battle-history">Turn 18</h2><div class="spacer battle-history"><br></div><div class="battle-history">Gliscor used <strong>Facade</strong>!<br></div><div class="battle-history"><small>It's not very effective...</small><br></div><div class="battle-history"><small>(The opposing Fidelis lost 38% of its health!)</small><br></div><div class="spacer battle-history"><br></div><div class="battle-history">The opposing Fidelis used <strong>Defog</strong>!<br></div><div class="battle-history"><small>Gliscor's evasiveness fell!</small><br></div><div class="spacer battle-history"><br></div><div class="battle-history"><small>The opposing Fidelis restored a little HP using its Leftovers!</small><br></div><div class="spacer battle-history"><br></div><h2 class="battle-history">Turn 19</h2><div class="spacer battle-history"><br></div><div class="battle-history">Gliscor, come back!<br></div><div class="battle-history">Go! Rotom (<strong>Rotom-Wash</strong>)!<br></div><div class="spacer battle-history"><br></div><div class="battle-history">The opposing Fidelis used <strong>Roost</strong>!<br></div><div class="battle-history"><small>The opposing Fidelis had its HP restored.</small><br></div><div class="battle-history"><small>(The opposing Fidelis loses Flying type this turn.)</small><br></div><div class="spacer battle-history"><br></div><h2 class="battle-history">Turn 20</h2><div class="chat chatmessage-coppersmith"><strong style="color:#0aa445"><small> </small><span class="username" data-name="Coppersmith">Coppersmith</span>:</strong> <em>the goated wall</em></div><div class="spacer battle-history"><br></div><div class="battle-history">Rotom used <strong>Hydro Pump</strong>!<br></div><div class="battle-history"><small>(The opposing Fidelis lost 34% of its health!)</small><br></div><div class="spacer battle-history"><br></div><div class="battle-history">The opposing Fidelis used <strong>U-turn</strong>!<br></div><div class="battle-history"><small>(Rotom lost 15% of its health!)</small><br></div><div class="spacer battle-history"><br></div><div class="battle-history">The opposing Fidelis went back to BlaueBrause!<br></div><div class="battle-history">BlaueBrause sent out Toxtricroak? (<strong>Toxtricity-Low-Key-Mega</strong>)!<br></div><div class="battle-history">[The opposing Toxtricroak?'s Acid Rock]<br><small>Rotom was poisoned!</small><br></div><div class="spacer battle-history"><br></div><div class="battle-history"><small>Rotom restored a little HP using its Leftovers!</small><br></div><div class="battle-history"><small>Rotom was hurt by poison!</small><br></div><div class="spacer battle-history"><br></div><h2 class="battle-history">Turn 21</h2><div class="spacer battle-history"><br></div><div class="battle-history">Rotom used <strong>Volt Switch</strong>!<br></div><div class="battle-history"><small>It's not very effective...</small><br></div><div class="battle-history"><small>(The opposing Toxtricroak? lost 7% of its health!)</small><br></div><div class="spacer battle-history"><br></div><div class="battle-history">Rotom went back to ThatTheDamned!<br></div><div class="battle-history">Go! <strong>Kommo-o</strong>!<br></div><div class="spacer battle-history"><br></div><div class="battle-history">The opposing Toxtricroak? used <strong>Volt Switch</strong>!<br></div><div class="battle-history"><small>It's not very effective...</small><br></div><div class="battle-history"><small>(Kommo-o lost 8% of its health!)</small><br></div><div class="spacer battle-history"><br></div><div class="battle-history">The opposing Toxtricroak? went back to BlaueBrause!<br></div><div class="battle-history">BlaueBrause sent out Louis (<strong>Slowking</strong>)!<br></div><div class="spacer battle-history"><br></div><div class="battle-history"><small>Kommo-o restored a little HP using its Leftovers!</small><br></div><div class="spacer battle-history"><br></div><h2 class="battle-history">Turn 22</h2><div class="spacer battle-history"><br></div><div class="battle-history">Kommo-o used <strong>Stealth Rock</strong>!<br></div><div class="battle-history"><small>Pointed stones float in the air around the opposing team!</small><br></div><div class="spacer battle-history"><br></div><div class="battle-history">The opposing Louis used <strong>Future Sight</strong>!<br></div><div class="battle-history"><small>The opposing Louis foresaw an attack!</small><br></div><div class="spacer battle-history"><br></div><div class="battle-history"><small>Kommo-o restored a little HP using its Leftovers!</small><br></div><div class="spacer battle-history"><br></div><h2 class="battle-history">Turn 23</h2><div class="spacer battle-history"><br></div><div class="battle-history">Kommo-o, come back!<br></div><div class="battle-history">Go! <strong>Amoonguss</strong>!<br></div><div class="spacer battle-history"><br></div><div class="battle-history">The opposing Louis used <strong>Scald</strong>!<br></div><div class="battle-history"><small>It's not very effective...</small><br></div><div class="battle-history"><small>(Amoonguss lost 10% of its health!)</small><br></div><div class="spacer battle-history"><br></div><div class="battle-history"><small>Amoonguss restored a little HP using its Black Sludge!</small><br></div><div class="spacer battle-history"><br></div><h2 class="battle-history">Turn 24</h2><div class="spacer battle-history"><br></div><div class="battle-history">Amoonguss, come back!<br></div><div class="battle-history">Go! Rotom (<strong>Rotom-Wash</strong>)!<br></div><div class="spacer battle-history"><br></div><div class="battle-history">The opposing Louis used <strong>Teleport</strong>!<br></div><div class="spacer battle-history"><br></div><div class="battle-history">BlaueBrause withdrew Louis!<br></div><div class="battle-history">BlaueBrause sent out Nemo (<strong>Garchomp</strong>)!<br></div><div class="battle-history"><small>Pointed stones dug into the opposing Nemo!</small><br></div><div class="spacer battle-history"><br></div><div class="battle-history"><small>Rotom took the Future Sight attack!</small><br></div><div class="battle-history"><small>(Rotom lost 42% of its health!)</small><br></div><div class="battle-history"><small>Rotom restored a little HP using its Leftovers!</small><br></div><div class="battle-history"><small>Rotom was hurt by poison!</small><br></div><div class="spacer battle-history"><br></div><h2 class="battle-history">Turn 25</h2><div class="spacer battle-history"><br></div><div class="battle-history">The opposing Nemo used <strong>Stone Edge</strong>!<br></div><div class="battle-history"><small>(Rotom lost 29% of its health!)</small><br></div><div class="spacer battle-history"><br></div><div class="battle-history">Rotom fainted!<br></div><div class="chat"><small> bro torterra ☯ joined</small></div><div class="spacer battle-history"><br></div><div class="battle-history">Go! <strong>Conkeldurr</strong>!<br></div><div class="spacer battle-history"><br></div><h2 class="battle-history">Turn 26</h2><div class="spacer battle-history"><br></div><div class="battle-history">BlaueBrause withdrew Nemo!<br></div><div class="battle-history">BlaueBrause sent out Toxtricroak? (<strong>Toxtricity-Low-Key-Mega</strong>)!<br></div><div class="battle-history"><small>Pointed stones dug into the opposing Toxtricroak?!</small><br></div><div class="spacer battle-history"><br></div><div class="battle-history">Conkeldurr used <strong>Drain Punch</strong>!<br></div><div class="battle-history"><small>It's not very effective...</small><br></div><div class="battle-history"><small>(The opposing Toxtricroak? lost 33% of its health!)</small><br></div><div class="spacer battle-history"><br></div><div class="battle-history"><small>Conkeldurr was hurt by its burn!</small><br></div><div class="spacer battle-history"><br></div><h2 class="battle-history">Turn 27</h2><div class="spacer battle-history"><br></div><div class="battle-history">The opposing Toxtricroak? used <strong>Protect</strong>!<br></div><div class="battle-history"><small>The opposing Toxtricroak? protected itself!</small><br></div><div class="spacer battle-history"><br></div><div class="battle-history">Conkeldurr used <strong>Facade</strong>!<br></div><div class="battle-history"><small>The opposing Toxtricroak? protected itself!</small><br></div><div class="spacer battle-history"><br></div><div class="battle-history"><small>Conkeldurr was hurt by its burn!</small><br></div><div class="spacer battle-history"><br></div><h2 class="battle-history">Turn 28</h2><div class="spacer battle-history"><br></div><div class="battle-history">Conkeldurr used <strong>Drain Punch</strong>!<br></div><div class="battle-history"><small>It's not very effective...</small><br></div><div class="battle-history"><small>(The opposing Toxtricroak? lost 33% of its health!)</small><br></div><div class="battle-history"><small>The opposing Toxtricroak? had its energy drained!</small><br></div><div class="spacer battle-history"><br></div><div class="battle-history">The opposing Toxtricroak? used <strong>Slack Off</strong>!<br></div><div class="battle-history"><small>The opposing Toxtricroak? had its HP restored.</small><br></div><div class="spacer battle-history"><br></div><div class="battle-history"><small>Conkeldurr was hurt by its burn!</small><br></div><div class="spacer battle-history"><br></div><h2 class="battle-history">Turn 29</h2><div class="spacer battle-history"><br></div><div class="battle-history">The opposing Toxtricroak? used <strong>Protect</strong>!<br></div><div class="battle-history"><small>The opposing Toxtricroak? protected itself!</small><br></div><div class="spacer battle-history"><br></div><div class="battle-history">Conkeldurr used <strong>Facade</strong>!<br></div><div class="battle-history"><small>The opposing Toxtricroak? protected itself!</small><br></div><div class="spacer battle-history"><br></div><div class="battle-history"><small>Conkeldurr was hurt by its burn!</small><br></div><div class="spacer battle-history"><br></div><h2 class="battle-history">Turn 30</h2><div class="spacer battle-history"><br></div><div class="battle-history">Conkeldurr used <strong>Facade</strong>!<br></div><div class="battle-history"><small>(The opposing Toxtricroak? lost 65% of its health!)</small><br></div><div class="spacer battle-history"><br></div><div class="battle-history">The opposing Toxtricroak? fainted!<br></div><div class="spacer battle-history"><br></div><div class="battle-history"><small>Conkeldurr was hurt by its burn!</small><br></div><div class="spacer battle-history"><br></div><div class="battle-history">BlaueBrause sent out Nemo (<strong>Garchomp</strong>)!<br></div><div class="battle-history"><small>Pointed stones dug into the opposing Nemo!</small><br></div><div class="spacer battle-history"><br></div><h2 class="battle-history">Turn 31</h2><div class="spacer battle-history"><br></div><div class="battle-history">Conkeldurr, come back!<br></div><div class="battle-history">Go! <strong>Amoonguss</strong>!<br></div><div class="spacer battle-history"><br></div><div class="battle-history">The opposing Nemo used <strong>Earthquake</strong>!<br></div><div class="battle-history"><small>(Amoonguss lost 39% of its health!)</small><br></div><div class="spacer battle-history"><br></div><div class="battle-history"><small>Amoonguss restored a little HP using its Black Sludge!</small><br></div><div class="spacer battle-history"><br></div><h2 class="battle-history">Turn 32</h2><div class="spacer battle-history"><br></div><div class="battle-history">BlaueBrause withdrew Nemo!<br></div><div class="battle-history">BlaueBrause sent out Louis (<strong>Slowking</strong>)!<br></div><div class="spacer battle-history"><br></div><div class="battle-history">Amoonguss used <strong>Spore</strong>!<br></div><div class="battle-history"><small>The opposing Louis fell asleep!</small><br></div><div class="spacer battle-history"><br></div><div class="battle-history"><small>Amoonguss restored a little HP using its Black Sludge!</small><br></div><div class="spacer battle-history"><br></div><h2 class="battle-history">Turn 33</h2><div class="spacer battle-history"><br></div><div class="battle-history">Amoonguss, come back!<br></div><div class="battle-history">Go! <strong>Conkeldurr</strong>!<br></div><div class="spacer battle-history"><br></div><div class="battle-history">BlaueBrause withdrew Louis!<br></div><div class="battle-history">BlaueBrause sent out Fidelis (<strong>Corviknight</strong>)!<br></div><div class="battle-history"><small>Pointed stones dug into the opposing Fidelis!</small><br></div><div class="battle-history">[The opposing Fidelis's Pressure]<br><small>The opposing Fidelis is exerting its pressure!</small><br></div><div class="spacer battle-history"><br></div><div class="battle-history"><small>The opposing Fidelis restored a little HP using its Leftovers!</small><br></div><div class="battle-history"><small>Conkeldurr was hurt by its burn!</small><br></div><div class="spacer battle-history"><br></div><h2 class="battle-history">Turn 34</h2><div class="chat chatmessage-coppersmith"><strong style="color:#0aa445"><small> </small><span class="username" data-name="Coppersmith">Coppersmith</span>:</strong> <em>F</em></div><div class="chat chatmessage-coppersmith"><strong style="color:#0aa445"><small> </small><span class="username" data-name="Coppersmith">Coppersmith</span>:</strong> <em>I</em></div><div class="chat chatmessage-coppersmith"><strong style="color:#0aa445"><small> </small><span class="username" data-name="Coppersmith">Coppersmith</span>:</strong> <em>D</em></div><div class="chat chatmessage-coppersmith"><strong style="color:#0aa445"><small> </small><span class="username" data-name="Coppersmith">Coppersmith</span>:</strong> <em>E</em></div><div class="spacer battle-history"><br></div><div class="battle-history">Conkeldurr used <strong>Drain Punch</strong>!<br></div><div class="battle-history"><small>(The opposing Fidelis lost 42% of its health!)</small><br></div><div class="battle-history"><small>The opposing Fidelis had its energy drained!</small><br></div><div class="spacer battle-history"><br></div><div class="battle-history">The opposing Fidelis used <strong>Roost</strong>!<br></div><div class="battle-history"><small>The opposing Fidelis had its HP restored.</small><br></div><div class="battle-history"><small>(The opposing Fidelis loses Flying type this turn.)</small><br></div><div class="spacer battle-history"><br></div><div class="battle-history"><small>The opposing Fidelis restored a little HP using its Leftovers!</small><br></div><div class="battle-history"><small>Conkeldurr was hurt by its burn!</small><br></div><div class="spacer battle-history"><br></div><h2 class="battle-history">Turn 35</h2><div class="chat chatmessage-coppersmith"><strong style="color:#0aa445"><small> </small><span class="username" data-name="Coppersmith">Coppersmith</span>:</strong> <em>L</em></div><div class="chat chatmessage-coppersmith"><strong style="color:#0aa445"><small> </small><span class="username" data-name="Coppersmith">Coppersmith</span>:</strong> <em>I</em></div><div class="chat chatmessage-coppersmith"><strong style="color:#0aa445"><small> </small><span class="username" data-name="Coppersmith">Coppersmith</span>:</strong> <em>S</em></div><div class="chat chatmessage-coppersmith"><strong style="color:#0aa445"><small> </small><span class="username" data-name="Coppersmith">Coppersmith</span>:</strong> <em>the goat</em></div><div class="spacer battle-history"><br></div><div class="battle-history">Conkeldurr used <strong>Knock Off</strong>!<br></div><div class="battle-history"><small>(The opposing Fidelis lost 34% of its health!)</small><br></div><div class="battle-history"><small>Conkeldurr knocked off the opposing Fidelis's Leftovers!</small><br></div><div class="spacer battle-history"><br></div><div class="battle-history">The opposing Fidelis used <strong>Roost</strong>!<br></div><div class="battle-history"><small>The opposing Fidelis had its HP restored.</small><br></div><div class="battle-history"><small>(The opposing Fidelis loses Flying type this turn.)</small><br></div><div class="spacer battle-history"><br></div><div class="battle-history"><small>Conkeldurr was hurt by its burn!</small><br></div><div class="spacer battle-history"><br></div><h2 class="battle-history">Turn 36</h2><div class="spacer battle-history"><br></div><div class="battle-history">Conkeldurr used <strong>Drain Punch</strong>!<br></div><div class="battle-history"><small>A critical hit!</small><br></div><div class="battle-history"><small>(The opposing Fidelis lost 67% of its health!)</small><br></div><div class="battle-history"><small>The opposing Fidelis had its energy drained!</small><br></div><div class="spacer battle-history"><br></div><div class="battle-history">The opposing Fidelis used <strong>Brave Bird</strong>!<br></div><div class="battle-history"><small>It's super effective!</small><br></div><div class="battle-history"><small>(Conkeldurr lost 70% of its health!)</small><br></div><div class="battle-history"><small>The opposing Fidelis was damaged by the recoil!</small><br></div><div class="spacer battle-history"><br></div><div class="battle-history"><small>Conkeldurr was hurt by its burn!</small><br></div><div class="spacer battle-history"><br></div><h2 class="battle-history">Turn 37</h2><div class="spacer battle-history"><br></div><div class="battle-history">Conkeldurr used <strong>Drain Punch</strong>!<br></div><div class="battle-history"><small>(The opposing Fidelis lost 3% of its health!)</small><br></div><div class="battle-history"><small>The opposing Fidelis had its energy drained!</small><br></div><div class="spacer battle-history"><br></div><div class="battle-history">The opposing Fidelis fainted!<br></div><div class="spacer battle-history"><br></div><div class="battle-history"><small>Conkeldurr was hurt by its burn!</small><br></div><div class="spacer battle-history"><br></div><div class="battle-history">BlaueBrause sent out Nemo (<strong>Garchomp</strong>)!<br></div><div class="battle-history"><small>Pointed stones dug into the opposing Nemo!</small><br></div><div class="spacer battle-history"><br></div><h2 class="battle-history">Turn 38</h2><div class="spacer battle-history"><br></div><div class="battle-history">Conkeldurr, come back!<br></div><div class="battle-history">Go! <strong>Gliscor</strong>!<br></div><div class="spacer battle-history"><br></div><div class="battle-history">The opposing Nemo used <strong>Earthquake</strong>!<br></div><div class="battle-history"><small>It doesn't affect Gliscor...</small><br></div><div class="spacer battle-history"><br></div><h2 class="battle-history">Turn 39</h2><div class="chat chatmessage-coppersmith"><strong style="color:#0aa445"><small> </small><span class="username" data-name="Coppersmith">Coppersmith</span>:</strong> <em>NO</em></div><div class="chat chatmessage-coppersmith"><strong style="color:#0aa445"><small> </small><span class="username" data-name="Coppersmith">Coppersmith</span>:</strong> <em>not fidelisssss</em></div><div class="spacer battle-history"><br></div><div class="battle-history">The opposing Nemo used <strong>Swords Dance</strong>!<br></div><div class="battle-history"><small>The opposing Nemo's Attack rose sharply!</small><br></div><div class="spacer battle-history"><br></div><div class="battle-history">Gliscor used <strong>Earthquake</strong>!<br></div><div class="battle-history"><small>(The opposing Nemo lost 36% of its health!)</small><br></div><div class="spacer battle-history"><br></div><h2 class="battle-history">Turn 40</h2><div class="spacer battle-history"><br></div><div class="battle-history">Gliscor, come back!<br></div><div class="battle-history">Go! <strong>Kommo-o</strong>!<br></div><div class="battle-history"><small>The opposing Nemo surrounded itself with its Z-Power!</small><br></div><div class="spacer battle-history"><br></div><div class="battle-history"><small>The opposing Nemo unleashes its full-force Z-Move!</small><br>The opposing Nemo used <strong>Continental Crush</strong>!<br></div><div class="battle-history"><small>It's not very effective...</small><br></div><div class="battle-history"><small>(Kommo-o lost 49% of its health!)</small><br></div><div class="spacer battle-history"><br></div><div class="battle-history"><small>Kommo-o restored a little HP using its Leftovers!</small><br></div><div class="spacer battle-history"><br></div><h2 class="battle-history">Turn 41</h2><div class="spacer battle-history"><br></div><div class="battle-history">The opposing Nemo used <strong>Earthquake</strong>!<br></div><div class="battle-history"><small>(Kommo-o lost 58% of its health!)</small><br></div><div class="spacer battle-history"><br></div><div class="battle-history">Kommo-o fainted!<br></div><div class="spacer battle-history"><br></div><div class="battle-history">Go! <strong>Gliscor</strong>!<br></div><div class="spacer battle-history"><br></div><h2 class="battle-history">Turn 42</h2><div class="spacer battle-history"><br></div><div class="battle-history">The opposing Nemo used <strong>Stone Edge</strong>!<br></div><div class="battle-history"><small>(Gliscor lost 52% of its health!)</small><br></div><div class="spacer battle-history"><br></div><div class="battle-history">Gliscor used <strong>Earthquake</strong>!<br></div><div class="battle-history"><small>(The opposing Nemo lost 31% of its health!)</small><br></div><div class="spacer battle-history"><br></div><div class="battle-history">[Gliscor's Poison Heal]<br><small>Gliscor had its HP restored.</small><br></div><div class="spacer battle-history"><br></div><h2 class="battle-history">Turn 43</h2><div class="spacer battle-history"><br></div><div class="battle-history">The opposing Nemo used <strong>Stone Edge</strong>!<br></div><div class="battle-history"><small>(Gliscor lost 55% of its health!)</small><br></div><div class="spacer battle-history"><br></div><div class="battle-history">Gliscor used <strong>Earthquake</strong>!<br></div><div class="battle-history"><small>(The opposing Nemo lost 15% of its health!)</small><br></div><div class="spacer battle-history"><br></div><div class="battle-history">The opposing Nemo fainted!<br></div><div class="spacer battle-history"><br></div><div class="battle-history">[Gliscor's Poison Heal]<br><small>Gliscor had its HP restored.</small><br></div><div class="spacer battle-history"><br></div><div class="battle-history">BlaueBrause sent out Divine Blades (<strong>Kartana</strong>)!<br></div><div class="battle-history"><small>Pointed stones dug into the opposing Divine Blades!</small><br></div><div class="spacer battle-history"><br></div><h2 class="battle-history">Turn 44</h2><div class="spacer battle-history"><br></div><div class="battle-history">The opposing Divine Blades used <strong>Smart Strike</strong>!<br></div><div class="battle-history"><small>(Gliscor lost 18% of its health!)</small><br></div><div class="spacer battle-history"><br></div><div class="battle-history">Gliscor fainted!<br></div><div class="battle-history">[The opposing Divine Blades's Beast Boost]<br></div><div class="battle-history"><small>The opposing Divine Blades's Attack rose!</small><br></div><div class="spacer battle-history"><br></div><div class="battle-history">Go! <strong>Conkeldurr</strong>!<br></div><div class="spacer battle-history"><br></div><h2 class="battle-history">Turn 45</h2><div class="spacer battle-history"><br></div><div class="battle-history">Conkeldurr used <strong>Mach Punch</strong>!<br></div><div class="battle-history"><small>It's super effective!</small><br></div><div class="battle-history"><small>(The opposing Divine Blades lost 79% of its health!)</small><br></div><div class="spacer battle-history"><br></div><div class="battle-history">The opposing Divine Blades used <strong>Smart Strike</strong>!<br></div><div class="battle-history"><small>(Conkeldurr lost 19% of its health!)</small><br></div><div class="spacer battle-history"><br></div><div class="battle-history">Conkeldurr fainted!<br></div><div class="battle-history">[The opposing Divine Blades's Beast Boost]<br></div><div class="battle-history"><small>The opposing Divine Blades's Attack rose!</small><br></div><div class="chat chatmessage-thatthedamned"><strong style="color:#ae6012"><small>☆</small><span class="username" data-name="ThatTheDamned">ThatTheDamned</span>:</strong> <em>Huh. Underestimated that thing's bulk. gg</em></div><div class="spacer battle-history"><br></div><div class="battle-history">Go! <strong>Amoonguss</strong>!<br></div><div class="spacer battle-history"><br></div><h2 class="battle-history">Turn 46</h2><div class="chat chatmessage-blauebrause"><strong style="color:#6b66e4"><small>☆</small><span class="username" data-name="BlaueBrause">BlaueBrause</span>:</strong> <em>gg</em></div><div class="spacer battle-history"><br></div><div class="battle-history">The opposing Divine Blades used <strong>Smart Strike</strong>!<br></div><div class="battle-history"><small>(Amoonguss lost 74% of its health!)</small><br></div><div class="spacer battle-history"><br></div><div class="battle-history">Amoonguss used <strong>Hidden Power</strong>!<br></div><div class="battle-history"><small>It's super effective!</small><br></div><div class="battle-history"><small>(The opposing Divine Blades lost 15% of its health!)</small><br></div><div class="spacer battle-history"><br></div><div class="battle-history">The opposing Divine Blades fainted!<br></div><div class="spacer battle-history"><br></div><div class="battle-history"><small>Amoonguss restored a little HP using its Black Sludge!</small><br></div><div class="spacer battle-history"><br></div><div class="battle-history">BlaueBrause sent out Rawr (<strong>Tyranitar</strong>)!<br></div><div class="battle-history"><small>Pointed stones dug into the opposing Rawr!</small><br></div><div class="battle-history">[The opposing Rawr's Sand Stream]<br><small>A sandstorm kicked up!</small><br></div><div class="spacer battle-history"><br></div><h2 class="battle-history">Turn 47</h2><div class="spacer battle-history"><br></div><div class="battle-history">The opposing Rawr used <strong>Ice Punch</strong>!<br></div><div class="battle-history"><small>It's super effective!</small><br></div><div class="battle-history"><small>(Amoonguss lost 32% of its health!)</small><br></div><div class="spacer battle-history"><br></div><div class="battle-history">Amoonguss fainted!<br></div><div class="spacer battle-history"><br></div><div class="battle-history"><strong>BlaueBrause</strong> won the battle!<br></div></div><div class="inner-preempt message-log"></div></div></div>
</div>
<script>
let daily = Math.floor(Date.now()/1000/60/60/24);document.write('<script src="https://dragonheaven.herokuapp.com/js/replay-embed.js?version'+daily+'"></'+'script>');
</script>
