<!DOCTYPE html>
<meta charset="utf-8" />
<!-- version 1 -->
<title>[Gen 8] Megas for All replay: Hematemesis vs. Loukaya</title>
<style>
html,body {font-family:Verdana, sans-serif;font-size:10pt;margin:0;padding:0;}body{padding:12px 0;} .battle-log {font-family:Verdana, sans-serif;font-size:10pt;} .battle-log-inline {border:1px solid #AAAAAA;background:#EEF2F5;color:black;max-width:640px;margin:0 auto 80px;padding-bottom:5px;} .battle-log .inner {padding:4px 8px 0px 8px;} .battle-log .inner-preempt {padding:0 8px 4px 8px;} .battle-log .inner-after {margin-top:0.5em;} .battle-log h2 {margin:0.5em -8px;padding:4px 8px;border:1px solid #AAAAAA;background:#E0E7EA;border-left:0;border-right:0;font-family:Verdana, sans-serif;font-size:13pt;} .battle-log .chat {vertical-align:middle;padding:3px 0 3px 0;font-size:8pt;} .battle-log .chat strong {color:#40576A;} .battle-log .chat em {padding:1px 4px 1px 3px;color:#000000;font-style:normal;} .chat.mine {background:rgba(0,0,0,0.05);margin-left:-8px;margin-right:-8px;padding-left:8px;padding-right:8px;} .spoiler {color:#BBBBBB;background:#BBBBBB;padding:0px 3px;} .spoiler:hover, .spoiler:active, .spoiler-shown {color:#000000;background:#E2E2E2;padding:0px 3px;} .spoiler a {color:#BBBBBB;} .spoiler:hover a, .spoiler:active a, .spoiler-shown a {color:#2288CC;} .chat code, .chat .spoiler:hover code, .chat .spoiler:active code, .chat .spoiler-shown code {border:1px solid #C0C0C0;background:#EEEEEE;color:black;padding:0 2px;} .chat .spoiler code {border:1px solid #CCCCCC;background:#CCCCCC;color:#CCCCCC;} .battle-log .rated {padding:3px 4px;} .battle-log .rated strong {color:white;background:#89A;padding:1px 4px;border-radius:4px;} .spacer {margin-top:0.5em;} .message-announce {background:#6688AA;color:white;padding:1px 4px 2px;} .message-announce a, .broadcast-green a, .broadcast-blue a, .broadcast-red a {color:#DDEEFF;} .broadcast-green {background-color:#559955;color:white;padding:2px 4px;} .broadcast-blue {background-color:#6688AA;color:white;padding:2px 4px;} .infobox {border:1px solid #6688AA;padding:2px 4px;} .infobox-limited {max-height:200px;overflow:auto;overflow-x:hidden;} .broadcast-red {background-color:#AA5544;color:white;padding:2px 4px;} .message-learn-canlearn {font-weight:bold;color:#228822;text-decoration:underline;} .message-learn-cannotlearn {font-weight:bold;color:#CC2222;text-decoration:underline;} .message-effect-weak {font-weight:bold;color:#CC2222;} .message-effect-resist {font-weight:bold;color:#6688AA;} .message-effect-immune {font-weight:bold;color:#666666;} .message-learn-list {margin-top:0;margin-bottom:0;} .message-throttle-notice, .message-error {color:#992222;} .message-overflow, .chat small.message-overflow {font-size:0pt;} .message-overflow::before {font-size:9pt;content:'...';} .subtle {color:#3A4A66;}
</style>
<div class="wrapper replay-wrapper" style="max-width:1180px;margin:0 auto">
<input type="hidden" name="replayid" value="dragonheaven-gen8megasforall-355-vby66cybalp7o1xkvftorx7syoghcx5pw" />
<div class="battle"></div><div class="battle-log"></div><div class="replay-controls"></div><div class="replay-controls-2"></div>
<h1 style="font-weight:normal;text-align:center"><strong>[Gen 8] Megas for All</strong><br /><a href="http://pokemonshowdown.com/users/hematemesis" class="subtle" target="_blank">Hematemesis</a> vs. <a href="http://pokemonshowdown.com/users/loukaya" class="subtle" target="_blank">Loukaya</a></h1>
<script type="text/plain" class="battle-log-data">|j|☆Hematemesis

|j|☆Loukaya
|t:|1621107203
|player|p1|Hematemesis|wallace|
|player|p2|Loukaya|mira|
|teamsize|p1|6
|teamsize|p2|6
|gametype|singles
|gen|8
|tier|[Gen 8] Megas for All
|clearpoke
|poke|p1|Blissey, F|
|poke|p1|Spiritomb, F|
|poke|p1|Hatterene, F|
|poke|p1|Zapdos|
|poke|p1|Toxapex, M|
|poke|p1|Gliscor, F|
|poke|p2|Simisear, F|
|poke|p2|Ferrothorn, M|
|poke|p2|Slowking, M|
|poke|p2|Urshifu-*, F|
|poke|p2|Landorus-Therian, M|
|poke|p2|Zapdos|
|rule|HP Percentage Mod: HP is shown in percentages
|rule|Endless Battle Clause: Forcing endless battles is banned
|rule|OHKO Clause: OHKO moves are banned
|rule|Evasion Moves Clause: Evasion moves are banned
|rule|Species Clause: Limit one of each Pokémon
|rule|Dynamax Clause: You cannot dynamax
|rule|Sleep Clause Mod: Limit one foe put to sleep
|rule|Freeze Clause Mod: Limit one foe frozen
|raw|<img src="https:\/\/www.smogon.com\/forums\/attachments\/banner_2-png.302358\/" height="65" width="381">
|-message|Welcome to Megas for All!
|-message|This is a National Dex-based format where we aim to give a new Mega Evolution to every Pokémon.
|-message|Just like any official format, you can still only Mega Evolve one Pokémon per team!
|-message|You can find our thread and metagame resources here:
|-message|https:\/\/www.smogon.com\/forums\/threads\/3671140\/
|teampreview
|c|☆Loukaya|hf
|c|☆Hematemesis|u2 u2
|j| Not mossy
|j| Ninjacid
|c| Not mossy|LET'S GO BOLIVIA
|c| Ninjacid|thanks
|j| Time to Slakoth
|c| Time to Slakoth|glhf to both
|c| Ninjacid|LETS GO LOUKAYA!!
|c|☆Loukaya|THAAAAAAAANKS
|j| Phcohcdff
|
|t:|1621107330
|start
|switch|p1a: The Shot|Spiritomb, F|303\/303
|switch|p2a: Fer|Ferrothorn, M|100\/100
|turn|1
|
|t:|1621107338
|detailschange|p1a: The Shot|Spiritomb-Mega, F
|-mega|p1a: The Shot|Spiritomb|Odd Keystone
|-start|p1a: The Shot|typechange|Ghost\/Dark|[silent]
|raw|<ul class="utilichart"><li class="result"><span class="col pokemonnamecol" style="white-space: nowrap">Spiritomb-Mega<\/span> <span class="col typecol"><img src="https:\/\/play.pokemonshowdown.com\/sprites\/types\/Ghost.png" alt="Ghost" height="14" width="32"><img src="https:\/\/play.pokemonshowdown.com\/sprites\/types\/Dark.png" alt="Dark" height="14" width="32"><\/span> <span style="float: left ; min-height: 26px"><span class="col abilitycol">Regenerator<\/span><span class="col abilitycol"><\/span><\/span><span style="float: left ; min-height: 26px"><span class="col statcol"><em>HP<\/em><br>50<\/span> <span class="col statcol"><em>Atk<\/em><br>108<\/span> <span class="col statcol"><em>Def<\/em><br>142<\/span> <span class="col statcol"><em>SpA<\/em><br>108<\/span> <span class="col statcol"><em>SpD<\/em><br>142<\/span> <span class="col statcol"><em>Spe<\/em><br>35<\/span> <\/span><\/li><li style="clear: both"><\/li><\/ul>
|move|p2a: Fer|Protect|p2a: Fer
|-singleturn|p2a: Fer|Protect
|move|p1a: The Shot|Will-O-Wisp|p2a: Fer
|-activate|p2a: Fer|move: Protect
|
|upkeep
|turn|2
|j| El Cadaver
|
|t:|1621107354
|move|p1a: The Shot|Parting Shot|p2a: Fer
|-unboost|p2a: Fer|atk|1
|-unboost|p2a: Fer|spa|1
|
|t:|1621107357
|switch|p1a: cali lifestyle|Hatterene, F|317\/317
|move|p2a: Fer|Stealth Rock|p1a: cali lifestyle
|move|p1a: cali lifestyle|Stealth Rock|p2a: Fer|[from]ability: Magic Bounce
|-sidestart|p2: Loukaya|move: Stealth Rock
|
|upkeep
|turn|3
|
|t:|1621107406
|switch|p2a: Slow|Slowking, M|100\/100
|-damage|p2a: Slow|88\/100|[from] Stealth Rock
|move|p1a: cali lifestyle|Calm Mind|p1a: cali lifestyle
|-boost|p1a: cali lifestyle|spa|1
|-boost|p1a: cali lifestyle|spd|1
|
|-heal|p2a: Slow|94\/100|[from] item: Leftovers
|upkeep
|turn|4
|
|t:|1621107424
|move|p1a: cali lifestyle|Calm Mind|p1a: cali lifestyle
|-boost|p1a: cali lifestyle|spa|1
|-boost|p1a: cali lifestyle|spd|1
|move|p2a: Slow|Teleport|p2a: Slow
|
|t:|1621107435
|switch|p2a: Ur|Urshifu-Rapid-Strike, F|100\/100|[from]move: Teleport
|-damage|p2a: Ur|94\/100|[from] Stealth Rock
|
|upkeep
|turn|5
|
|t:|1621107449
|move|p2a: Ur|Surging Strikes|p1a: cali lifestyle
|-crit|p1a: cali lifestyle
|-damage|p1a: cali lifestyle|241\/317
|-crit|p1a: cali lifestyle
|-damage|p1a: cali lifestyle|166\/317
|-crit|p1a: cali lifestyle
|-damage|p1a: cali lifestyle|84\/317
|-hitcount|p1a: cali lifestyle|3
|move|p1a: cali lifestyle|Draining Kiss|p2a: Ur
|-supereffective|p2a: Ur
|-damage|p2a: Ur|0 fnt
|-heal|p1a: cali lifestyle|317\/317|[from] drain|[of] p2a: Ur
|faint|p2a: Ur
|
|upkeep
|
|t:|1621107461
|switch|p2a: Land|Landorus-Therian, M|100\/100
|-damage|p2a: Land|88\/100|[from] Stealth Rock
|-ability|p2a: Land|Intimidate|boost
|-unboost|p1a: cali lifestyle|atk|1
|turn|6
|c| Time to Slakoth|The cali lifestyle is killing the bears through deforestation and forestfires
|
|t:|1621107482
|move|p2a: Land|Earthquake|p1a: cali lifestyle
|-damage|p1a: cali lifestyle|176\/317
|move|p1a: cali lifestyle|Draining Kiss|p2a: Land
|-crit|p2a: Land
|-damage|p2a: Land|1\/100
|-heal|p1a: cali lifestyle|317\/317|[from] drain|[of] p2a: Land
|
|upkeep
|turn|7
|
|t:|1621107493
|move|p2a: Land|Earthquake|p1a: cali lifestyle
|-damage|p1a: cali lifestyle|169\/317
|move|p1a: cali lifestyle|Draining Kiss|p2a: Land
|-damage|p2a: Land|0 fnt
|-heal|p1a: cali lifestyle|170\/317|[from] drain|[of] p2a: Land
|faint|p2a: Land
|
|-heal|p1a: cali lifestyle|189\/317|[from] item: Leftovers
|upkeep
|
|t:|1621107504
|switch|p2a: Sims|Simisear, F|100\/100
|-damage|p2a: Sims|76\/100|[from] Stealth Rock
|turn|8
|
|t:|1621107511
|detailschange|p2a: Sims|Simisear-Mega, F
|-mega|p2a: Sims|Simisear|Simisearite
|-start|p2a: Sims|typechange|Fire\/Fairy|[silent]
|raw|<ul class="utilichart"><li class="result"><span class="col pokemonnamecol" style="white-space: nowrap">Simisear-Mega<\/span> <span class="col typecol"><img src="https:\/\/play.pokemonshowdown.com\/sprites\/types\/Fire.png" alt="Fire" height="14" width="32"><img src="https:\/\/play.pokemonshowdown.com\/sprites\/types\/Fairy.png" alt="Fairy" height="14" width="32"><\/span> <span style="float: left ; min-height: 26px"><span class="col abilitycol">Red Licorice<\/span><span class="col abilitycol"><\/span><\/span><span style="float: left ; min-height: 26px"><span class="col statcol"><em>HP<\/em><br>75<\/span> <span class="col statcol"><em>Atk<\/em><br>123<\/span> <span class="col statcol"><em>Def<\/em><br>68<\/span> <span class="col statcol"><em>SpA<\/em><br>123<\/span> <span class="col statcol"><em>SpD<\/em><br>88<\/span> <span class="col statcol"><em>Spe<\/em><br>121<\/span> <\/span><\/li><li style="clear: both"><\/li><\/ul>
|move|p2a: Sims|Dazzling Gleam|p1a: cali lifestyle
|-damage|p1a: cali lifestyle|125\/317
|-start|p1a: cali lifestyle|Sticky Gel|[from] ability: Red Licorice|[of] p2a: Sims
|move|p1a: cali lifestyle|Psyshock|p2a: Sims
|-damage|p2a: Sims|0 fnt
|faint|p2a: Sims
|
|-heal|p1a: cali lifestyle|144\/317|[from] item: Leftovers
|upkeep
|j| Time to chill
|
|t:|1621107522
|switch|p2a: Slow|Slowking, M|100\/100
|-damage|p2a: Slow|88\/100|[from] Stealth Rock
|turn|9
|
|t:|1621107527
|move|p2a: Slow|Scald|p1a: cali lifestyle
|-damage|p1a: cali lifestyle|101\/317
|-status|p1a: cali lifestyle|brn
|move|p1a: cali lifestyle|Draining Kiss|p2a: Slow
|-damage|p2a: Slow|62\/100
|-heal|p1a: cali lifestyle|178\/317 brn|[from] drain|[of] p2a: Slow
|
|-heal|p2a: Slow|68\/100|[from] item: Leftovers
|-heal|p1a: cali lifestyle|197\/317 brn|[from] item: Leftovers
|-damage|p1a: cali lifestyle|178\/317 brn|[from] brn
|upkeep
|turn|10
|
|t:|1621107543
|move|p2a: Slow|Future Sight|p1a: cali lifestyle
|-start|p2a: Slow|move: Future Sight
|move|p1a: cali lifestyle|Calm Mind|p1a: cali lifestyle
|-boost|p1a: cali lifestyle|spa|1
|-boost|p1a: cali lifestyle|spd|1
|
|-heal|p2a: Slow|74\/100|[from] item: Leftovers
|-heal|p1a: cali lifestyle|197\/317 brn|[from] item: Leftovers
|-damage|p1a: cali lifestyle|178\/317 brn|[from] brn
|upkeep
|turn|11
|
|t:|1621107551
|move|p1a: cali lifestyle|Draining Kiss|p2a: Slow
|-damage|p2a: Slow|38\/100
|-heal|p1a: cali lifestyle|284\/317 brn|[from] drain|[of] p2a: Slow
|move|p2a: Slow|Teleport|p2a: Slow
|
|t:|1621107557
|switch|p2a: Zap|Zapdos|100\/100|[from]move: Teleport
|
|-heal|p1a: cali lifestyle|303\/317 brn|[from] item: Leftovers
|-damage|p1a: cali lifestyle|284\/317 brn|[from] brn
|upkeep
|turn|12
|
|t:|1621107565
|move|p2a: Zap|Hurricane|p1a: cali lifestyle|[miss]
|-miss|p2a: Zap|p1a: cali lifestyle
|move|p1a: cali lifestyle|Psyshock|p2a: Zap
|-damage|p2a: Zap|25\/100
|
|-end|p1a: cali lifestyle|move: Future Sight
|-resisted|p1a: cali lifestyle
|-damage|p1a: cali lifestyle|257\/317 brn
|-heal|p1a: cali lifestyle|276\/317 brn|[from] item: Leftovers
|-damage|p1a: cali lifestyle|257\/317 brn|[from] brn
|upkeep
|turn|13
|l| Phcohcdff
|c|☆Hematemesis|:\/
|c|☆Hematemesis|Sucky
|c|☆Loukaya|T.T
|
|t:|1621107583
|move|p2a: Zap|Hurricane|p1a: cali lifestyle|[miss]
|-miss|p2a: Zap|p1a: cali lifestyle
|move|p1a: cali lifestyle|Psyshock|p2a: Zap
|-damage|p2a: Zap|0 fnt
|faint|p2a: Zap
|
|-heal|p1a: cali lifestyle|276\/317 brn|[from] item: Leftovers
|-damage|p1a: cali lifestyle|257\/317 brn|[from] brn
|upkeep
|c| Ninjacid|rip
|l| Time to chill
|c| Time to Slakoth|I've been saying people should try hatterene for months now, and this is why
|c|☆Loukaya|I am being humiliated ;-;
|
|t:|1621107626
|switch|p2a: Fer|Ferrothorn, M|100\/100
|-damage|p2a: Fer|94\/100|[from] Stealth Rock
|turn|14
|c|☆Hematemesis|252+ SpA Zapdos Hurricane vs. +3 248 HP \/ 0 SpD Hatterene: 76-90 (23.9 - 28.3%) -- 94.3% chance to 4HKO after Leftovers recovery and burn damage
|c|☆Hematemesis|Granted idt how much it mattered but there's confusing shenanigans and stuff
|
|t:|1621107643
|move|p1a: cali lifestyle|Mystical Fire|p2a: Fer
|-supereffective|p2a: Fer
|-damage|p2a: Fer|0 fnt
|-end|p1a: cali lifestyle|Sticky Gel|[silent]
|-hint|The sticky gel ignited!
|-damage|p1a: cali lifestyle|0 fnt|[from] Red Licorice
|faint|p2a: Fer
|faint|p1a: cali lifestyle
|
|upkeep
|
|t:|1621107656
|switch|p1a: The Showstopper|Blissey, F|714\/714
|switch|p2a: Slow|Slowking, M|72\/100
|-damage|p2a: Slow|59\/100|[from] Stealth Rock
|turn|15
|c| Not mossy|Oh wha
|c| Time to Slakoth|RIP the caly lifestyle
|
|t:|1621107662
|move|p1a: The Showstopper|Toxic|p2a: Slow|[miss]
|-miss|p1a: The Showstopper|p2a: Slow
|move|p2a: Slow|Scald|p1a: The Showstopper
|-damage|p1a: The Showstopper|638\/714
|
|-heal|p1a: The Showstopper|682\/714|[from] item: Leftovers
|-heal|p2a: Slow|65\/100|[from] item: Leftovers
|upkeep
|turn|16
|c|☆Loukaya|._.
|c| Ninjacid|sweep, sweep, sweep
|
|t:|1621107672
|move|p1a: The Showstopper|Toxic|p2a: Slow
|-status|p2a: Slow|tox
|move|p2a: Slow|Scald|p1a: The Showstopper
|-damage|p1a: The Showstopper|610\/714
|
|-heal|p1a: The Showstopper|654\/714|[from] item: Leftovers
|-heal|p2a: Slow|71\/100 tox|[from] item: Leftovers
|-damage|p2a: Slow|65\/100 tox|[from] psn
|upkeep
|turn|17
|
|t:|1621107681
|move|p1a: The Showstopper|Seismic Toss|p2a: Slow
|-damage|p2a: Slow|40\/100 tox
|move|p2a: Slow|Toxic|p1a: The Showstopper
|-status|p1a: The Showstopper|tox
|
|-heal|p1a: The Showstopper|698\/714 tox|[from] item: Leftovers
|-heal|p2a: Slow|46\/100 tox|[from] item: Leftovers
|-damage|p1a: The Showstopper|654\/714 tox|[from] psn
|-damage|p2a: Slow|34\/100 tox|[from] psn
|upkeep
|turn|18
|c| Time to Slakoth|slowking isn't renowned for being able to beat blissey
|j| EeveeGirl1380
|c| EeveeGirl1380|true
|c|☆Loukaya|it's my last mon so .-.
|
|t:|1621107705
|switch|p1a: Fish Out Of Water|Toxapex, M|303\/303
|move|p2a: Slow|Scald|p1a: Fish Out Of Water
|-resisted|p1a: Fish Out Of Water
|-damage|p1a: Fish Out Of Water|269\/303
|-status|p1a: Fish Out Of Water|brn
|
|-heal|p2a: Slow|40\/100 tox|[from] item: Leftovers
|-heal|p1a: Fish Out Of Water|287\/303 brn|[from] item: Black Sludge
|-damage|p2a: Slow|22\/100 tox|[from] psn
|-damage|p1a: Fish Out Of Water|269\/303 brn|[from] brn
|upkeep
|turn|19
|c| EeveeGirl1380|especially whiletoxicd
|j| Magmajudis
|c|☆Loukaya|you can put that in my story eevee 
|c|☆Loukaya|x)
|c| EeveeGirl1380|(;
|
|t:|1621107728
|move|p2a: Slow|Future Sight|p1a: Fish Out Of Water
|-start|p2a: Slow|move: Future Sight
|move|p1a: Fish Out Of Water|Knock Off|p2a: Slow
|-supereffective|p2a: Slow
|-damage|p2a: Slow|7\/100 tox
|-enditem|p2a: Slow|Leftovers|[from] move: Knock Off|[of] p1a: Fish Out Of Water
|
|-heal|p1a: Fish Out Of Water|287\/303 brn|[from] item: Black Sludge
|-damage|p2a: Slow|0 fnt|[from] psn
|faint|p2a: Slow
|
|win|Hematemesis
|upkeep
|c|☆Hematemesis|ggs
|c|☆Loukaya|gg
|l| Not mossy
|l| El Cadaver
|c| Time to Slakoth|ggs both</script>
</div>
<div class="battle-log battle-log-inline"><div class="inner"><div class="battle-options"><div style="padding-top: 3px; padding-right: 3px; text-align: right"><button class="icon button" name="openBattleOptions" title="Options">Battle Options</button></div></div><div class="inner message-log"><div class="chat"><small>☆Hematemesis and ☆Loukaya joined</small></div><div class=""><small>Format:</small> <br><strong>[Gen 8] Megas for All</strong></div><div class=""><small><em>HP Percentage Mod:</em> HP is shown in percentages</small></div><div class=""><small><em>Endless Battle Clause:</em> Forcing endless battles is banned</small></div><div class=""><small><em>OHKO Clause:</em> OHKO moves are banned</small></div><div class=""><small><em>Evasion Moves Clause:</em> Evasion moves are banned</small></div><div class=""><small><em>Species Clause:</em> Limit one of each Pokémon</small></div><div class=""><small><em>Dynamax Clause:</em> You cannot dynamax</small></div><div class=""><small><em>Sleep Clause Mod:</em> Limit one foe put to sleep</small></div><div class=""><small><em>Freeze Clause Mod:</em> Limit one foe frozen</small></div><div class="chat"><img src="https://www.smogon.com/forums/attachments/banner_2-png.302358/" height="65" width="381"></div><div class="spacer battle-history"><br></div><div class="battle-history"><small>Welcome to Megas for All!</small><br></div><div class="battle-history"><small>This is a National Dex-based format where we aim to give a new Mega Evolution to every Pokémon.</small><br></div><div class="battle-history"><small>Just like any official format, you can still only Mega Evolve one Pokémon per team!</small><br></div><div class="battle-history"><small>You can find our thread and metagame resources here:</small><br></div><div class="battle-history"><small>https://www.smogon.com/forums/threads/3671140/</small><br></div><div class="chat battle-history"><strong>Hematemesis's team:</strong> <em style="color:#445566;display:block;">Blissey / Spiritomb / Hatterene / Zapdos / Toxapex / Gliscor</em></div><div class="chat battle-history"><strong>Loukaya's team:</strong> <em style="color:#445566;display:block;">Simisear / Ferrothorn / Slowking / Urshifu-* / Landorus-Therian / Zapdos</em></div><div class="chat chatmessage-loukaya"><strong style="color:#0d7ae6"><small>☆</small><span class="username" data-name="Loukaya">Loukaya</span>:</strong> <em>hf</em></div><div class="chat chatmessage-hematemesis mine"><strong style="color:#9412d5"><small>☆</small><span class="username" data-name="Hematemesis">Hematemesis</span>:</strong> <em>u2 u2</em></div><div class="chat"><small> Not mossy and  Ninjacid joined</small></div><div class="chat chatmessage-notmossy"><strong style="color:#3f7abe"><small> </small><span class="username" data-name="Not mossy">Not mossy</span>:</strong> <em>LET'S GO BOLIVIA</em></div><div class="chat chatmessage-ninjacid"><strong style="color:#c62447"><small> </small><span class="username" data-name="Ninjacid">Ninjacid</span>:</strong> <em>thanks</em></div><div class="chat"><small> Time to Slakoth joined</small></div><div class="chat chatmessage-timetoslakoth"><strong style="color:#7f7ecd"><small> </small><span class="username" data-name="Time to Slakoth">Time to Slakoth</span>:</strong> <em>glhf to both</em></div><div class="chat chatmessage-ninjacid"><strong style="color:#c62447"><small> </small><span class="username" data-name="Ninjacid">Ninjacid</span>:</strong> <em>LETS GO LOUKAYA!!</em></div><div class="chat chatmessage-loukaya"><strong style="color:#0d7ae6"><small>☆</small><span class="username" data-name="Loukaya">Loukaya</span>:</strong> <em>THAAAAAAAANKS</em></div><div class="chat"><small> Phcohcdff joined</small></div><div class="spacer battle-history"><br></div><div class="battle-history">Battle started between Hematemesis and Loukaya!<br></div><div class="spacer battle-history"><br></div><div class="battle-history">Go! The Shot (<strong>Spiritomb</strong>)!<br></div><div class="spacer battle-history"><br></div><div class="battle-history">Loukaya sent out Fer (<strong>Ferrothorn</strong>)!<br></div><div class="spacer battle-history"><br></div><h2 class="battle-history">Turn 1</h2><div class="spacer battle-history"><br></div><div class="battle-history"><small>The Shot's Odd Keystone is reacting to the Key Stone!</small><br>The Shot has Mega Evolved into Mega Spiritomb!<br></div><div class="chat"><ul class="utilichart"><li class="result"><span class="col pokemonnamecol" style="white-space: nowrap">Spiritomb-Mega</span> <span class="col typecol"><img src="https://play.pokemonshowdown.com/sprites/types/Ghost.png" alt="Ghost" height="14" width="32"><img src="https://play.pokemonshowdown.com/sprites/types/Dark.png" alt="Dark" height="14" width="32"></span> <span style="float: left ; min-height: 26px"><span class="col abilitycol">Regenerator</span><span class="col abilitycol"></span></span><span style="float: left ; min-height: 26px"><span class="col statcol"><em>HP</em><br>50</span> <span class="col statcol"><em>Atk</em><br>108</span> <span class="col statcol"><em>Def</em><br>142</span> <span class="col statcol"><em>SpA</em><br>108</span> <span class="col statcol"><em>SpD</em><br>142</span> <span class="col statcol"><em>Spe</em><br>35</span> </span></li><li style="clear: both"></li></ul></div><div class="spacer battle-history"><br></div><div class="battle-history">The opposing Fer used <strong>Protect</strong>!<br></div><div class="battle-history"><small>The opposing Fer protected itself!</small><br></div><div class="spacer battle-history"><br></div><div class="battle-history">The Shot used <strong>Will-O-Wisp</strong>!<br></div><div class="battle-history"><small>The opposing Fer protected itself!</small><br></div><div class="spacer battle-history"><br></div><h2 class="battle-history">Turn 2</h2><div class="chat"><small> El Cadaver joined</small></div><div class="spacer battle-history"><br></div><div class="battle-history">The Shot used <strong>Parting Shot</strong>!<br></div><div class="battle-history"><small>The opposing Fer's Attack fell!</small><br></div><div class="battle-history"><small>The opposing Fer's Sp. Atk fell!</small><br></div><div class="spacer battle-history"><br></div><div class="battle-history">The Shot, come back!<br></div><div class="battle-history">Go! cali lifestyle (<strong>Hatterene</strong>)!<br></div><div class="spacer battle-history"><br></div><div class="battle-history">The opposing Fer used <strong>Stealth Rock</strong>!<br></div><div class="spacer battle-history"><br></div><div class="battle-history">[cali lifestyle's Magic Bounce]<br>cali lifestyle bounced the Stealth Rock back!<br></div><div class="battle-history"><small>Pointed stones float in the air around the opposing team!</small><br></div><div class="spacer battle-history"><br></div><h2 class="battle-history">Turn 3</h2><div class="spacer battle-history"><br></div><div class="battle-history">Loukaya withdrew Fer!<br></div><div class="battle-history">Loukaya sent out Slow (<strong>Slowking</strong>)!<br></div><div class="battle-history"><small>Pointed stones dug into the opposing Slow!</small><br></div><div class="spacer battle-history"><br></div><div class="battle-history">cali lifestyle used <strong>Calm Mind</strong>!<br></div><div class="battle-history"><small>cali lifestyle's Sp. Atk rose!</small><br></div><div class="battle-history"><small>cali lifestyle's Sp. Def rose!</small><br></div><div class="spacer battle-history"><br></div><div class="battle-history"><small>The opposing Slow restored a little HP using its Leftovers!</small><br></div><div class="spacer battle-history"><br></div><h2 class="battle-history">Turn 4</h2><div class="spacer battle-history"><br></div><div class="battle-history">cali lifestyle used <strong>Calm Mind</strong>!<br></div><div class="battle-history"><small>cali lifestyle's Sp. Atk rose!</small><br></div><div class="battle-history"><small>cali lifestyle's Sp. Def rose!</small><br></div><div class="spacer battle-history"><br></div><div class="battle-history">The opposing Slow used <strong>Teleport</strong>!<br></div><div class="spacer battle-history"><br></div><div class="battle-history">Loukaya withdrew Slow!<br></div><div class="battle-history">Loukaya sent out Ur (<strong>Urshifu-Rapid-Strike</strong>)!<br></div><div class="battle-history"><small>Pointed stones dug into the opposing Ur!</small><br></div><div class="spacer battle-history"><br></div><h2 class="battle-history">Turn 5</h2><div class="spacer battle-history"><br></div><div class="battle-history">The opposing Ur used <strong>Surging Strikes</strong>!<br></div><div class="battle-history"><small>A critical hit!</small><br></div><div class="battle-history"><small>(cali lifestyle lost <abbr title="−76/317">24.0%</abbr> of its health!)</small><br></div><div class="battle-history"><small>A critical hit!</small><br></div><div class="battle-history"><small>(cali lifestyle lost <abbr title="−75/317">23.7%</abbr> of its health!)</small><br></div><div class="battle-history"><small>A critical hit!</small><br></div><div class="battle-history"><small>(cali lifestyle lost <abbr title="−82/317">25.9%</abbr> of its health!)</small><br></div><div class="battle-history"><small>The Pokémon was hit 3 times!</small><br></div><div class="spacer battle-history"><br></div><div class="battle-history">cali lifestyle used <strong>Draining Kiss</strong>!<br></div><div class="battle-history"><small>It's super effective!</small><br></div><div class="battle-history"><small>(The opposing Ur lost 94% of its health!)</small><br></div><div class="battle-history"><small>The opposing Ur had its energy drained!</small><br></div><div class="spacer battle-history"><br></div><div class="battle-history">The opposing Ur fainted!<br></div><div class="spacer battle-history"><br></div><div class="battle-history">Loukaya sent out Land (<strong>Landorus-Therian</strong>)!<br></div><div class="battle-history"><small>Pointed stones dug into the opposing Land!</small><br></div><div class="battle-history">[The opposing Land's Intimidate]<br></div><div class="battle-history"><small>cali lifestyle's Attack fell!</small><br></div><div class="spacer battle-history"><br></div><h2 class="battle-history">Turn 6</h2><div class="chat chatmessage-timetoslakoth"><strong style="color:#7f7ecd"><small> </small><span class="username" data-name="Time to Slakoth">Time to Slakoth</span>:</strong> <em>The cali lifestyle is killing the bears through deforestation and forestfires</em></div><div class="spacer battle-history"><br></div><div class="battle-history">The opposing Land used <strong>Earthquake</strong>!<br></div><div class="battle-history"><small>(cali lifestyle lost <abbr title="−141/317">44.5%</abbr> of its health!)</small><br></div><div class="spacer battle-history"><br></div><div class="battle-history">cali lifestyle used <strong>Draining Kiss</strong>!<br></div><div class="battle-history"><small>A critical hit!</small><br></div><div class="battle-history"><small>(The opposing Land lost 87% of its health!)</small><br></div><div class="battle-history"><small>The opposing Land had its energy drained!</small><br></div><div class="spacer battle-history"><br></div><h2 class="battle-history">Turn 7</h2><div class="spacer battle-history"><br></div><div class="battle-history">The opposing Land used <strong>Earthquake</strong>!<br></div><div class="battle-history"><small>(cali lifestyle lost <abbr title="−148/317">46.7%</abbr> of its health!)</small><br></div><div class="spacer battle-history"><br></div><div class="battle-history">cali lifestyle used <strong>Draining Kiss</strong>!<br></div><div class="battle-history"><small>(The opposing Land lost 1% of its health!)</small><br></div><div class="battle-history"><small>The opposing Land had its energy drained!</small><br></div><div class="spacer battle-history"><br></div><div class="battle-history">The opposing Land fainted!<br></div><div class="spacer battle-history"><br></div><div class="battle-history"><small>cali lifestyle restored a little HP using its Leftovers!</small><br></div><div class="spacer battle-history"><br></div><div class="battle-history">Loukaya sent out Sims (<strong>Simisear</strong>)!<br></div><div class="battle-history"><small>Pointed stones dug into the opposing Sims!</small><br></div><div class="spacer battle-history"><br></div><h2 class="battle-history">Turn 8</h2><div class="spacer battle-history"><br></div><div class="battle-history"><small>The opposing Sims's Simisearite is reacting to the Key Stone!</small><br>The opposing Sims has Mega Evolved into Mega Simisear!<br></div><div class="chat"><ul class="utilichart"><li class="result"><span class="col pokemonnamecol" style="white-space: nowrap">Simisear-Mega</span> <span class="col typecol"><img src="https://play.pokemonshowdown.com/sprites/types/Fire.png" alt="Fire" height="14" width="32"><img src="https://play.pokemonshowdown.com/sprites/types/Fairy.png" alt="Fairy" height="14" width="32"></span> <span style="float: left ; min-height: 26px"><span class="col abilitycol">Red Licorice</span><span class="col abilitycol"></span></span><span style="float: left ; min-height: 26px"><span class="col statcol"><em>HP</em><br>75</span> <span class="col statcol"><em>Atk</em><br>123</span> <span class="col statcol"><em>Def</em><br>68</span> <span class="col statcol"><em>SpA</em><br>123</span> <span class="col statcol"><em>SpD</em><br>88</span> <span class="col statcol"><em>Spe</em><br>121</span> </span></li><li style="clear: both"></li></ul></div><div class="spacer battle-history"><br></div><div class="battle-history">The opposing Sims used <strong>Dazzling Gleam</strong>!<br></div><div class="battle-history"><small>(cali lifestyle lost <abbr title="−64/317">20.2%</abbr> of its health!)</small><br></div><div class="battle-history">[The opposing Sims's Red Licorice]<br><small>(Sticky Gel started on cali lifestyle!)</small><br></div><div class="spacer battle-history"><br></div><div class="battle-history">cali lifestyle used <strong>Psyshock</strong>!<br></div><div class="battle-history"><small>(The opposing Sims lost 76% of its health!)</small><br></div><div class="spacer battle-history"><br></div><div class="battle-history">The opposing Sims fainted!<br></div><div class="spacer battle-history"><br></div><div class="battle-history"><small>cali lifestyle restored a little HP using its Leftovers!</small><br></div><div class="chat"><small> Time to chill joined</small></div><div class="spacer battle-history"><br></div><div class="battle-history">Loukaya sent out Slow (<strong>Slowking</strong>)!<br></div><div class="battle-history"><small>Pointed stones dug into the opposing Slow!</small><br></div><div class="spacer battle-history"><br></div><h2 class="battle-history">Turn 9</h2><div class="spacer battle-history"><br></div><div class="battle-history">The opposing Slow used <strong>Scald</strong>!<br></div><div class="battle-history"><small>(cali lifestyle lost <abbr title="−43/317">13.6%</abbr> of its health!)</small><br></div><div class="battle-history"><small>cali lifestyle was burned!</small><br></div><div class="spacer battle-history"><br></div><div class="battle-history">cali lifestyle used <strong>Draining Kiss</strong>!<br></div><div class="battle-history"><small>(The opposing Slow lost 26% of its health!)</small><br></div><div class="battle-history"><small>The opposing Slow had its energy drained!</small><br></div><div class="spacer battle-history"><br></div><div class="battle-history"><small>The opposing Slow restored a little HP using its Leftovers!</small><br></div><div class="battle-history"><small>cali lifestyle restored a little HP using its Leftovers!</small><br></div><div class="battle-history"><small>cali lifestyle was hurt by its burn!</small><br></div><div class="spacer battle-history"><br></div><h2 class="battle-history">Turn 10</h2><div class="spacer battle-history"><br></div><div class="battle-history">The opposing Slow used <strong>Future Sight</strong>!<br></div><div class="battle-history"><small>The opposing Slow foresaw an attack!</small><br></div><div class="spacer battle-history"><br></div><div class="battle-history">cali lifestyle used <strong>Calm Mind</strong>!<br></div><div class="battle-history"><small>cali lifestyle's Sp. Atk rose!</small><br></div><div class="battle-history"><small>cali lifestyle's Sp. Def rose!</small><br></div><div class="spacer battle-history"><br></div><div class="battle-history"><small>The opposing Slow restored a little HP using its Leftovers!</small><br></div><div class="battle-history"><small>cali lifestyle restored a little HP using its Leftovers!</small><br></div><div class="battle-history"><small>cali lifestyle was hurt by its burn!</small><br></div><div class="spacer battle-history"><br></div><h2 class="battle-history">Turn 11</h2><div class="spacer battle-history"><br></div><div class="battle-history">cali lifestyle used <strong>Draining Kiss</strong>!<br></div><div class="battle-history"><small>(The opposing Slow lost 36% of its health!)</small><br></div><div class="battle-history"><small>The opposing Slow had its energy drained!</small><br></div><div class="spacer battle-history"><br></div><div class="battle-history">The opposing Slow used <strong>Teleport</strong>!<br></div><div class="spacer battle-history"><br></div><div class="battle-history">Loukaya withdrew Slow!<br></div><div class="battle-history">Loukaya sent out Zap (<strong>Zapdos</strong>)!<br></div><div class="spacer battle-history"><br></div><div class="battle-history"><small>cali lifestyle restored a little HP using its Leftovers!</small><br></div><div class="battle-history"><small>cali lifestyle was hurt by its burn!</small><br></div><div class="spacer battle-history"><br></div><h2 class="battle-history">Turn 12</h2><div class="spacer battle-history"><br></div><div class="battle-history">The opposing Zap used <strong>Hurricane</strong>!<br></div><div class="battle-history"><small>cali lifestyle avoided the attack!</small><br></div><div class="spacer battle-history"><br></div><div class="battle-history">cali lifestyle used <strong>Psyshock</strong>!<br></div><div class="battle-history"><small>(The opposing Zap lost 75% of its health!)</small><br></div><div class="spacer battle-history"><br></div><div class="battle-history"><small>cali lifestyle took the Future Sight attack!</small><br></div><div class="battle-history"><small>It's not very effective...</small><br></div><div class="battle-history"><small>(cali lifestyle lost <abbr title="−27/317">8.5%</abbr> of its health!)</small><br></div><div class="battle-history"><small>cali lifestyle restored a little HP using its Leftovers!</small><br></div><div class="battle-history"><small>cali lifestyle was hurt by its burn!</small><br></div><div class="spacer battle-history"><br></div><h2 class="battle-history">Turn 13</h2><div class="chat"><small> Phcohcdff left</small></div><div class="chat chatmessage-hematemesis mine"><strong style="color:#9412d5"><small>☆</small><span class="username" data-name="Hematemesis">Hematemesis</span>:</strong> <em>:/</em></div><div class="chat chatmessage-hematemesis mine"><strong style="color:#9412d5"><small>☆</small><span class="username" data-name="Hematemesis">Hematemesis</span>:</strong> <em>Sucky</em></div><div class="chat chatmessage-loukaya"><strong style="color:#0d7ae6"><small>☆</small><span class="username" data-name="Loukaya">Loukaya</span>:</strong> <em>T.T</em></div><div class="spacer battle-history"><br></div><div class="battle-history">The opposing Zap used <strong>Hurricane</strong>!<br></div><div class="battle-history"><small>cali lifestyle avoided the attack!</small><br></div><div class="spacer battle-history"><br></div><div class="battle-history">cali lifestyle used <strong>Psyshock</strong>!<br></div><div class="battle-history"><small>(The opposing Zap lost 25% of its health!)</small><br></div><div class="spacer battle-history"><br></div><div class="battle-history">The opposing Zap fainted!<br></div><div class="spacer battle-history"><br></div><div class="battle-history"><small>cali lifestyle restored a little HP using its Leftovers!</small><br></div><div class="battle-history"><small>cali lifestyle was hurt by its burn!</small><br></div><div class="chat chatmessage-ninjacid"><strong style="color:#c62447"><small> </small><span class="username" data-name="Ninjacid">Ninjacid</span>:</strong> <em>rip</em></div><div class="chat"><small> Time to chill left</small></div><div class="chat chatmessage-timetoslakoth"><strong style="color:#7f7ecd"><small> </small><span class="username" data-name="Time to Slakoth">Time to Slakoth</span>:</strong> <em>I've been saying people should try hatterene for months now, and this is why</em></div><div class="chat chatmessage-loukaya"><strong style="color:#0d7ae6"><small>☆</small><span class="username" data-name="Loukaya">Loukaya</span>:</strong> <em>I am being humiliated ;-;</em></div><div class="spacer battle-history"><br></div><div class="battle-history">Loukaya sent out Fer (<strong>Ferrothorn</strong>)!<br></div><div class="battle-history"><small>Pointed stones dug into the opposing Fer!</small><br></div><div class="spacer battle-history"><br></div><h2 class="battle-history">Turn 14</h2><div class="chat chatmessage-hematemesis mine"><strong style="color:#9412d5"><small>☆</small><span class="username" data-name="Hematemesis">Hematemesis</span>:</strong> <em>252+ SpA Zapdos Hurricane vs. +3 248 HP / 0 SpD Hatterene: 76-90 (23.9 - 28.3%) -- 94.3% chance to 4HKO after Leftovers recovery and burn damage</em></div><div class="chat chatmessage-hematemesis mine"><strong style="color:#9412d5"><small>☆</small><span class="username" data-name="Hematemesis">Hematemesis</span>:</strong> <em>Granted idt how much it mattered but there's confusing shenanigans and stuff</em></div><div class="spacer battle-history"><br></div><div class="battle-history">cali lifestyle used <strong>Mystical Fire</strong>!<br></div><div class="battle-history"><small>It's super effective!</small><br></div><div class="battle-history"><small>(The opposing Fer lost 94% of its health!)</small><br></div><div class="battle-history"><small>(The sticky gel ignited!)</small><br></div><div class="battle-history"><small>(cali lifestyle was hurt!)</small><br></div><div class="spacer battle-history"><br></div><div class="battle-history">The opposing Fer fainted!<br></div><div class="battle-history">cali lifestyle fainted!<br></div><div class="spacer battle-history"><br></div><div class="battle-history">Go! The Showstopper (<strong>Blissey</strong>)!<br></div><div class="spacer battle-history"><br></div><div class="battle-history">Loukaya sent out Slow (<strong>Slowking</strong>)!<br></div><div class="battle-history"><small>Pointed stones dug into the opposing Slow!</small><br></div><div class="spacer battle-history"><br></div><h2 class="battle-history">Turn 15</h2><div class="chat chatmessage-notmossy"><strong style="color:#3f7abe"><small> </small><span class="username" data-name="Not mossy">Not mossy</span>:</strong> <em>Oh wha</em></div><div class="chat chatmessage-timetoslakoth"><strong style="color:#7f7ecd"><small> </small><span class="username" data-name="Time to Slakoth">Time to Slakoth</span>:</strong> <em>RIP the caly lifestyle</em></div><div class="spacer battle-history"><br></div><div class="battle-history">The Showstopper used <strong>Toxic</strong>!<br></div><div class="battle-history"><small>The opposing Slow avoided the attack!</small><br></div><div class="spacer battle-history"><br></div><div class="battle-history">The opposing Slow used <strong>Scald</strong>!<br></div><div class="battle-history"><small>(The Showstopper lost <abbr title="−76/714">10.6%</abbr> of its health!)</small><br></div><div class="spacer battle-history"><br></div><div class="battle-history"><small>The Showstopper restored a little HP using its Leftovers!</small><br></div><div class="battle-history"><small>The opposing Slow restored a little HP using its Leftovers!</small><br></div><div class="spacer battle-history"><br></div><h2 class="battle-history">Turn 16</h2><div class="chat chatmessage-loukaya"><strong style="color:#0d7ae6"><small>☆</small><span class="username" data-name="Loukaya">Loukaya</span>:</strong> <em>._.</em></div><div class="chat chatmessage-ninjacid"><strong style="color:#c62447"><small> </small><span class="username" data-name="Ninjacid">Ninjacid</span>:</strong> <em>sweep, sweep, sweep</em></div><div class="spacer battle-history"><br></div><div class="battle-history">The Showstopper used <strong>Toxic</strong>!<br></div><div class="battle-history"><small>The opposing Slow was badly poisoned!</small><br></div><div class="spacer battle-history"><br></div><div class="battle-history">The opposing Slow used <strong>Scald</strong>!<br></div><div class="battle-history"><small>(The Showstopper lost <abbr title="−72/714">10.1%</abbr> of its health!)</small><br></div><div class="spacer battle-history"><br></div><div class="battle-history"><small>The Showstopper restored a little HP using its Leftovers!</small><br></div><div class="battle-history"><small>The opposing Slow restored a little HP using its Leftovers!</small><br></div><div class="battle-history"><small>The opposing Slow was hurt by poison!</small><br></div><div class="spacer battle-history"><br></div><h2 class="battle-history">Turn 17</h2><div class="spacer battle-history"><br></div><div class="battle-history">The Showstopper used <strong>Seismic Toss</strong>!<br></div><div class="battle-history"><small>(The opposing Slow lost 25% of its health!)</small><br></div><div class="spacer battle-history"><br></div><div class="battle-history">The opposing Slow used <strong>Toxic</strong>!<br></div><div class="battle-history"><small>The Showstopper was badly poisoned!</small><br></div><div class="spacer battle-history"><br></div><div class="battle-history"><small>The Showstopper restored a little HP using its Leftovers!</small><br></div><div class="battle-history"><small>The opposing Slow restored a little HP using its Leftovers!</small><br></div><div class="battle-history"><small>The Showstopper was hurt by poison!</small><br></div><div class="battle-history"><small>The opposing Slow was hurt by poison!</small><br></div><div class="spacer battle-history"><br></div><h2 class="battle-history">Turn 18</h2><div class="chat chatmessage-timetoslakoth"><strong style="color:#7f7ecd"><small> </small><span class="username" data-name="Time to Slakoth">Time to Slakoth</span>:</strong> <em>slowking isn't renowned for being able to beat blissey</em></div><div class="chat"><small> EeveeGirl1380 joined</small></div><div class="chat chatmessage-eeveegirl1380"><strong style="color:#7b6dd7"><small> </small><span class="username" data-name="EeveeGirl1380">EeveeGirl1380</span>:</strong> <em>true</em></div><div class="chat chatmessage-loukaya"><strong style="color:#0d7ae6"><small>☆</small><span class="username" data-name="Loukaya">Loukaya</span>:</strong> <em>it's my last mon so .-.</em></div><div class="spacer battle-history"><br></div><div class="battle-history">The Showstopper, come back!<br></div><div class="battle-history">Go! Fish Out Of Water (<strong>Toxapex</strong>)!<br></div><div class="spacer battle-history"><br></div><div class="battle-history">The opposing Slow used <strong>Scald</strong>!<br></div><div class="battle-history"><small>It's not very effective...</small><br></div><div class="battle-history"><small>(Fish Out Of Water lost <abbr title="−34/303">11.2%</abbr> of its health!)</small><br></div><div class="battle-history"><small>Fish Out Of Water was burned!</small><br></div><div class="spacer battle-history"><br></div><div class="battle-history"><small>The opposing Slow restored a little HP using its Leftovers!</small><br></div><div class="battle-history"><small>Fish Out Of Water restored a little HP using its Black Sludge!</small><br></div><div class="battle-history"><small>The opposing Slow was hurt by poison!</small><br></div><div class="battle-history"><small>Fish Out Of Water was hurt by its burn!</small><br></div><div class="spacer battle-history"><br></div><h2 class="battle-history">Turn 19</h2><div class="chat chatmessage-eeveegirl1380"><strong style="color:#7b6dd7"><small> </small><span class="username" data-name="EeveeGirl1380">EeveeGirl1380</span>:</strong> <em>especially whiletoxicd</em></div><div class="chat"><small> Magmajudis joined</small></div><div class="chat chatmessage-loukaya"><strong style="color:#0d7ae6"><small>☆</small><span class="username" data-name="Loukaya">Loukaya</span>:</strong> <em>you can put that in my story eevee </em></div><div class="chat chatmessage-loukaya"><strong style="color:#0d7ae6"><small>☆</small><span class="username" data-name="Loukaya">Loukaya</span>:</strong> <em>x)</em></div><div class="chat chatmessage-eeveegirl1380"><strong style="color:#7b6dd7"><small> </small><span class="username" data-name="EeveeGirl1380">EeveeGirl1380</span>:</strong> <em>(;</em></div><div class="spacer battle-history"><br></div><div class="battle-history">The opposing Slow used <strong>Future Sight</strong>!<br></div><div class="battle-history"><small>The opposing Slow foresaw an attack!</small><br></div><div class="spacer battle-history"><br></div><div class="battle-history">Fish Out Of Water used <strong>Knock Off</strong>!<br></div><div class="battle-history"><small>It's super effective!</small><br></div><div class="battle-history"><small>(The opposing Slow lost 15% of its health!)</small><br></div><div class="battle-history"><small>Fish Out Of Water knocked off the opposing Slow's Leftovers!</small><br></div><div class="spacer battle-history"><br></div><div class="battle-history"><small>Fish Out Of Water restored a little HP using its Black Sludge!</small><br></div><div class="battle-history"><small>The opposing Slow was hurt by poison!</small><br></div><div class="spacer battle-history"><br></div><div class="battle-history">The opposing Slow fainted!<br></div><div class="spacer battle-history"><br></div><div class="battle-history"><strong>Hematemesis</strong> won the battle!<br></div><div class="chat chatmessage-hematemesis mine"><strong style="color:#9412d5"><small>☆</small><span class="username" data-name="Hematemesis">Hematemesis</span>:</strong> <em>ggs</em></div><div class="chat chatmessage-loukaya"><strong style="color:#0d7ae6"><small>☆</small><span class="username" data-name="Loukaya">Loukaya</span>:</strong> <em>gg</em></div><div class="chat"><small> Not mossy and  El Cadaver left</small></div><div class="chat chatmessage-timetoslakoth"><strong style="color:#7f7ecd"><small> </small><span class="username" data-name="Time to Slakoth">Time to Slakoth</span>:</strong> <em>ggs both</em></div></div><div class="inner-preempt message-log"></div></div></div>
</div>
<script>
let daily = Math.floor(Date.now()/1000/60/60/24);document.write('<script src="https://play.pokemonshowdown.com/js/replay-embed.js?version'+daily+'"></'+'script>');
</script>
