<!DOCTYPE html>
<meta charset="utf-8" />
<!-- version 1 -->
<title>[Gen 8] Megas for All replay: aausma vs. monotype=novariety</title>
<style>
html,body {font-family:Verdana, sans-serif;font-size:10pt;margin:0;padding:0;}body{padding:12px 0;} .battle-log {font-family:Verdana, sans-serif;font-size:10pt;} .battle-log-inline {border:1px solid #AAAAAA;background:#EEF2F5;color:black;max-width:640px;margin:0 auto 80px;padding-bottom:5px;} .battle-log .inner {padding:4px 8px 0px 8px;} .battle-log .inner-preempt {padding:0 8px 4px 8px;} .battle-log .inner-after {margin-top:0.5em;} .battle-log h2 {margin:0.5em -8px;padding:4px 8px;border:1px solid #AAAAAA;background:#E0E7EA;border-left:0;border-right:0;font-family:Verdana, sans-serif;font-size:13pt;} .battle-log .chat {vertical-align:middle;padding:3px 0 3px 0;font-size:8pt;} .battle-log .chat strong {color:#40576A;} .battle-log .chat em {padding:1px 4px 1px 3px;color:#000000;font-style:normal;} .chat.mine {background:rgba(0,0,0,0.05);margin-left:-8px;margin-right:-8px;padding-left:8px;padding-right:8px;} .spoiler {color:#BBBBBB;background:#BBBBBB;padding:0px 3px;} .spoiler:hover, .spoiler:active, .spoiler-shown {color:#000000;background:#E2E2E2;padding:0px 3px;} .spoiler a {color:#BBBBBB;} .spoiler:hover a, .spoiler:active a, .spoiler-shown a {color:#2288CC;} .chat code, .chat .spoiler:hover code, .chat .spoiler:active code, .chat .spoiler-shown code {border:1px solid #C0C0C0;background:#EEEEEE;color:black;padding:0 2px;} .chat .spoiler code {border:1px solid #CCCCCC;background:#CCCCCC;color:#CCCCCC;} .battle-log .rated {padding:3px 4px;} .battle-log .rated strong {color:white;background:#89A;padding:1px 4px;border-radius:4px;} .spacer {margin-top:0.5em;} .message-announce {background:#6688AA;color:white;padding:1px 4px 2px;} .message-announce a, .broadcast-green a, .broadcast-blue a, .broadcast-red a {color:#DDEEFF;} .broadcast-green {background-color:#559955;color:white;padding:2px 4px;} .broadcast-blue {background-color:#6688AA;color:white;padding:2px 4px;} .infobox {border:1px solid #6688AA;padding:2px 4px;} .infobox-limited {max-height:200px;overflow:auto;overflow-x:hidden;} .broadcast-red {background-color:#AA5544;color:white;padding:2px 4px;} .message-learn-canlearn {font-weight:bold;color:#228822;text-decoration:underline;} .message-learn-cannotlearn {font-weight:bold;color:#CC2222;text-decoration:underline;} .message-effect-weak {font-weight:bold;color:#CC2222;} .message-effect-resist {font-weight:bold;color:#6688AA;} .message-effect-immune {font-weight:bold;color:#666666;} .message-learn-list {margin-top:0;margin-bottom:0;} .message-throttle-notice, .message-error {color:#992222;} .message-overflow, .chat small.message-overflow {font-size:0pt;} .message-overflow::before {font-size:9pt;content:'...';} .subtle {color:#3A4A66;}
</style>
<div class="wrapper replay-wrapper" style="max-width:1180px;margin:0 auto">
<input type="hidden" name="replayid" value="dragonheaven-gen8megasforall-5146" />
<div class="battle"></div><div class="battle-log"></div><div class="replay-controls"></div><div class="replay-controls-2"></div>
<h1 style="font-weight:normal;text-align:center"><strong>[Gen 8] Megas for All</strong><br /><a href="http://pokemonshowdown.com/users/aausma" class="subtle" target="_blank">aausma</a> vs. <a href="http://pokemonshowdown.com/users/monotypenovariety" class="subtle" target="_blank">monotype=novariety</a></h1>
<script type="text/plain" class="battle-log-data">|j|☆aausma
|j|☆monotype=novariety


|player|p1|aausma|scientistf|


|player|p2|monotype=novariety|170|
|teamsize|p1|6
|teamsize|p2|6
|gametype|singles
|gen|8
|tier|[Gen 8] Megas for All
|clearpoke
|poke|p1|Archeops, M|
|poke|p1|Magearna|
|poke|p1|Rillaboom, M|
|poke|p1|Volcarona, M|
|poke|p1|Dragonite, F|
|poke|p1|Blissey, F|
|poke|p2|Dragonite, M|
|poke|p2|Excadrill, F|
|poke|p2|Volcarona, M|
|poke|p2|Greninja, M|
|poke|p2|Magearna|
|poke|p2|Rillaboom, F|
|rule|HP Percentage Mod: HP is shown in percentages
|rule|Endless Battle Clause: Forcing endless battles is banned
|rule|OHKO Clause: OHKO moves are banned
|rule|Evasion Moves Clause: Evasion moves are banned
|rule|Species Clause: Limit one of each Pokémon
|rule|Dynamax Clause: You cannot dynamax
|rule|Sleep Clause Mod: Limit one foe put to sleep
|teampreview


|c|☆monotype=novariety|haha nice


|c|☆monotype=novariety|hf


|c|☆aausma|u2


|
|start
|switch|p1a: Archeops|Archeops, M|100\/100
|switch|p2a: Excadrill|Excadrill, F|361\/361
|-ability|p2a: Excadrill|Mold Breaker
|turn|1


|j| H2OPulse


|
|move|p1a: Archeops|U-turn|p2a: Excadrill
|-resisted|p2a: Excadrill
|-damage|p2a: Excadrill|293\/361


|c| H2OPulse|Good luck both!! O:


|
|switch|p1a: Rillaboom|Rillaboom, M|100\/100|[from]move: U-turn
|-fieldstart|move: Grassy Terrain|[from] ability: Grassy Surge|[of] p1a: Rillaboom
|move|p2a: Excadrill|Rock Tomb|p1a: Rillaboom
|-damage|p1a: Rillaboom|77\/100
|-unboost|p1a: Rillaboom|spe|1
|
|-heal|p2a: Excadrill|315\/361|[from] Grassy Terrain
|-heal|p1a: Rillaboom|83\/100|[from] Grassy Terrain
|upkeep
|turn|2


|
|switch|p2a: Magearna|Magearna|301\/301
|move|p1a: Rillaboom|Knock Off|p2a: Magearna
|-resisted|p2a: Magearna
|-damage|p2a: Magearna|232\/301
|-enditem|p2a: Magearna|Shuca Berry|[from] move: Knock Off|[of] p1a: Rillaboom
|-damage|p1a: Rillaboom|73\/100|[from] item: Life Orb
|
|-heal|p2a: Magearna|250\/301|[from] Grassy Terrain
|-heal|p1a: Rillaboom|79\/100|[from] Grassy Terrain
|upkeep
|turn|3


|c|☆aausma|ty!


|c|☆aausma|no.


|c|☆aausma|sit down


|c|☆monotype=novariety|:(


|
|switch|p2a: Volcarona|Volcarona, M|373\/373
|move|p1a: Rillaboom|U-turn|p2a: Volcarona
|-resisted|p2a: Volcarona
|-damage|p2a: Volcarona|298\/373
|-damage|p1a: Rillaboom|69\/100|[from] item: Life Orb


|
|switch|p1a: Volcarona|Volcarona, M|100\/100|[from]move: U-turn
|
|-heal|p2a: Volcarona|321\/373|[from] Grassy Terrain
|upkeep
|turn|4


|c|☆aausma|I


|c|☆aausma|EMANT


|c|☆aausma|TO DGO


|c|☆aausma|ARTCHEOPS


|c|☆aausma|NOOOOOOOOOOOOOOOOOOOO


|c|☆monotype=novariety|f


|c|☆aausma|THAT WOULDVE BEEN SO FIRE


|c| H2OPulse|FGKJL


|
|switch|p2a: Greninja|Greninja, M|285\/285
|switch|p1a: Blissey|Blissey, F|100\/100
|
|upkeep
|turn|5


|
|switch|p2a: Magearna|Magearna|250\/301
|move|p1a: Blissey|Teleport|p1a: Blissey


|
|switch|p1a: Archeops|Archeops, M|100\/100|[from]move: Teleport
|
|-heal|p2a: Magearna|268\/301|[from] Grassy Terrain
|-fieldend|move: Grassy Terrain
|upkeep
|turn|6


|c|☆aausma|but we gettin it back


|
|switch|p2a: Rillaboom|Rillaboom, F|341\/341
|-fieldstart|move: Grassy Terrain|[from] ability: Grassy Surge|[of] p2a: Rillaboom
|move|p1a: Archeops|Earthquake|p2a: Rillaboom
|-resisted|p2a: Rillaboom
|-damage|p2a: Rillaboom|306\/341
|
|-heal|p2a: Rillaboom|327\/341|[from] Grassy Terrain
|upkeep
|turn|7


|c|☆monotype=novariety|e


|c|☆aausma|you aren't prepared


|c|☆aausma|for my 10000000000000000 iq move


|c|☆monotype=novariety|I am not


|
|detailschange|p1a: Archeops|Archeops-Mega, M
|-mega|p1a: Archeops|Archeops|Archeonite
|move|p2a: Rillaboom|Grassy Glide|p1a: Archeops
|-damage|p1a: Archeops|0 fnt
|-damage|p2a: Rillaboom|293\/341|[from] item: Life Orb
|faint|p1a: Archeops
|
|-heal|p2a: Rillaboom|314\/341|[from] Grassy Terrain
|upkeep


|c|☆aausma|oh.


|c|☆aausma|it uh


|c|☆aausma|it died.


|j| Hematemesis


|c| H2OPulse|__gdhjk__


|c|☆aausma|yknow


|c|☆aausma|that wouldve been


|c|☆aausma|really cool


|c|☆aausma|if i lived that


|c|☆monotype=novariety|lmfao


|c| H2OPulse|hahahah fai r


|c|☆monotype=novariety|rillaboom is pretty strong huh


|c|☆aausma|yeah uh


|c|☆aausma|i may have underestimated that


|c|☆aausma|to an extent


|l| H2OPulse


|
|switch|p1a: Magearna|Magearna|100\/100
|turn|8


|c| Hematemesis|Finally finished my team. I think it's better but no way to know for sure


|c| Hematemesis|Until I test


|
|switch|p2a: Excadrill|Excadrill, F|315\/361
|-ability|p2a: Excadrill|Mold Breaker
|move|p1a: Magearna|Shift Gear|p1a: Magearna
|-boost|p1a: Magearna|spe|2
|-boost|p1a: Magearna|atk|1
|
|-heal|p2a: Excadrill|337\/361|[from] Grassy Terrain
|upkeep
|turn|9


|j| H2OPulse


|
|move|p1a: Magearna|Calm Mind|p1a: Magearna
|-boost|p1a: Magearna|spa|1
|-boost|p1a: Magearna|spd|1
|move|p2a: Excadrill|Earthquake|p1a: Magearna
|-supereffective|p1a: Magearna
|-enditem|p1a: Magearna|Shuca Berry|[eat]
|-enditem|p1a: Magearna|Shuca Berry|[weaken]
|-damage|p1a: Magearna|71\/100
|
|-heal|p1a: Magearna|77\/100|[from] Grassy Terrain
|-heal|p2a: Excadrill|359\/361|[from] Grassy Terrain
|upkeep
|turn|10


|c|☆aausma|i wish i had my policy


|c|☆aausma|i cannot lie


|c|☆monotype=novariety|forgot about grassy surge o_o


|c|☆aausma|yeah i did too


|c|☆aausma|thats why


|c|☆aausma|i wish i had policy :(


|
|move|p1a: Magearna|Calm Mind|p1a: Magearna
|-boost|p1a: Magearna|spa|1
|-boost|p1a: Magearna|spd|1
|move|p2a: Excadrill|Earthquake|p1a: Magearna
|-supereffective|p1a: Magearna
|-damage|p1a: Magearna|23\/100
|
|-heal|p1a: Magearna|29\/100|[from] Grassy Terrain
|-heal|p2a: Excadrill|361\/361|[from] Grassy Terrain
|-fieldend|move: Grassy Terrain
|upkeep
|turn|11


|
|move|p1a: Magearna|Stored Power|p2a: Excadrill
|-resisted|p2a: Excadrill
|-damage|p2a: Excadrill|90\/361
|move|p2a: Excadrill|Earthquake|p1a: Magearna
|-supereffective|p1a: Magearna
|-damage|p1a: Magearna|0 fnt
|faint|p1a: Magearna
|
|upkeep


|
|switch|p1a: Rillaboom|Rillaboom, M|69\/100
|-fieldstart|move: Grassy Terrain|[from] ability: Grassy Surge|[of] p1a: Rillaboom
|turn|12


|c| Hematemesis|spdef drill? that did nothing


|c|☆monotype=novariety|sash lead actually :p


|c|☆aausma|nah im pretty certain it's just max max


|c|☆aausma|yeah


|
|move|p2a: Excadrill|Stealth Rock|p1a: Rillaboom
|-sidestart|p1: aausma|move: Stealth Rock
|move|p1a: Rillaboom|U-turn|p2a: Excadrill
|-resisted|p2a: Excadrill
|-crit|p2a: Excadrill
|-damage|p2a: Excadrill|0 fnt
|-damage|p1a: Rillaboom|59\/100|[from] item: Life Orb
|faint|p2a: Excadrill


|
|switch|p1a: Dragonite|Dragonite, F|100\/100|[from]move: U-turn
|
|upkeep


|c|☆aausma|now we hope and pray


|
|switch|p2a: Magearna|Magearna|268\/301
|turn|13


|c|☆monotype=novariety|help me out mag


|
|move|p2a: Magearna|Ice Beam|p1a: Dragonite
|-supereffective|p1a: Dragonite
|-damage|p1a: Dragonite|64\/100
|move|p1a: Dragonite|Thunder Wave|p2a: Magearna
|-status|p2a: Magearna|par
|
|-heal|p2a: Magearna|286\/301 par|[from] Grassy Terrain
|upkeep
|turn|14


|c|☆monotype=novariety|wha


|c|☆monotype=novariety|t


|c|☆aausma|sit down


|
|move|p1a: Dragonite|Roost|p1a: Dragonite
|-heal|p1a: Dragonite|100\/100
|-singleturn|p1a: Dragonite|move: Roost
|move|p2a: Magearna|Ice Beam|p1a: Dragonite
|-supereffective|p1a: Dragonite
|-damage|p1a: Dragonite|81\/100
|
|-heal|p1a: Dragonite|88\/100|[from] Grassy Terrain
|-heal|p2a: Magearna|301\/301 par|[from] Grassy Terrain
|upkeep
|turn|15


|c| H2OPulse|~~__this time__ it was Multiscale~~


|
|switch|p1a: Volcarona|Volcarona, M|100\/100
|move|p2a: Magearna|Calm Mind|p2a: Magearna
|-boost|p2a: Magearna|spa|1
|-boost|p2a: Magearna|spd|1
|
|upkeep
|turn|16


|
|switch|p2a: Greninja|Greninja, M|285\/285
|move|p1a: Volcarona|Quiver Dance|p1a: Volcarona
|-boost|p1a: Volcarona|spa|1
|-boost|p1a: Volcarona|spd|1
|-boost|p1a: Volcarona|spe|1
|
|-fieldend|move: Grassy Terrain
|upkeep
|turn|17


|c| Hematemesis|Boots with Roost into multiscale is disgusting


|
|move|p2a: Greninja|Water Shuriken|p1a: Volcarona
|-supereffective|p1a: Volcarona
|-damage|p1a: Volcarona|87\/100
|-supereffective|p1a: Volcarona
|-damage|p1a: Volcarona|72\/100
|-hitcount|p1a: Volcarona|2
|move|p1a: Volcarona|Bug Buzz|p2a: Greninja
|-supereffective|p2a: Greninja
|-damage|p2a: Greninja|0 fnt
|faint|p2a: Greninja
|
|upkeep


|c|☆aausma|sit


|c|☆aausma|DOWN


|
|switch|p2a: Dragonite|Dragonite, M|323\/323
|turn|18


|c|☆aausma|so ok


|c|☆monotype=novariety|do this for me


|c|☆aausma|just so you know


|
|move|p1a: Volcarona|Psychic|p2a: Dragonite
|-damage|p2a: Dragonite|239\/323
|-unboost|p2a: Dragonite|spd|1
|move|p2a: Dragonite|Dragon Dance|p2a: Dragonite
|-boost|p2a: Dragonite|atk|1
|-boost|p2a: Dragonite|spe|1
|
|upkeep
|turn|19


|c|☆aausma|when i say sit down i say SIT DOWN


|
|detailschange|p2a: Dragonite|Dragonite-Mega, M
|-mega|p2a: Dragonite|Dragonite|Draconite
|move|p2a: Dragonite|Extreme Speed|p1a: Volcarona
|-damage|p1a: Volcarona|0 fnt
|faint|p1a: Volcarona
|
|upkeep


|c|☆aausma|ow


|
|switch|p1a: Dragonite|Dragonite, F|88\/100
|turn|20


|c| Hematemesis|SIT DOWN


|c| Hematemesis|lmao


|c|☆aausma|please dont hurt me


|
|move|p2a: Dragonite|Outrage|p1a: Dragonite
|-supereffective|p1a: Dragonite
|-damage|p1a: Dragonite|0 fnt
|faint|p1a: Dragonite
|
|upkeep


|c|☆monotype=novariety|n


|
|switch|p1a: Blissey|Blissey, F|100\/100
|turn|21


|
|move|p2a: Dragonite|Outrage|p1a: Blissey|[from]lockedmove
|-damage|p1a: Blissey|0 fnt
|-start|p2a: Dragonite|confusion|[fatigue]
|faint|p1a: Blissey
|
|upkeep


|
|switch|p1a: Rillaboom|Rillaboom, M|59\/100
|-damage|p1a: Rillaboom|47\/100|[from] Stealth Rock
|-fieldstart|move: Grassy Terrain|[from] ability: Grassy Surge|[of] p1a: Rillaboom
|turn|22


|c|☆monotype=novariety|gg


|c|☆aausma|yo yknow what'd be crazy


|c|☆aausma|hit your self


|
|-activate|p2a: Dragonite|confusion
|move|p2a: Dragonite|Extreme Speed|p1a: Rillaboom
|-damage|p1a: Rillaboom|0 fnt
|faint|p1a: Rillaboom
|
|win|monotype=novariety


|c| Hematemesis|THAT OBLITERATED BLISSEY WHAT


|c|☆aausma|it did in fact


|c|☆aausma|gg


|c| Hematemesis|ight I can go now


|c|☆monotype=novariety|i'm a fan of dragonite


|c|☆aausma|dnite is crazy


|c|☆monotype=novariety|both forms :D
</script>
</div>
<div class="battle-log battle-log-inline"><div class="inner"><div class="battle-options"><div style="padding-top: 3px; padding-right: 3px; text-align: right"><button class="icon button" name="openBattleOptions" title="Options">Battle Options</button></div></div><div class="inner message-log"><div class="chat"><small>☆aausma and ☆monotype=novariety joined</small></div><div class=""><small>Format:</small> <br><strong>[Gen 8] Megas for All</strong></div><div class=""><small><em>HP Percentage Mod:</em> HP is shown in percentages</small></div><div class=""><small><em>Endless Battle Clause:</em> Forcing endless battles is banned</small></div><div class=""><small><em>OHKO Clause:</em> OHKO moves are banned</small></div><div class=""><small><em>Evasion Moves Clause:</em> Evasion moves are banned</small></div><div class=""><small><em>Species Clause:</em> Limit one of each Pokémon</small></div><div class=""><small><em>Dynamax Clause:</em> You cannot dynamax</small></div><div class=""><small><em>Sleep Clause Mod:</em> Limit one foe put to sleep</small></div><div class="chat battle-history"><strong>monotype=novariety's team:</strong> <em style="color:#445566;display:block;">Dragonite / Excadrill / Volcarona / Greninja / Magearna / Rillaboom</em></div><div class="chat battle-history"><strong>aausma's team:</strong> <em style="color:#445566;display:block;">Archeops / Magearna / Rillaboom / Volcarona / Dragonite / Blissey</em></div><div class="chat chatmessage-monotypenovariety mine"><strong style="color:#ba4973"><small>☆</small><span class="username" data-name="monotype=novariety">monotype=novariety</span>:</strong> <em>haha nice</em></div><div class="chat chatmessage-monotypenovariety mine"><strong style="color:#ba4973"><small>☆</small><span class="username" data-name="monotype=novariety">monotype=novariety</span>:</strong> <em>hf</em></div><div class="chat chatmessage-aausma"><strong style="color:#18a81f"><small>☆</small><span class="username" data-name="aausma">aausma</span>:</strong> <em>u2</em></div><div class="spacer battle-history"><br></div><div class="battle-history">Battle started between aausma and monotype=novariety!<br></div><div class="spacer battle-history"><br></div><div class="battle-history">aausma sent out <strong>Archeops</strong>!<br></div><div class="spacer battle-history"><br></div><div class="battle-history">Go! <strong>Excadrill</strong>!<br></div><div class="battle-history">[Excadrill's Mold Breaker]<br><small>Excadrill breaks the mold!</small><br></div><div class="spacer battle-history"><br></div><h2 class="battle-history">Turn 1</h2><div class="chat"><small> H2OPulse joined</small></div><div class="spacer battle-history"><br></div><div class="battle-history">The opposing Archeops used <strong>U-turn</strong>!<br></div><div class="battle-history"><small>It's not very effective...</small><br></div><div class="battle-history"><small>(Excadrill lost <abbr title="−68/361">18.8%</abbr> of its health!)</small><br></div><div class="chat chatmessage-h2opulse"><strong style="color:#6e8c2b"><small> </small><span class="username" data-name="H2OPulse">H2OPulse</span>:</strong> <em>Good luck both!! O:</em></div><div class="spacer battle-history"><br></div><div class="battle-history">The opposing Archeops went back to aausma!<br></div><div class="battle-history">aausma sent out <strong>Rillaboom</strong>!<br></div><div class="battle-history">[The opposing Rillaboom's Grassy Surge]<br><small>Grass grew to cover the battlefield!</small><br></div><div class="spacer battle-history"><br></div><div class="battle-history">Excadrill used <strong>Rock Tomb</strong>!<br></div><div class="battle-history"><small>(The opposing Rillaboom lost 23% of its health!)</small><br></div><div class="battle-history"><small>The opposing Rillaboom's Speed fell!</small><br></div><div class="spacer battle-history"><br></div><div class="battle-history"><small>Excadrill's HP was restored.</small><br></div><div class="battle-history"><small>The opposing Rillaboom's HP was restored.</small><br></div><div class="spacer battle-history"><br></div><h2 class="battle-history">Turn 2</h2><div class="spacer battle-history"><br></div><div class="battle-history">Excadrill, come back!<br></div><div class="battle-history">Go! <strong>Magearna</strong>!<br></div><div class="spacer battle-history"><br></div><div class="battle-history">The opposing Rillaboom used <strong>Knock Off</strong>!<br></div><div class="battle-history"><small>It's not very effective...</small><br></div><div class="battle-history"><small>(Magearna lost <abbr title="−69/301">22.9%</abbr> of its health!)</small><br></div><div class="battle-history"><small>The opposing Rillaboom knocked off Magearna's Shuca Berry!</small><br></div><div class="battle-history"><small>The opposing Rillaboom lost some of its HP!</small><br></div><div class="spacer battle-history"><br></div><div class="battle-history"><small>Magearna's HP was restored.</small><br></div><div class="battle-history"><small>The opposing Rillaboom's HP was restored.</small><br></div><div class="spacer battle-history"><br></div><h2 class="battle-history">Turn 3</h2><div class="chat chatmessage-aausma"><strong style="color:#18a81f"><small>☆</small><span class="username" data-name="aausma">aausma</span>:</strong> <em>ty!</em></div><div class="chat chatmessage-aausma"><strong style="color:#18a81f"><small>☆</small><span class="username" data-name="aausma">aausma</span>:</strong> <em>no.</em></div><div class="chat chatmessage-aausma"><strong style="color:#18a81f"><small>☆</small><span class="username" data-name="aausma">aausma</span>:</strong> <em>sit down</em></div><div class="chat chatmessage-monotypenovariety mine"><strong style="color:#ba4973"><small>☆</small><span class="username" data-name="monotype=novariety">monotype=novariety</span>:</strong> <em>:(</em></div><div class="spacer battle-history"><br></div><div class="battle-history">Magearna, come back!<br></div><div class="battle-history">Go! <strong>Volcarona</strong>!<br></div><div class="spacer battle-history"><br></div><div class="battle-history">The opposing Rillaboom used <strong>U-turn</strong>!<br></div><div class="battle-history"><small>It's not very effective...</small><br></div><div class="battle-history"><small>(Volcarona lost <abbr title="−75/373">20.1%</abbr> of its health!)</small><br></div><div class="battle-history"><small>The opposing Rillaboom lost some of its HP!</small><br></div><div class="spacer battle-history"><br></div><div class="battle-history">The opposing Rillaboom went back to aausma!<br></div><div class="battle-history">aausma sent out <strong>Volcarona</strong>!<br></div><div class="spacer battle-history"><br></div><div class="battle-history"><small>Volcarona's HP was restored.</small><br></div><div class="spacer battle-history"><br></div><h2 class="battle-history">Turn 4</h2><div class="chat chatmessage-aausma"><strong style="color:#18a81f"><small>☆</small><span class="username" data-name="aausma">aausma</span>:</strong> <em>I</em></div><div class="chat chatmessage-aausma"><strong style="color:#18a81f"><small>☆</small><span class="username" data-name="aausma">aausma</span>:</strong> <em>EMANT</em></div><div class="chat chatmessage-aausma"><strong style="color:#18a81f"><small>☆</small><span class="username" data-name="aausma">aausma</span>:</strong> <em>TO DGO</em></div><div class="chat chatmessage-aausma"><strong style="color:#18a81f"><small>☆</small><span class="username" data-name="aausma">aausma</span>:</strong> <em>ARTCHEOPS</em></div><div class="chat chatmessage-aausma"><strong style="color:#18a81f"><small>☆</small><span class="username" data-name="aausma">aausma</span>:</strong> <em>NOOOOOOOOOOOOOOOOOOOO</em></div><div class="chat chatmessage-monotypenovariety mine"><strong style="color:#ba4973"><small>☆</small><span class="username" data-name="monotype=novariety">monotype=novariety</span>:</strong> <em>f</em></div><div class="chat chatmessage-aausma"><strong style="color:#18a81f"><small>☆</small><span class="username" data-name="aausma">aausma</span>:</strong> <em>THAT WOULDVE BEEN SO FIRE</em></div><div class="chat chatmessage-h2opulse"><strong style="color:#6e8c2b"><small> </small><span class="username" data-name="H2OPulse">H2OPulse</span>:</strong> <em>FGKJL</em></div><div class="spacer battle-history"><br></div><div class="battle-history">Volcarona, come back!<br></div><div class="battle-history">Go! <strong>Greninja</strong>!<br></div><div class="spacer battle-history"><br></div><div class="battle-history">aausma withdrew Volcarona!<br></div><div class="battle-history">aausma sent out <strong>Blissey</strong>!<br></div><div class="spacer battle-history"><br></div><h2 class="battle-history">Turn 5</h2><div class="spacer battle-history"><br></div><div class="battle-history">Greninja, come back!<br></div><div class="battle-history">Go! <strong>Magearna</strong>!<br></div><div class="spacer battle-history"><br></div><div class="battle-history">The opposing Blissey used <strong>Teleport</strong>!<br></div><div class="spacer battle-history"><br></div><div class="battle-history">aausma withdrew Blissey!<br></div><div class="battle-history">aausma sent out <strong>Archeops</strong>!<br></div><div class="spacer battle-history"><br></div><div class="battle-history"><small>Magearna's HP was restored.</small><br></div><div class="battle-history"><small>The grass disappeared from the battlefield.</small><br></div><div class="spacer battle-history"><br></div><h2 class="battle-history">Turn 6</h2><div class="chat chatmessage-aausma"><strong style="color:#18a81f"><small>☆</small><span class="username" data-name="aausma">aausma</span>:</strong> <em>but we gettin it back</em></div><div class="spacer battle-history"><br></div><div class="battle-history">Magearna, come back!<br></div><div class="battle-history">Go! <strong>Rillaboom</strong>!<br></div><div class="battle-history">[Rillaboom's Grassy Surge]<br><small>Grass grew to cover the battlefield!</small><br></div><div class="spacer battle-history"><br></div><div class="battle-history">The opposing Archeops used <strong>Earthquake</strong>!<br></div><div class="battle-history"><small>It's not very effective...</small><br></div><div class="battle-history"><small>(Rillaboom lost <abbr title="−35/341">10.3%</abbr> of its health!)</small><br></div><div class="spacer battle-history"><br></div><div class="battle-history"><small>Rillaboom's HP was restored.</small><br></div><div class="spacer battle-history"><br></div><h2 class="battle-history">Turn 7</h2><div class="chat chatmessage-monotypenovariety mine"><strong style="color:#ba4973"><small>☆</small><span class="username" data-name="monotype=novariety">monotype=novariety</span>:</strong> <em>e</em></div><div class="chat chatmessage-aausma"><strong style="color:#18a81f"><small>☆</small><span class="username" data-name="aausma">aausma</span>:</strong> <em>you aren't prepared</em></div><div class="chat chatmessage-aausma"><strong style="color:#18a81f"><small>☆</small><span class="username" data-name="aausma">aausma</span>:</strong> <em>for my 10000000000000000 iq move</em></div><div class="chat chatmessage-monotypenovariety mine"><strong style="color:#ba4973"><small>☆</small><span class="username" data-name="monotype=novariety">monotype=novariety</span>:</strong> <em>I am not</em></div><div class="spacer battle-history"><br></div><div class="battle-history"><small>The opposing Archeops's Archeonite is reacting to the Key Stone!</small><br>The opposing Archeops has Mega Evolved into Mega Archeops!<br></div><div class="spacer battle-history"><br></div><div class="battle-history">Rillaboom used <strong>Grassy Glide</strong>!<br></div><div class="battle-history"><small>(The opposing Archeops lost 100% of its health!)</small><br></div><div class="battle-history"><small>Rillaboom lost some of its HP!</small><br></div><div class="spacer battle-history"><br></div><div class="battle-history">The opposing Archeops fainted!<br></div><div class="spacer battle-history"><br></div><div class="battle-history"><small>Rillaboom's HP was restored.</small><br></div><div class="chat chatmessage-aausma"><strong style="color:#18a81f"><small>☆</small><span class="username" data-name="aausma">aausma</span>:</strong> <em>oh.</em></div><div class="chat chatmessage-aausma"><strong style="color:#18a81f"><small>☆</small><span class="username" data-name="aausma">aausma</span>:</strong> <em>it uh</em></div><div class="chat chatmessage-aausma"><strong style="color:#18a81f"><small>☆</small><span class="username" data-name="aausma">aausma</span>:</strong> <em>it died.</em></div><div class="chat"><small> Hematemesis joined</small></div><div class="chat chatmessage-h2opulse"><strong style="color:#6e8c2b"><small> </small><span class="username" data-name="H2OPulse">H2OPulse</span>:</strong> <em><i>gdhjk</i></em></div><div class="chat chatmessage-aausma"><strong style="color:#18a81f"><small>☆</small><span class="username" data-name="aausma">aausma</span>:</strong> <em>yknow</em></div><div class="chat chatmessage-aausma"><strong style="color:#18a81f"><small>☆</small><span class="username" data-name="aausma">aausma</span>:</strong> <em>that wouldve been</em></div><div class="chat chatmessage-aausma"><strong style="color:#18a81f"><small>☆</small><span class="username" data-name="aausma">aausma</span>:</strong> <em>really cool</em></div><div class="chat chatmessage-aausma"><strong style="color:#18a81f"><small>☆</small><span class="username" data-name="aausma">aausma</span>:</strong> <em>if i lived that</em></div><div class="chat chatmessage-monotypenovariety mine"><strong style="color:#ba4973"><small>☆</small><span class="username" data-name="monotype=novariety">monotype=novariety</span>:</strong> <em>lmfao</em></div><div class="chat chatmessage-h2opulse"><strong style="color:#6e8c2b"><small> </small><span class="username" data-name="H2OPulse">H2OPulse</span>:</strong> <em>hahahah fai r</em></div><div class="chat chatmessage-monotypenovariety mine"><strong style="color:#ba4973"><small>☆</small><span class="username" data-name="monotype=novariety">monotype=novariety</span>:</strong> <em>rillaboom is pretty strong huh</em></div><div class="chat chatmessage-aausma"><strong style="color:#18a81f"><small>☆</small><span class="username" data-name="aausma">aausma</span>:</strong> <em>yeah uh</em></div><div class="chat chatmessage-aausma"><strong style="color:#18a81f"><small>☆</small><span class="username" data-name="aausma">aausma</span>:</strong> <em>i may have underestimated that</em></div><div class="chat chatmessage-aausma"><strong style="color:#18a81f"><small>☆</small><span class="username" data-name="aausma">aausma</span>:</strong> <em>to an extent</em></div><div class="chat"><small> H2OPulse left</small></div><div class="spacer battle-history"><br></div><div class="battle-history">aausma sent out <strong>Magearna</strong>!<br></div><div class="spacer battle-history"><br></div><h2 class="battle-history">Turn 8</h2><div class="chat chatmessage-hematemesis"><strong style="color:#9412d5"><small> </small><span class="username" data-name="Hematemesis">Hematemesis</span>:</strong> <em>Finally finished my team. I think it's better but no way to know for sure</em></div><div class="chat chatmessage-hematemesis"><strong style="color:#9412d5"><small> </small><span class="username" data-name="Hematemesis">Hematemesis</span>:</strong> <em>Until I test</em></div><div class="spacer battle-history"><br></div><div class="battle-history">Rillaboom, come back!<br></div><div class="battle-history">Go! <strong>Excadrill</strong>!<br></div><div class="battle-history">[Excadrill's Mold Breaker]<br><small>Excadrill breaks the mold!</small><br></div><div class="spacer battle-history"><br></div><div class="battle-history">The opposing Magearna used <strong>Shift Gear</strong>!<br></div><div class="battle-history"><small>The opposing Magearna's Speed rose sharply!</small><br></div><div class="battle-history"><small>The opposing Magearna's Attack rose!</small><br></div><div class="spacer battle-history"><br></div><div class="battle-history"><small>Excadrill's HP was restored.</small><br></div><div class="spacer battle-history"><br></div><h2 class="battle-history">Turn 9</h2><div class="chat"><small> H2OPulse joined</small></div><div class="spacer battle-history"><br></div><div class="battle-history">The opposing Magearna used <strong>Calm Mind</strong>!<br></div><div class="battle-history"><small>The opposing Magearna's Sp. Atk rose!</small><br></div><div class="battle-history"><small>The opposing Magearna's Sp. Def rose!</small><br></div><div class="spacer battle-history"><br></div><div class="battle-history">Excadrill used <strong>Earthquake</strong>!<br></div><div class="battle-history"><small>It's super effective!</small><br></div><div class="battle-history"><small>(The opposing Magearna ate its Shuca Berry!)</small><br></div><div class="battle-history"><small>The Shuca Berry weakened the damage to the opposing Magearna!</small><br></div><div class="battle-history"><small>(The opposing Magearna lost 29% of its health!)</small><br></div><div class="spacer battle-history"><br></div><div class="battle-history"><small>The opposing Magearna's HP was restored.</small><br></div><div class="battle-history"><small>Excadrill's HP was restored.</small><br></div><div class="spacer battle-history"><br></div><h2 class="battle-history">Turn 10</h2><div class="chat chatmessage-aausma"><strong style="color:#18a81f"><small>☆</small><span class="username" data-name="aausma">aausma</span>:</strong> <em>i wish i had my policy</em></div><div class="chat chatmessage-aausma"><strong style="color:#18a81f"><small>☆</small><span class="username" data-name="aausma">aausma</span>:</strong> <em>i cannot lie</em></div><div class="chat chatmessage-monotypenovariety mine"><strong style="color:#ba4973"><small>☆</small><span class="username" data-name="monotype=novariety">monotype=novariety</span>:</strong> <em>forgot about grassy surge o_o</em></div><div class="chat chatmessage-aausma"><strong style="color:#18a81f"><small>☆</small><span class="username" data-name="aausma">aausma</span>:</strong> <em>yeah i did too</em></div><div class="chat chatmessage-aausma"><strong style="color:#18a81f"><small>☆</small><span class="username" data-name="aausma">aausma</span>:</strong> <em>thats why</em></div><div class="chat chatmessage-aausma"><strong style="color:#18a81f"><small>☆</small><span class="username" data-name="aausma">aausma</span>:</strong> <em>i wish i had policy :(</em></div><div class="spacer battle-history"><br></div><div class="battle-history">The opposing Magearna used <strong>Calm Mind</strong>!<br></div><div class="battle-history"><small>The opposing Magearna's Sp. Atk rose!</small><br></div><div class="battle-history"><small>The opposing Magearna's Sp. Def rose!</small><br></div><div class="spacer battle-history"><br></div><div class="battle-history">Excadrill used <strong>Earthquake</strong>!<br></div><div class="battle-history"><small>It's super effective!</small><br></div><div class="battle-history"><small>(The opposing Magearna lost 54% of its health!)</small><br></div><div class="spacer battle-history"><br></div><div class="battle-history"><small>The opposing Magearna's HP was restored.</small><br></div><div class="battle-history"><small>Excadrill's HP was restored.</small><br></div><div class="battle-history"><small>The grass disappeared from the battlefield.</small><br></div><div class="spacer battle-history"><br></div><h2 class="battle-history">Turn 11</h2><div class="spacer battle-history"><br></div><div class="battle-history">The opposing Magearna used <strong>Stored Power</strong>!<br></div><div class="battle-history"><small>It's not very effective...</small><br></div><div class="battle-history"><small>(Excadrill lost <abbr title="−271/361">75.1%</abbr> of its health!)</small><br></div><div class="spacer battle-history"><br></div><div class="battle-history">Excadrill used <strong>Earthquake</strong>!<br></div><div class="battle-history"><small>It's super effective!</small><br></div><div class="battle-history"><small>(The opposing Magearna lost 29% of its health!)</small><br></div><div class="spacer battle-history"><br></div><div class="battle-history">The opposing Magearna fainted!<br></div><div class="spacer battle-history"><br></div><div class="battle-history">aausma sent out <strong>Rillaboom</strong>!<br></div><div class="battle-history">[The opposing Rillaboom's Grassy Surge]<br><small>Grass grew to cover the battlefield!</small><br></div><div class="spacer battle-history"><br></div><h2 class="battle-history">Turn 12</h2><div class="chat chatmessage-hematemesis"><strong style="color:#9412d5"><small> </small><span class="username" data-name="Hematemesis">Hematemesis</span>:</strong> <em>spdef drill? that did nothing</em></div><div class="chat chatmessage-monotypenovariety mine"><strong style="color:#ba4973"><small>☆</small><span class="username" data-name="monotype=novariety">monotype=novariety</span>:</strong> <em>sash lead actually :p</em></div><div class="chat chatmessage-aausma"><strong style="color:#18a81f"><small>☆</small><span class="username" data-name="aausma">aausma</span>:</strong> <em>nah im pretty certain it's just max max</em></div><div class="chat chatmessage-aausma"><strong style="color:#18a81f"><small>☆</small><span class="username" data-name="aausma">aausma</span>:</strong> <em>yeah</em></div><div class="spacer battle-history"><br></div><div class="battle-history">Excadrill used <strong>Stealth Rock</strong>!<br></div><div class="battle-history"><small>Pointed stones float in the air around the opposing team!</small><br></div><div class="spacer battle-history"><br></div><div class="battle-history">The opposing Rillaboom used <strong>U-turn</strong>!<br></div><div class="battle-history"><small>It's not very effective...</small><br></div><div class="battle-history"><small>A critical hit!</small><br></div><div class="battle-history"><small>(Excadrill lost <abbr title="−90/361">24.9%</abbr> of its health!)</small><br></div><div class="battle-history"><small>The opposing Rillaboom lost some of its HP!</small><br></div><div class="spacer battle-history"><br></div><div class="battle-history">Excadrill fainted!<br></div><div class="spacer battle-history"><br></div><div class="battle-history">The opposing Rillaboom went back to aausma!<br></div><div class="battle-history">aausma sent out <strong>Dragonite</strong>!<br></div><div class="chat chatmessage-aausma"><strong style="color:#18a81f"><small>☆</small><span class="username" data-name="aausma">aausma</span>:</strong> <em>now we hope and pray</em></div><div class="spacer battle-history"><br></div><div class="battle-history">Go! <strong>Magearna</strong>!<br></div><div class="spacer battle-history"><br></div><h2 class="battle-history">Turn 13</h2><div class="chat chatmessage-monotypenovariety mine"><strong style="color:#ba4973"><small>☆</small><span class="username" data-name="monotype=novariety">monotype=novariety</span>:</strong> <em>help me out mag</em></div><div class="spacer battle-history"><br></div><div class="battle-history">Magearna used <strong>Ice Beam</strong>!<br></div><div class="battle-history"><small>It's super effective!</small><br></div><div class="battle-history"><small>(The opposing Dragonite lost 36% of its health!)</small><br></div><div class="spacer battle-history"><br></div><div class="battle-history">The opposing Dragonite used <strong>Thunder Wave</strong>!<br></div><div class="battle-history"><small>Magearna is paralyzed! It may be unable to move!</small><br></div><div class="spacer battle-history"><br></div><div class="battle-history"><small>Magearna's HP was restored.</small><br></div><div class="spacer battle-history"><br></div><h2 class="battle-history">Turn 14</h2><div class="chat chatmessage-monotypenovariety mine"><strong style="color:#ba4973"><small>☆</small><span class="username" data-name="monotype=novariety">monotype=novariety</span>:</strong> <em>wha</em></div><div class="chat chatmessage-monotypenovariety mine"><strong style="color:#ba4973"><small>☆</small><span class="username" data-name="monotype=novariety">monotype=novariety</span>:</strong> <em>t</em></div><div class="chat chatmessage-aausma"><strong style="color:#18a81f"><small>☆</small><span class="username" data-name="aausma">aausma</span>:</strong> <em>sit down</em></div><div class="spacer battle-history"><br></div><div class="battle-history">The opposing Dragonite used <strong>Roost</strong>!<br></div><div class="battle-history"><small>The opposing Dragonite had its HP restored.</small><br></div><div class="battle-history"><small>(The opposing Dragonite loses Flying type this turn.)</small><br></div><div class="spacer battle-history"><br></div><div class="battle-history">Magearna used <strong>Ice Beam</strong>!<br></div><div class="battle-history"><small>It's super effective!</small><br></div><div class="battle-history"><small>(The opposing Dragonite lost 19% of its health!)</small><br></div><div class="spacer battle-history"><br></div><div class="battle-history"><small>The opposing Dragonite's HP was restored.</small><br></div><div class="battle-history"><small>Magearna's HP was restored.</small><br></div><div class="spacer battle-history"><br></div><h2 class="battle-history">Turn 15</h2><div class="chat chatmessage-h2opulse"><strong style="color:#6e8c2b"><small> </small><span class="username" data-name="H2OPulse">H2OPulse</span>:</strong> <em><s><i>this time</i> it was Multiscale</s></em></div><div class="spacer battle-history"><br></div><div class="battle-history">aausma withdrew Dragonite!<br></div><div class="battle-history">aausma sent out <strong>Volcarona</strong>!<br></div><div class="spacer battle-history"><br></div><div class="battle-history">Magearna used <strong>Calm Mind</strong>!<br></div><div class="battle-history"><small>Magearna's Sp. Atk rose!</small><br></div><div class="battle-history"><small>Magearna's Sp. Def rose!</small><br></div><div class="spacer battle-history"><br></div><h2 class="battle-history">Turn 16</h2><div class="spacer battle-history"><br></div><div class="battle-history">Magearna, come back!<br></div><div class="battle-history">Go! <strong>Greninja</strong>!<br></div><div class="spacer battle-history"><br></div><div class="battle-history">The opposing Volcarona used <strong>Quiver Dance</strong>!<br></div><div class="battle-history"><small>The opposing Volcarona's Sp. Atk rose!</small><br></div><div class="battle-history"><small>The opposing Volcarona's Sp. Def rose!</small><br></div><div class="battle-history"><small>The opposing Volcarona's Speed rose!</small><br></div><div class="spacer battle-history"><br></div><div class="battle-history"><small>The grass disappeared from the battlefield.</small><br></div><div class="spacer battle-history"><br></div><h2 class="battle-history">Turn 17</h2><div class="chat chatmessage-hematemesis"><strong style="color:#9412d5"><small> </small><span class="username" data-name="Hematemesis">Hematemesis</span>:</strong> <em>Boots with Roost into multiscale is disgusting</em></div><div class="spacer battle-history"><br></div><div class="battle-history">Greninja used <strong>Water Shuriken</strong>!<br></div><div class="battle-history"><small>It's super effective!</small><br></div><div class="battle-history"><small>(The opposing Volcarona lost 13% of its health!)</small><br></div><div class="battle-history"><small>It's super effective!</small><br></div><div class="battle-history"><small>(The opposing Volcarona lost 15% of its health!)</small><br></div><div class="battle-history"><small>The Pokémon was hit 2 times!</small><br></div><div class="spacer battle-history"><br></div><div class="battle-history">The opposing Volcarona used <strong>Bug Buzz</strong>!<br></div><div class="battle-history"><small>It's super effective!</small><br></div><div class="battle-history"><small>(Greninja lost <abbr title="−285/285">100%</abbr> of its health!)</small><br></div><div class="spacer battle-history"><br></div><div class="battle-history">Greninja fainted!<br></div><div class="chat chatmessage-aausma"><strong style="color:#18a81f"><small>☆</small><span class="username" data-name="aausma">aausma</span>:</strong> <em>sit</em></div><div class="chat chatmessage-aausma"><strong style="color:#18a81f"><small>☆</small><span class="username" data-name="aausma">aausma</span>:</strong> <em>DOWN</em></div><div class="spacer battle-history"><br></div><div class="battle-history">Go! <strong>Dragonite</strong>!<br></div><div class="spacer battle-history"><br></div><h2 class="battle-history">Turn 18</h2><div class="chat chatmessage-aausma"><strong style="color:#18a81f"><small>☆</small><span class="username" data-name="aausma">aausma</span>:</strong> <em>so ok</em></div><div class="chat chatmessage-monotypenovariety mine"><strong style="color:#ba4973"><small>☆</small><span class="username" data-name="monotype=novariety">monotype=novariety</span>:</strong> <em>do this for me</em></div><div class="chat chatmessage-aausma"><strong style="color:#18a81f"><small>☆</small><span class="username" data-name="aausma">aausma</span>:</strong> <em>just so you know</em></div><div class="spacer battle-history"><br></div><div class="battle-history">The opposing Volcarona used <strong>Psychic</strong>!<br></div><div class="battle-history"><small>(Dragonite lost <abbr title="−84/323">26.0%</abbr> of its health!)</small><br></div><div class="battle-history"><small>Dragonite's Sp. Def fell!</small><br></div><div class="spacer battle-history"><br></div><div class="battle-history">Dragonite used <strong>Dragon Dance</strong>!<br></div><div class="battle-history"><small>Dragonite's Attack rose!</small><br></div><div class="battle-history"><small>Dragonite's Speed rose!</small><br></div><div class="spacer battle-history"><br></div><h2 class="battle-history">Turn 19</h2><div class="chat chatmessage-aausma"><strong style="color:#18a81f"><small>☆</small><span class="username" data-name="aausma">aausma</span>:</strong> <em>when i say sit down i say SIT DOWN</em></div><div class="spacer battle-history"><br></div><div class="battle-history"><small>Dragonite's Draconite is reacting to the Key Stone!</small><br>Dragonite has Mega Evolved into Mega Dragonite!<br></div><div class="spacer battle-history"><br></div><div class="battle-history">Dragonite used <strong>Extreme Speed</strong>!<br></div><div class="battle-history"><small>(The opposing Volcarona lost 72% of its health!)</small><br></div><div class="spacer battle-history"><br></div><div class="battle-history">The opposing Volcarona fainted!<br></div><div class="chat chatmessage-aausma"><strong style="color:#18a81f"><small>☆</small><span class="username" data-name="aausma">aausma</span>:</strong> <em>ow</em></div><div class="spacer battle-history"><br></div><div class="battle-history">aausma sent out <strong>Dragonite</strong>!<br></div><div class="spacer battle-history"><br></div><h2 class="battle-history">Turn 20</h2><div class="chat chatmessage-hematemesis"><strong style="color:#9412d5"><small> </small><span class="username" data-name="Hematemesis">Hematemesis</span>:</strong> <em>SIT DOWN</em></div><div class="chat chatmessage-hematemesis"><strong style="color:#9412d5"><small> </small><span class="username" data-name="Hematemesis">Hematemesis</span>:</strong> <em>lmao</em></div><div class="chat chatmessage-aausma"><strong style="color:#18a81f"><small>☆</small><span class="username" data-name="aausma">aausma</span>:</strong> <em>please dont hurt me</em></div><div class="spacer battle-history"><br></div><div class="battle-history">Dragonite used <strong>Outrage</strong>!<br></div><div class="battle-history"><small>It's super effective!</small><br></div><div class="battle-history"><small>(The opposing Dragonite lost 88% of its health!)</small><br></div><div class="spacer battle-history"><br></div><div class="battle-history">The opposing Dragonite fainted!<br></div><div class="chat chatmessage-monotypenovariety mine"><strong style="color:#ba4973"><small>☆</small><span class="username" data-name="monotype=novariety">monotype=novariety</span>:</strong> <em>n</em></div><div class="spacer battle-history"><br></div><div class="battle-history">aausma sent out <strong>Blissey</strong>!<br></div><div class="spacer battle-history"><br></div><h2 class="battle-history">Turn 21</h2><div class="spacer battle-history"><br></div><div class="battle-history">Dragonite used <strong>Outrage</strong>!<br></div><div class="battle-history"><small>(The opposing Blissey lost 100% of its health!)</small><br></div><div class="battle-history"><small>Dragonite became confused due to fatigue!</small><br></div><div class="spacer battle-history"><br></div><div class="battle-history">The opposing Blissey fainted!<br></div><div class="spacer battle-history"><br></div><div class="battle-history">aausma sent out <strong>Rillaboom</strong>!<br></div><div class="battle-history"><small>Pointed stones dug into the opposing Rillaboom!</small><br></div><div class="battle-history">[The opposing Rillaboom's Grassy Surge]<br><small>Grass grew to cover the battlefield!</small><br></div><div class="spacer battle-history"><br></div><h2 class="battle-history">Turn 22</h2><div class="chat chatmessage-monotypenovariety mine"><strong style="color:#ba4973"><small>☆</small><span class="username" data-name="monotype=novariety">monotype=novariety</span>:</strong> <em>gg</em></div><div class="chat chatmessage-aausma"><strong style="color:#18a81f"><small>☆</small><span class="username" data-name="aausma">aausma</span>:</strong> <em>yo yknow what'd be crazy</em></div><div class="chat chatmessage-aausma"><strong style="color:#18a81f"><small>☆</small><span class="username" data-name="aausma">aausma</span>:</strong> <em>hit your self</em></div><div class="spacer battle-history"><br></div><div class="battle-history"><small>Dragonite is confused!</small><br></div><div class="battle-history">Dragonite used <strong>Extreme Speed</strong>!<br></div><div class="battle-history"><small>(The opposing Rillaboom lost 47% of its health!)</small><br></div><div class="spacer battle-history"><br></div><div class="battle-history">The opposing Rillaboom fainted!<br></div><div class="spacer battle-history"><br></div><div class="battle-history"><strong>monotype=novariety</strong> won the battle!<br></div><div class="chat chatmessage-hematemesis"><strong style="color:#9412d5"><small> </small><span class="username" data-name="Hematemesis">Hematemesis</span>:</strong> <em>THAT OBLITERATED BLISSEY WHAT</em></div><div class="chat chatmessage-aausma"><strong style="color:#18a81f"><small>☆</small><span class="username" data-name="aausma">aausma</span>:</strong> <em>it did in fact</em></div><div class="chat chatmessage-aausma"><strong style="color:#18a81f"><small>☆</small><span class="username" data-name="aausma">aausma</span>:</strong> <em>gg</em></div><div class="chat chatmessage-hematemesis"><strong style="color:#9412d5"><small> </small><span class="username" data-name="Hematemesis">Hematemesis</span>:</strong> <em>ight I can go now</em></div><div class="chat chatmessage-monotypenovariety mine"><strong style="color:#ba4973"><small>☆</small><span class="username" data-name="monotype=novariety">monotype=novariety</span>:</strong> <em>i'm a fan of dragonite</em></div><div class="chat chatmessage-aausma"><strong style="color:#18a81f"><small>☆</small><span class="username" data-name="aausma">aausma</span>:</strong> <em>dnite is crazy</em></div><div class="chat chatmessage-monotypenovariety mine"><strong style="color:#ba4973"><small>☆</small><span class="username" data-name="monotype=novariety">monotype=novariety</span>:</strong> <em>both forms :D</em></div></div><div class="inner-preempt message-log"></div></div></div>
</div>
<script>
let daily = Math.floor(Date.now()/1000/60/60/24);document.write('<script src="https://play.pokemonshowdown.com/js/replay-embed.js?version'+daily+'"></'+'script>');
</script>
