<!DOCTYPE html>
<meta charset="utf-8" />
<!-- version 1 -->
<title>[Gen 8] Megas for All replay: ASnomPlaysShowdown vs. FierceHawk192</title>
<style>
html,body {font-family:Verdana, sans-serif;font-size:10pt;margin:0;padding:0;}body{padding:12px 0;} .battle-log {font-family:Verdana, sans-serif;font-size:10pt;} .battle-log-inline {border:1px solid #AAAAAA;background:#EEF2F5;color:black;max-width:640px;margin:0 auto 80px;padding-bottom:5px;} .battle-log .inner {padding:4px 8px 0px 8px;} .battle-log .inner-preempt {padding:0 8px 4px 8px;} .battle-log .inner-after {margin-top:0.5em;} .battle-log h2 {margin:0.5em -8px;padding:4px 8px;border:1px solid #AAAAAA;background:#E0E7EA;border-left:0;border-right:0;font-family:Verdana, sans-serif;font-size:13pt;} .battle-log .chat {vertical-align:middle;padding:3px 0 3px 0;font-size:8pt;} .battle-log .chat strong {color:#40576A;} .battle-log .chat em {padding:1px 4px 1px 3px;color:#000000;font-style:normal;} .chat.mine {background:rgba(0,0,0,0.05);margin-left:-8px;margin-right:-8px;padding-left:8px;padding-right:8px;} .spoiler {color:#BBBBBB;background:#BBBBBB;padding:0px 3px;} .spoiler:hover, .spoiler:active, .spoiler-shown {color:#000000;background:#E2E2E2;padding:0px 3px;} .spoiler a {color:#BBBBBB;} .spoiler:hover a, .spoiler:active a, .spoiler-shown a {color:#2288CC;} .chat code, .chat .spoiler:hover code, .chat .spoiler:active code, .chat .spoiler-shown code {border:1px solid #C0C0C0;background:#EEEEEE;color:black;padding:0 2px;} .chat .spoiler code {border:1px solid #CCCCCC;background:#CCCCCC;color:#CCCCCC;} .battle-log .rated {padding:3px 4px;} .battle-log .rated strong {color:white;background:#89A;padding:1px 4px;border-radius:4px;} .spacer {margin-top:0.5em;} .message-announce {background:#6688AA;color:white;padding:1px 4px 2px;} .message-announce a, .broadcast-green a, .broadcast-blue a, .broadcast-red a {color:#DDEEFF;} .broadcast-green {background-color:#559955;color:white;padding:2px 4px;} .broadcast-blue {background-color:#6688AA;color:white;padding:2px 4px;} .infobox {border:1px solid #6688AA;padding:2px 4px;} .infobox-limited {max-height:200px;overflow:auto;overflow-x:hidden;} .broadcast-red {background-color:#AA5544;color:white;padding:2px 4px;} .message-learn-canlearn {font-weight:bold;color:#228822;text-decoration:underline;} .message-learn-cannotlearn {font-weight:bold;color:#CC2222;text-decoration:underline;} .message-effect-weak {font-weight:bold;color:#CC2222;} .message-effect-resist {font-weight:bold;color:#6688AA;} .message-effect-immune {font-weight:bold;color:#666666;} .message-learn-list {margin-top:0;margin-bottom:0;} .message-throttle-notice, .message-error {color:#992222;} .message-overflow, .chat small.message-overflow {font-size:0pt;} .message-overflow::before {font-size:9pt;content:'...';} .subtle {color:#3A4A66;}
</style>
<div class="wrapper replay-wrapper" style="max-width:1180px;margin:0 auto">
<input type="hidden" name="replayid" value="dragonheaven-gen8megasforall-303-dvj6bxktucezhhto9dt0mv4if2f4x3ppw" />
<div class="battle"></div><div class="battle-log"></div><div class="replay-controls"></div><div class="replay-controls-2"></div>
<h1 style="font-weight:normal;text-align:center"><strong>[Gen 8] Megas for All</strong><br /><a href="http://pokemonshowdown.com/users/asnomplaysshowdown" class="subtle" target="_blank">ASnomPlaysShowdown</a> vs. <a href="http://pokemonshowdown.com/users/fiercehawk192" class="subtle" target="_blank">FierceHawk192</a></h1>
<script type="text/plain" class="battle-log-data">|j|☆ASnomPlaysShowdown
|j|☆FierceHawk192
|t:|1630781592
|player|p1|ASnomPlaysShowdown|acetrainer|
|player|p2|FierceHawk192|pokemonranger|
|teamsize|p1|6
|teamsize|p2|6
|gametype|singles
|gen|8
|tier|[Gen 8] Megas for All
|clearpoke
|poke|p1|Lycanroc, M|
|poke|p1|Buzzwole|
|poke|p1|Seismitoad, F|
|poke|p1|Chandelure, F|
|poke|p1|Zygarde-10%|
|poke|p1|Monferno, F|
|poke|p2|Ninetales-Alola, F|
|poke|p2|Scizor, F|
|poke|p2|Raboot, F|
|poke|p2|Sawsbuck-Winter, F|
|poke|p2|Clawitzer, F|
|poke|p2|Garchomp, F|
|rule|HP Percentage Mod: HP is shown in percentages
|rule|Endless Battle Clause: Forcing endless battles is banned
|rule|OHKO Clause: OHKO moves are banned
|rule|Evasion Moves Clause: Evasion moves are banned
|rule|Species Clause: Limit one of each Pokémon
|rule|Dynamax Clause: You cannot dynamax
|rule|Sleep Clause Mod: Limit one foe put to sleep
|rule|Freeze Clause Mod: Limit one foe frozen
|raw|<img src="https:\/\/www.smogon.com\/forums\/attachments\/banner_2-png.302358\/" height="65" width="381">
|-message|Welcome to Megas for All!
|-message|This is a National Dex-based format where we aim to give a new Mega Evolution to every Pokémon.
|-message|Just like any official format, you can still only Mega Evolve one Pokémon per team!
|-message|You can find our thread and metagame resources here:
|-message|https:\/\/www.smogon.com\/forums\/threads\/3671140\/
|teampreview
|c|☆FierceHawk192|sorry for the wait
|c|☆FierceHawk192|glhf
|c|☆ASnomPlaysShowdown|it's alright
|
|t:|1630781620
|start
|switch|p1a: Monferno|Monferno, F|100\/100
|switch|p2a: Ninetales-Alola-Me|Ninetales-Alola, F, shiny|100\/100
|-weather|Hail|[from] ability: Snow Warning|[of] p2a: Ninetales-Alola-Me
|turn|1
|
|t:|1630781646
|detailschange|p2a: Ninetales-Alola-Me|Ninetales-Alola-Mega, F, shiny
|-mega|p2a: Ninetales-Alola-Me|Ninetales|Ninetalesite
|-start|p2a: Ninetales-Alola-Me|typechange|Ice\/Fairy|[silent]
|raw|<ul class="utilichart"><li class="result"><span class="col pokemonnamecol" style="white-space: nowrap">Ninetales-Alola-Mega<\/span> <span class="col typecol"><img src="https:\/\/play.pokemonshowdown.com\/sprites\/types\/Ice.png" alt="Ice" height="14" width="32"><img src="https:\/\/play.pokemonshowdown.com\/sprites\/types\/Fairy.png" alt="Fairy" height="14" width="32"><\/span> <span style="float: left ; min-height: 26px"><span class="col abilitycol">Everlasting Winter<\/span><span class="col abilitycol"><\/span><\/span><span style="float: left ; min-height: 26px"><span class="col statcol"><em>HP<\/em><br>73<\/span> <span class="col statcol"><em>Atk<\/em><br>67<\/span> <span class="col statcol"><em>Def<\/em><br>115<\/span> <span class="col statcol"><em>SpA<\/em><br>81<\/span> <span class="col statcol"><em>SpD<\/em><br>130<\/span> <span class="col statcol"><em>Spe<\/em><br>139<\/span> <\/span><\/li><li style="clear: both"><\/li><\/ul>
|move|p2a: Ninetales-Alola-Me|Aurora Veil|p2a: Ninetales-Alola-Me
|-sidestart|p2: FierceHawk192|move: Aurora Veil
|move|p1a: Monferno|U-turn|p2a: Ninetales-Alola-Me
|-resisted|p2a: Ninetales-Alola-Me
|-damage|p2a: Ninetales-Alola-Me|95\/100
|
|t:|1630781668
|switch|p1a: Zygarde|Zygarde-10%|100\/100|[from]move: U-turn
|-ability|p1a: Zygarde|Aura Break
|
|-weather|Hail|[upkeep]
|-damage|p1a: Zygarde|94\/100|[from] Hail
|upkeep
|turn|2
|
|t:|1630781672
|move|p1a: Zygarde|Iron Tail|p2a: Ninetales-Alola-Me
|-supereffective|p2a: Ninetales-Alola-Me
|-crit|p2a: Ninetales-Alola-Me
|-damage|p2a: Ninetales-Alola-Me|0 fnt
|faint|p2a: Ninetales-Alola-Me
|-weather|none
|
|upkeep
|
|t:|1630781676
|switch|p2a: Sawsbuck|Sawsbuck-Winter, F|100\/100
|turn|3
|
|t:|1630781700
|switch|p1a: Monferno|Monferno, F|100\/100
|move|p2a: Sawsbuck|Icicle Crash|p1a: Monferno
|-resisted|p1a: Monferno
|-damage|p1a: Monferno|91\/100
|
|upkeep
|turn|4
|c|☆FierceHawk192|I wonder if the crit was necessary
|c|☆ASnomPlaysShowdown|probably not
|
|t:|1630781712
|switch|p2a: Clawitzer|Clawitzer, F, shiny|100\/100
|move|p1a: Monferno|Flare Blitz|p2a: Clawitzer
|-resisted|p2a: Clawitzer
|-damage|p2a: Clawitzer|86\/100
|-damage|p1a: Monferno|86\/100|[from] Recoil
|
|upkeep
|turn|5
|c|☆FierceHawk192|yeah
|
|t:|1630781717
|move|p2a: Clawitzer|Flip Turn|p1a: Monferno
|-supereffective|p1a: Monferno
|-damage|p1a: Monferno|56\/100
|
|t:|1630781720
|switch|p2a: Garchomp|Garchomp, F, shiny|100\/100|[from]move: Flip Turn
|move|p1a: Monferno|U-turn|p2a: Garchomp
|-damage|p2a: Garchomp|92\/100
|-damage|p1a: Monferno|43\/100|[from] ability: Rough Skin|[of] p2a: Garchomp
|-damage|p1a: Monferno|27\/100|[from] item: Rocky Helmet|[of] p2a: Garchomp
|
|t:|1630781730
|switch|p1a: Zygarde|Zygarde-10%|94\/100|[from]move: U-turn
|-ability|p1a: Zygarde|Aura Break
|
|-sideend|p2: FierceHawk192|move: Aurora Veil
|upkeep
|turn|6
|
|t:|1630781733
|move|p1a: Zygarde|Outrage|p2a: Garchomp
|-supereffective|p2a: Garchomp
|-damage|p2a: Garchomp|0 fnt
|-damage|p1a: Zygarde|82\/100|[from] ability: Rough Skin|[of] p2a: Garchomp
|-damage|p1a: Zygarde|65\/100|[from] item: Rocky Helmet|[of] p2a: Garchomp
|faint|p2a: Garchomp
|
|upkeep
|
|t:|1630781736
|switch|p2a: Sawsbuck|Sawsbuck-Winter, F|100\/100
|turn|7
|
|t:|1630781739
|move|p1a: Zygarde|Outrage|p2a: Sawsbuck|[from]lockedmove
|-damage|p2a: Sawsbuck|19\/100
|move|p2a: Sawsbuck|Icicle Crash|p1a: Zygarde
|-supereffective|p1a: Zygarde
|-damage|p1a: Zygarde|0 fnt
|faint|p1a: Zygarde
|
|upkeep
|
|t:|1630781754
|switch|p1a: Lycanroc|Lycanroc, M|100\/100
|turn|8
|
|t:|1630781758
|switch|p2a: Scizor|Scizor, F|100\/100
|detailschange|p1a: Lycanroc|Lycanroc-Mega, M
|-mega|p1a: Lycanroc|Lycanroc|Lycanite
|-start|p1a: Lycanroc|typechange|Rock\/Normal|[silent]
|raw|<ul class="utilichart"><li class="result"><span class="col pokemonnamecol" style="white-space: nowrap">Lycanroc-Mega<\/span> <span class="col typecol"><img src="https:\/\/play.pokemonshowdown.com\/sprites\/types\/Rock.png" alt="Rock" height="14" width="32"><img src="https:\/\/play.pokemonshowdown.com\/sprites\/types\/Normal.png" alt="Normal" height="14" width="32"><\/span> <span style="float: left ; min-height: 26px"><span class="col abilitycol">Down-to-Earth<\/span><span class="col abilitycol"><\/span><\/span><span style="float: left ; min-height: 26px"><span class="col statcol"><em>HP<\/em><br>75<\/span> <span class="col statcol"><em>Atk<\/em><br>130<\/span> <span class="col statcol"><em>Def<\/em><br>115<\/span> <span class="col statcol"><em>SpA<\/em><br>55<\/span> <span class="col statcol"><em>SpD<\/em><br>75<\/span> <span class="col statcol"><em>Spe<\/em><br>137<\/span> <\/span><\/li><li style="clear: both"><\/li><\/ul>
|move|p1a: Lycanroc|Extreme Speed|p2a: Scizor
|-resisted|p2a: Scizor
|-damage|p2a: Scizor|77\/100
|
|upkeep
|turn|9
|
|t:|1630781770
|switch|p1a: Chandelure|Chandelure, F|100\/100
|move|p2a: Scizor|Agility|p2a: Scizor
|-boost|p2a: Scizor|spe|2
|
|upkeep
|turn|10
|
|t:|1630781778
|switch|p2a: Clawitzer|Clawitzer, F, shiny|86\/100
|move|p1a: Chandelure|Fire Blast|p2a: Clawitzer|[miss]
|-miss|p1a: Chandelure|p2a: Clawitzer
|
|upkeep
|turn|11
|
|t:|1630781786
|switch|p2a: Scizor|Scizor, F|77\/100
|switch|p1a: Seismitoad|Seismitoad, F|100\/100
|
|upkeep
|turn|12
|
|t:|1630781798
|move|p2a: Scizor|Dual Wingbeat|p1a: Seismitoad
|-damage|p1a: Seismitoad|85\/100
|-damage|p1a: Seismitoad|70\/100
|-hitcount|p1a: Seismitoad|2
|move|p1a: Seismitoad|Scald|p2a: Scizor
|-damage|p2a: Scizor|46\/100
|-status|p2a: Scizor|brn
|
|-heal|p1a: Seismitoad|76\/100|[from] item: Leftovers
|-damage|p2a: Scizor|40\/100 brn|[from] brn
|upkeep
|turn|13
|
|t:|1630781819
|-zpower|p2a: Scizor
|move|p2a: Scizor|Corkscrew Crash|p1a: Seismitoad|[zeffect]
|-resisted|p1a: Seismitoad
|-damage|p1a: Seismitoad|62\/100
|move|p1a: Seismitoad|Scald|p2a: Scizor
|-damage|p2a: Scizor|9\/100 brn
|
|-heal|p1a: Seismitoad|68\/100|[from] item: Leftovers
|-damage|p2a: Scizor|3\/100 brn|[from] brn
|upkeep
|turn|14
|j| exploziff
|j| Paul(Paulluxx)

|
|t:|1630781880
|switch|p1a: Lycanroc|Lycanroc-Mega, M|100\/100
|-start|p1a: Lycanroc|typechange|Rock\/Normal|[silent]
|move|p2a: Scizor|Bug Bite|p1a: Lycanroc
|-damage|p1a: Lycanroc|75\/100
|
|-damage|p2a: Scizor|0 fnt|[from] brn
|faint|p2a: Scizor
|upkeep
|
|t:|1630781888
|switch|p2a: Clawitzer|Clawitzer, F, shiny|86\/100
|turn|15
|
|t:|1630781892
|switch|p1a: Seismitoad|Seismitoad, F|68\/100
|move|p2a: Clawitzer|Flip Turn|p1a: Seismitoad
|-damage|p1a: Seismitoad|53\/100
|
|t:|1630781894
|switch|p2a: Sawsbuck|Sawsbuck-Winter, F|19\/100|[from]move: Flip Turn
|
|-heal|p1a: Seismitoad|59\/100|[from] item: Leftovers
|upkeep
|turn|16
|
|t:|1630781898
|switch|p1a: Buzzwole|Buzzwole|100\/100
|move|p2a: Sawsbuck|Horn Leech|p1a: Buzzwole
|-resisted|p1a: Buzzwole
|-damage|p1a: Buzzwole|95\/100
|-heal|p2a: Sawsbuck|23\/100|[from] drain|[of] p1a: Buzzwole
|
|-heal|p1a: Buzzwole|100\/100|[from] item: Leftovers
|upkeep
|turn|17
|
|t:|1630781904
|switch|p2a: Clawitzer|Clawitzer, F, shiny|86\/100
|move|p1a: Buzzwole|Drain Punch|p2a: Clawitzer
|-damage|p2a: Clawitzer|45\/100
|
|upkeep
|turn|18
|
|t:|1630781912
|switch|p2a: Raboot|Raboot, F|100\/100
|move|p1a: Buzzwole|Drain Punch|p2a: Raboot
|-damage|p2a: Raboot|34\/100
|
|upkeep
|turn|19
|
|t:|1630781917
|switch|p1a: Monferno|Monferno, F|27\/100
|move|p2a: Raboot|Blaze Kick|p1a: Monferno
|-resisted|p1a: Monferno
|-damage|p1a: Monferno|9\/100
|
|upkeep
|turn|20
|
|t:|1630781924
|move|p1a: Monferno|Fake Out|p2a: Raboot
|-damage|p2a: Raboot|13\/100
|cant|p2a: Raboot|flinch
|
|upkeep
|turn|21
|
|t:|1630781932
|switch|p1a: Seismitoad|Seismitoad, F|59\/100
|move|p2a: Raboot|Sucker Punch||[still]
|-fail|p2a: Raboot
|
|-heal|p1a: Seismitoad|65\/100|[from] item: Leftovers
|upkeep
|turn|22
|
|t:|1630781939
|move|p2a: Raboot|Acrobatics|p1a: Seismitoad
|-start|p2a: Raboot|typechange|Flying|[from] ability: Libero
|-damage|p1a: Seismitoad|45\/100
|move|p1a: Seismitoad|Toxic|p2a: Raboot
|-status|p2a: Raboot|tox
|
|-heal|p1a: Seismitoad|51\/100|[from] item: Leftovers
|-damage|p2a: Raboot|7\/100 tox|[from] psn
|upkeep
|turn|23
|
|t:|1630781946
|switch|p1a: Monferno|Monferno, F|9\/100
|move|p2a: Raboot|Blaze Kick|p1a: Monferno
|-start|p2a: Raboot|typechange|Fire|[from] ability: Libero
|-resisted|p1a: Monferno
|-damage|p1a: Monferno|0 fnt
|faint|p1a: Monferno
|
|-damage|p2a: Raboot|0 fnt|[from] psn
|faint|p2a: Raboot
|upkeep
|
|t:|1630781954
|switch|p2a: Clawitzer|Clawitzer, F, shiny|45\/100
|switch|p1a: Lycanroc|Lycanroc-Mega, M|75\/100
|-start|p1a: Lycanroc|typechange|Rock\/Normal|[silent]
|turn|24
|c| Paul(Paulluxx)|raboot
|
|t:|1630781957
|move|p1a: Lycanroc|Extreme Speed|p2a: Clawitzer
|-crit|p2a: Clawitzer
|-damage|p2a: Clawitzer|0 fnt
|faint|p2a: Clawitzer
|
|upkeep
|c| Paul(Paulluxx)|more like
|c| Paul(Paulluxx)|the goat
|
|t:|1630781962
|switch|p2a: Sawsbuck|Sawsbuck-Winter, F|23\/100
|turn|25
|
|t:|1630781969
|move|p1a: Lycanroc|Extreme Speed|p2a: Sawsbuck
|-damage|p2a: Sawsbuck|0 fnt
|faint|p2a: Sawsbuck
|
|win|ASnomPlaysShowdown
|c|☆ASnomPlaysShowdown|gg</script>
</div>
<div class="battle-log battle-log-inline"><div class="inner"><div class="battle-options"><div style="padding-top: 3px; padding-right: 3px; text-align: right"><button class="icon button" name="openBattleOptions" title="Options">Battle Options</button></div></div><div class="inner message-log"><div class="chat"><small>☆ASnomPlaysShowdown and ☆FierceHawk192 joined</small></div><div class=""><small>Format:</small> <br><strong>[Gen 8] Megas for All</strong></div><div class=""><small><em>HP Percentage Mod:</em> HP is shown in percentages</small></div><div class=""><small><em>Endless Battle Clause:</em> Forcing endless battles is banned</small></div><div class=""><small><em>OHKO Clause:</em> OHKO moves are banned</small></div><div class=""><small><em>Evasion Moves Clause:</em> Evasion moves are banned</small></div><div class=""><small><em>Species Clause:</em> Limit one of each Pokémon</small></div><div class=""><small><em>Dynamax Clause:</em> You cannot dynamax</small></div><div class=""><small><em>Sleep Clause Mod:</em> Limit one foe put to sleep</small></div><div class=""><small><em>Freeze Clause Mod:</em> Limit one foe frozen</small></div><div class="chat"><img src="https://www.smogon.com/forums/attachments/banner_2-png.302358/" width="381" height="65"></div><div class="spacer battle-history"><br></div><div class="battle-history"><small>Welcome to Megas for All!</small><br></div><div class="battle-history"><small>This is a National Dex-based format where we aim to give a new Mega Evolution to every Pokémon.</small><br></div><div class="battle-history"><small>Just like any official format, you can still only Mega Evolve one Pokémon per team!</small><br></div><div class="battle-history"><small>You can find our thread and metagame resources here:</small><br></div><div class="battle-history"><small>https://www.smogon.com/forums/threads/3671140/</small><br></div><div class="chat battle-history"><strong>ASnomPlaysShowdown's team:</strong> <em style="color:#445566;display:block;">Lycanroc / Buzzwole / Seismitoad / Chandelure / Zygarde-10% / Monferno</em></div><div class="chat battle-history"><strong>FierceHawk192's team:</strong> <em style="color:#445566;display:block;">Ninetales-Alola / Scizor / Raboot / Sawsbuck-Winter / Clawitzer / Garchomp</em></div><div class="chat chatmessage-fiercehawk192"><strong style="color:#10a683"><small>☆</small><span class="username" data-name="FierceHawk192">FierceHawk192</span>:</strong> <em>sorry for the wait</em></div><div class="chat chatmessage-fiercehawk192"><strong style="color:#10a683"><small>☆</small><span class="username" data-name="FierceHawk192">FierceHawk192</span>:</strong> <em>glhf</em></div><div class="chat chatmessage-asnomplaysshowdown"><strong style="color:#1bb1b6"><small>☆</small><span class="username" data-name="ASnomPlaysShowdown">ASnomPlaysShowdown</span>:</strong> <em>it's alright</em></div><div class="spacer battle-history"><br></div><div class="battle-history">Battle started between ASnomPlaysShowdown and FierceHawk192!<br></div><div class="spacer battle-history"><br></div><div class="battle-history">Go! <strong>Monferno</strong>!<br></div><div class="spacer battle-history"><br></div><div class="battle-history">FierceHawk192 sent out Ninetales-Alola-Me (<strong>Ninetales-Alola</strong>)!<br></div><div class="battle-history">[The opposing Ninetales-Alola-Me's Snow Warning]<br><small>It started to hail!</small><br></div><div class="spacer battle-history"><br></div><h2 class="battle-history">Turn 1</h2><div class="spacer battle-history"><br></div><div class="battle-history"><small>The opposing Ninetales-Alola-Me's Ninetalesite is reacting to the Key Stone!</small><br>The opposing Ninetales-Alola-Me has Mega Evolved into Mega Ninetales!<br></div><div class="chat"><ul class="utilichart"><li class="result"><span class="col pokemonnamecol" style="white-space: nowrap">Ninetales-Alola-Mega</span> <span class="col typecol"><img src="https://play.pokemonshowdown.com/sprites/types/Ice.png" alt="Ice" width="32" height="14"><img src="https://play.pokemonshowdown.com/sprites/types/Fairy.png" alt="Fairy" width="32" height="14"></span> <span style="float: left ; min-height: 26px"><span class="col abilitycol">Everlasting Winter</span><span class="col abilitycol"></span></span><span style="float: left ; min-height: 26px"><span class="col statcol"><em>HP</em><br>73</span> <span class="col statcol"><em>Atk</em><br>67</span> <span class="col statcol"><em>Def</em><br>115</span> <span class="col statcol"><em>SpA</em><br>81</span> <span class="col statcol"><em>SpD</em><br>130</span> <span class="col statcol"><em>Spe</em><br>139</span> </span></li><li style="clear: both"></li></ul></div><div class="spacer battle-history"><br></div><div class="battle-history">The opposing Ninetales-Alola-Me used <strong>Aurora Veil</strong>!<br></div><div class="battle-history"><small>Aurora Veil made the opposing team stronger against physical and special moves!</small><br></div><div class="spacer battle-history"><br></div><div class="battle-history">Monferno used <strong>U-turn</strong>!<br></div><div class="battle-history"><small>It's not very effective...</small><br></div><div class="battle-history"><small>(The opposing Ninetales-Alola-Me lost 5% of its health!)</small><br></div><div class="spacer battle-history"><br></div><div class="battle-history">Monferno went back to ASnomPlaysShowdown!<br></div><div class="battle-history">Go! Zygarde (<strong>Zygarde-10%</strong>)!<br></div><div class="battle-history">[Zygarde's Aura Break]<br><small>Zygarde reversed all other Pokémon's auras!</small><br></div><div class="spacer battle-history"><br></div><div class="battle-history"><small>(The hail is crashing down.)</small><br></div><div class="battle-history"><small>Zygarde is buffeted by the hail!</small><br></div><div class="spacer battle-history"><br></div><h2 class="battle-history">Turn 2</h2><div class="spacer battle-history"><br></div><div class="battle-history">Zygarde used <strong>Iron Tail</strong>!<br></div><div class="battle-history"><small>It's super effective!</small><br></div><div class="battle-history"><small>A critical hit!</small><br></div><div class="battle-history"><small>(The opposing Ninetales-Alola-Me lost 95% of its health!)</small><br></div><div class="spacer battle-history"><br></div><div class="battle-history">The opposing Ninetales-Alola-Me fainted!<br></div><div class="battle-history"><small>The hail stopped.</small><br></div><div class="spacer battle-history"><br></div><div class="battle-history">FierceHawk192 sent out Sawsbuck (<strong>Sawsbuck-Winter</strong>)!<br></div><div class="spacer battle-history"><br></div><h2 class="battle-history">Turn 3</h2><div class="spacer battle-history"><br></div><div class="battle-history">Zygarde, come back!<br></div><div class="battle-history">Go! <strong>Monferno</strong>!<br></div><div class="spacer battle-history"><br></div><div class="battle-history">The opposing Sawsbuck used <strong>Icicle Crash</strong>!<br></div><div class="battle-history"><small>It's not very effective...</small><br></div><div class="battle-history"><small>(Monferno lost 9% of its health!)</small><br></div><div class="spacer battle-history"><br></div><h2 class="battle-history">Turn 4</h2><div class="chat chatmessage-fiercehawk192"><strong style="color:#10a683"><small>☆</small><span class="username" data-name="FierceHawk192">FierceHawk192</span>:</strong> <em>I wonder if the crit was necessary</em></div><div class="chat chatmessage-asnomplaysshowdown"><strong style="color:#1bb1b6"><small>☆</small><span class="username" data-name="ASnomPlaysShowdown">ASnomPlaysShowdown</span>:</strong> <em>probably not</em></div><div class="spacer battle-history"><br></div><div class="battle-history">FierceHawk192 withdrew Sawsbuck!<br></div><div class="battle-history">FierceHawk192 sent out <strong>Clawitzer</strong>!<br></div><div class="spacer battle-history"><br></div><div class="battle-history">Monferno used <strong>Flare Blitz</strong>!<br></div><div class="battle-history"><small>It's not very effective...</small><br></div><div class="battle-history"><small>(The opposing Clawitzer lost 14% of its health!)</small><br></div><div class="battle-history"><small>Monferno was damaged by the recoil!</small><br></div><div class="spacer battle-history"><br></div><h2 class="battle-history">Turn 5</h2><div class="chat chatmessage-fiercehawk192"><strong style="color:#10a683"><small>☆</small><span class="username" data-name="FierceHawk192">FierceHawk192</span>:</strong> <em>yeah</em></div><div class="spacer battle-history"><br></div><div class="battle-history">The opposing Clawitzer used <strong>Flip Turn</strong>!<br></div><div class="battle-history"><small>It's super effective!</small><br></div><div class="battle-history"><small>(Monferno lost 30% of its health!)</small><br></div><div class="spacer battle-history"><br></div><div class="battle-history">FierceHawk192 withdrew Clawitzer!<br></div><div class="battle-history">FierceHawk192 sent out <strong>Garchomp</strong>!<br></div><div class="spacer battle-history"><br></div><div class="battle-history">Monferno used <strong>U-turn</strong>!<br></div><div class="battle-history"><small>(The opposing Garchomp lost 8% of its health!)</small><br></div><div class="battle-history">[The opposing Garchomp's Rough Skin]<br><small>Monferno was hurt!</small><br></div><div class="battle-history"><small>Monferno was hurt by the Rocky Helmet!</small><br></div><div class="spacer battle-history"><br></div><div class="battle-history">Monferno went back to ASnomPlaysShowdown!<br></div><div class="battle-history">Go! Zygarde (<strong>Zygarde-10%</strong>)!<br></div><div class="battle-history">[Zygarde's Aura Break]<br><small>Zygarde reversed all other Pokémon's auras!</small><br></div><div class="spacer battle-history"><br></div><div class="battle-history"><small>The opposing team's Aurora Veil wore off!</small><br></div><div class="spacer battle-history"><br></div><h2 class="battle-history">Turn 6</h2><div class="spacer battle-history"><br></div><div class="battle-history">Zygarde used <strong>Outrage</strong>!<br></div><div class="battle-history"><small>It's super effective!</small><br></div><div class="battle-history"><small>(The opposing Garchomp lost 92% of its health!)</small><br></div><div class="battle-history">[The opposing Garchomp's Rough Skin]<br><small>Zygarde was hurt!</small><br></div><div class="battle-history"><small>Zygarde was hurt by the Rocky Helmet!</small><br></div><div class="spacer battle-history"><br></div><div class="battle-history">The opposing Garchomp fainted!<br></div><div class="spacer battle-history"><br></div><div class="battle-history">FierceHawk192 sent out Sawsbuck (<strong>Sawsbuck-Winter</strong>)!<br></div><div class="spacer battle-history"><br></div><h2 class="battle-history">Turn 7</h2><div class="spacer battle-history"><br></div><div class="battle-history">Zygarde used <strong>Outrage</strong>!<br></div><div class="battle-history"><small>(The opposing Sawsbuck lost 81% of its health!)</small><br></div><div class="spacer battle-history"><br></div><div class="battle-history">The opposing Sawsbuck used <strong>Icicle Crash</strong>!<br></div><div class="battle-history"><small>It's super effective!</small><br></div><div class="battle-history"><small>(Zygarde lost 65% of its health!)</small><br></div><div class="spacer battle-history"><br></div><div class="battle-history">Zygarde fainted!<br></div><div class="spacer battle-history"><br></div><div class="battle-history">Go! <strong>Lycanroc</strong>!<br></div><div class="spacer battle-history"><br></div><h2 class="battle-history">Turn 8</h2><div class="spacer battle-history"><br></div><div class="battle-history">FierceHawk192 withdrew Sawsbuck!<br></div><div class="battle-history">FierceHawk192 sent out <strong>Scizor</strong>!<br></div><div class="spacer battle-history"><br></div><div class="battle-history"><small>Lycanroc's Lycanite is reacting to the Key Stone!</small><br>Lycanroc has Mega Evolved into Mega Lycanroc!<br></div><div class="chat"><ul class="utilichart"><li class="result"><span class="col pokemonnamecol" style="white-space: nowrap">Lycanroc-Mega</span> <span class="col typecol"><img src="https://play.pokemonshowdown.com/sprites/types/Rock.png" alt="Rock" width="32" height="14"><img src="https://play.pokemonshowdown.com/sprites/types/Normal.png" alt="Normal" width="32" height="14"></span> <span style="float: left ; min-height: 26px"><span class="col abilitycol">Down-to-Earth</span><span class="col abilitycol"></span></span><span style="float: left ; min-height: 26px"><span class="col statcol"><em>HP</em><br>75</span> <span class="col statcol"><em>Atk</em><br>130</span> <span class="col statcol"><em>Def</em><br>115</span> <span class="col statcol"><em>SpA</em><br>55</span> <span class="col statcol"><em>SpD</em><br>75</span> <span class="col statcol"><em>Spe</em><br>137</span> </span></li><li style="clear: both"></li></ul></div><div class="spacer battle-history"><br></div><div class="battle-history">Lycanroc used <strong>Extreme Speed</strong>!<br></div><div class="battle-history"><small>It's not very effective...</small><br></div><div class="battle-history"><small>(The opposing Scizor lost 23% of its health!)</small><br></div><div class="spacer battle-history"><br></div><h2 class="battle-history">Turn 9</h2><div class="spacer battle-history"><br></div><div class="battle-history">Lycanroc, come back!<br></div><div class="battle-history">Go! <strong>Chandelure</strong>!<br></div><div class="spacer battle-history"><br></div><div class="battle-history">The opposing Scizor used <strong>Agility</strong>!<br></div><div class="battle-history"><small>The opposing Scizor's Speed rose sharply!</small><br></div><div class="spacer battle-history"><br></div><h2 class="battle-history">Turn 10</h2><div class="spacer battle-history"><br></div><div class="battle-history">FierceHawk192 withdrew Scizor!<br></div><div class="battle-history">FierceHawk192 sent out <strong>Clawitzer</strong>!<br></div><div class="spacer battle-history"><br></div><div class="battle-history">Chandelure used <strong>Fire Blast</strong>!<br></div><div class="battle-history"><small>The opposing Clawitzer avoided the attack!</small><br></div><div class="spacer battle-history"><br></div><h2 class="battle-history">Turn 11</h2><div class="spacer battle-history"><br></div><div class="battle-history">FierceHawk192 withdrew Clawitzer!<br></div><div class="battle-history">FierceHawk192 sent out <strong>Scizor</strong>!<br></div><div class="spacer battle-history"><br></div><div class="battle-history">Chandelure, come back!<br></div><div class="battle-history">Go! <strong>Seismitoad</strong>!<br></div><div class="spacer battle-history"><br></div><h2 class="battle-history">Turn 12</h2><div class="spacer battle-history"><br></div><div class="battle-history">The opposing Scizor used <strong>Dual Wingbeat</strong>!<br></div><div class="battle-history"><small>(Seismitoad lost 15% of its health!)</small><br></div><div class="battle-history"><small>(Seismitoad lost 15% of its health!)</small><br></div><div class="battle-history"><small>The Pokémon was hit 2 times!</small><br></div><div class="spacer battle-history"><br></div><div class="battle-history">Seismitoad used <strong>Scald</strong>!<br></div><div class="battle-history"><small>(The opposing Scizor lost 31% of its health!)</small><br></div><div class="battle-history"><small>The opposing Scizor was burned!</small><br></div><div class="spacer battle-history"><br></div><div class="battle-history"><small>Seismitoad restored a little HP using its Leftovers!</small><br></div><div class="battle-history"><small>The opposing Scizor was hurt by its burn!</small><br></div><div class="spacer battle-history"><br></div><h2 class="battle-history">Turn 13</h2><div class="spacer battle-history"><br></div><div class="battle-history"><small>The opposing Scizor surrounded itself with its Z-Power!</small><br></div><div class="spacer battle-history"><br></div><div class="battle-history"><small>The opposing Scizor unleashes its full-force Z-Move!</small><br>The opposing Scizor used <strong>Corkscrew Crash</strong>!<br></div><div class="battle-history"><small>It's not very effective...</small><br></div><div class="battle-history"><small>(Seismitoad lost 14% of its health!)</small><br></div><div class="spacer battle-history"><br></div><div class="battle-history">Seismitoad used <strong>Scald</strong>!<br></div><div class="battle-history"><small>(The opposing Scizor lost 31% of its health!)</small><br></div><div class="spacer battle-history"><br></div><div class="battle-history"><small>Seismitoad restored a little HP using its Leftovers!</small><br></div><div class="battle-history"><small>The opposing Scizor was hurt by its burn!</small><br></div><div class="spacer battle-history"><br></div><h2 class="battle-history">Turn 14</h2><div class="chat"><small> exploziff and  Paul(Paulluxx) joined</small></div><div class="spacer battle-history"><br></div><div class="battle-history">Seismitoad, come back!<br></div><div class="battle-history">Go! Lycanroc (<strong>Lycanroc-Mega</strong>)!<br></div><div class="spacer battle-history"><br></div><div class="battle-history">The opposing Scizor used <strong>Bug Bite</strong>!<br></div><div class="battle-history"><small>(Lycanroc lost 25% of its health!)</small><br></div><div class="spacer battle-history"><br></div><div class="battle-history"><small>The opposing Scizor was hurt by its burn!</small><br></div><div class="spacer battle-history"><br></div><div class="battle-history">The opposing Scizor fainted!<br></div><div class="spacer battle-history"><br></div><div class="battle-history">FierceHawk192 sent out <strong>Clawitzer</strong>!<br></div><div class="spacer battle-history"><br></div><h2 class="battle-history">Turn 15</h2><div class="spacer battle-history"><br></div><div class="battle-history">Lycanroc, come back!<br></div><div class="battle-history">Go! <strong>Seismitoad</strong>!<br></div><div class="spacer battle-history"><br></div><div class="battle-history">The opposing Clawitzer used <strong>Flip Turn</strong>!<br></div><div class="battle-history"><small>(Seismitoad lost 15% of its health!)</small><br></div><div class="spacer battle-history"><br></div><div class="battle-history">FierceHawk192 withdrew Clawitzer!<br></div><div class="battle-history">FierceHawk192 sent out Sawsbuck (<strong>Sawsbuck-Winter</strong>)!<br></div><div class="spacer battle-history"><br></div><div class="battle-history"><small>Seismitoad restored a little HP using its Leftovers!</small><br></div><div class="spacer battle-history"><br></div><h2 class="battle-history">Turn 16</h2><div class="spacer battle-history"><br></div><div class="battle-history">Seismitoad, come back!<br></div><div class="battle-history">Go! <strong>Buzzwole</strong>!<br></div><div class="spacer battle-history"><br></div><div class="battle-history">The opposing Sawsbuck used <strong>Horn Leech</strong>!<br></div><div class="battle-history"><small>It's not very effective...</small><br></div><div class="battle-history"><small>(Buzzwole lost 5% of its health!)</small><br></div><div class="battle-history"><small>Buzzwole had its energy drained!</small><br></div><div class="spacer battle-history"><br></div><div class="battle-history"><small>Buzzwole restored a little HP using its Leftovers!</small><br></div><div class="spacer battle-history"><br></div><h2 class="battle-history">Turn 17</h2><div class="spacer battle-history"><br></div><div class="battle-history">FierceHawk192 withdrew Sawsbuck!<br></div><div class="battle-history">FierceHawk192 sent out <strong>Clawitzer</strong>!<br></div><div class="spacer battle-history"><br></div><div class="battle-history">Buzzwole used <strong>Drain Punch</strong>!<br></div><div class="battle-history"><small>(The opposing Clawitzer lost 41% of its health!)</small><br></div><div class="spacer battle-history"><br></div><h2 class="battle-history">Turn 18</h2><div class="spacer battle-history"><br></div><div class="battle-history">FierceHawk192 withdrew Clawitzer!<br></div><div class="battle-history">FierceHawk192 sent out <strong>Raboot</strong>!<br></div><div class="spacer battle-history"><br></div><div class="battle-history">Buzzwole used <strong>Drain Punch</strong>!<br></div><div class="battle-history"><small>(The opposing Raboot lost 66% of its health!)</small><br></div><div class="spacer battle-history"><br></div><h2 class="battle-history">Turn 19</h2><div class="spacer battle-history"><br></div><div class="battle-history">Buzzwole, come back!<br></div><div class="battle-history">Go! <strong>Monferno</strong>!<br></div><div class="spacer battle-history"><br></div><div class="battle-history">The opposing Raboot used <strong>Blaze Kick</strong>!<br></div><div class="battle-history"><small>It's not very effective...</small><br></div><div class="battle-history"><small>(Monferno lost 18% of its health!)</small><br></div><div class="spacer battle-history"><br></div><h2 class="battle-history">Turn 20</h2><div class="spacer battle-history"><br></div><div class="battle-history">Monferno used <strong>Fake Out</strong>!<br></div><div class="battle-history"><small>(The opposing Raboot lost 21% of its health!)</small><br></div><div class="spacer battle-history"><br></div><div class="battle-history">The opposing Raboot flinched and couldn't move!<br></div><div class="spacer battle-history"><br></div><h2 class="battle-history">Turn 21</h2><div class="spacer battle-history"><br></div><div class="battle-history">Monferno, come back!<br></div><div class="battle-history">Go! <strong>Seismitoad</strong>!<br></div><div class="spacer battle-history"><br></div><div class="battle-history">The opposing Raboot used <strong>Sucker Punch</strong>!<br></div><div class="battle-history"><small>But it failed!</small><br></div><div class="spacer battle-history"><br></div><div class="battle-history"><small>Seismitoad restored a little HP using its Leftovers!</small><br></div><div class="spacer battle-history"><br></div><h2 class="battle-history">Turn 22</h2><div class="spacer battle-history"><br></div><div class="battle-history">The opposing Raboot used <strong>Acrobatics</strong>!<br></div><div class="battle-history">[The opposing Raboot's Libero]<br><small>The opposing Raboot's type changed to Flying!</small><br></div><div class="battle-history"><small>(Seismitoad lost 20% of its health!)</small><br></div><div class="spacer battle-history"><br></div><div class="battle-history">Seismitoad used <strong>Toxic</strong>!<br></div><div class="battle-history"><small>The opposing Raboot was badly poisoned!</small><br></div><div class="spacer battle-history"><br></div><div class="battle-history"><small>Seismitoad restored a little HP using its Leftovers!</small><br></div><div class="battle-history"><small>The opposing Raboot was hurt by poison!</small><br></div><div class="spacer battle-history"><br></div><h2 class="battle-history">Turn 23</h2><div class="spacer battle-history"><br></div><div class="battle-history">Seismitoad, come back!<br></div><div class="battle-history">Go! <strong>Monferno</strong>!<br></div><div class="spacer battle-history"><br></div><div class="battle-history">The opposing Raboot used <strong>Blaze Kick</strong>!<br></div><div class="battle-history">[The opposing Raboot's Libero]<br><small>The opposing Raboot's type changed to Fire!</small><br></div><div class="battle-history"><small>It's not very effective...</small><br></div><div class="battle-history"><small>(Monferno lost 9% of its health!)</small><br></div><div class="spacer battle-history"><br></div><div class="battle-history">Monferno fainted!<br></div><div class="spacer battle-history"><br></div><div class="battle-history"><small>The opposing Raboot was hurt by poison!</small><br></div><div class="spacer battle-history"><br></div><div class="battle-history">The opposing Raboot fainted!<br></div><div class="spacer battle-history"><br></div><div class="battle-history">FierceHawk192 sent out <strong>Clawitzer</strong>!<br></div><div class="spacer battle-history"><br></div><div class="battle-history">Go! Lycanroc (<strong>Lycanroc-Mega</strong>)!<br></div><div class="spacer battle-history"><br></div><h2 class="battle-history">Turn 24</h2><div class="chat chatmessage-paulpaulluxx mine"><strong style="color:#17849a"><small> </small><span class="username" data-name="Paul(Paulluxx)">Paul(Paulluxx)</span>:</strong> <em>raboot</em></div><div class="spacer battle-history"><br></div><div class="battle-history">Lycanroc used <strong>Extreme Speed</strong>!<br></div><div class="battle-history"><small>A critical hit!</small><br></div><div class="battle-history"><small>(The opposing Clawitzer lost 45% of its health!)</small><br></div><div class="spacer battle-history"><br></div><div class="battle-history">The opposing Clawitzer fainted!<br></div><div class="chat chatmessage-paulpaulluxx mine"><strong style="color:#17849a"><small> </small><span class="username" data-name="Paul(Paulluxx)">Paul(Paulluxx)</span>:</strong> <em>more like</em></div><div class="chat chatmessage-paulpaulluxx mine"><strong style="color:#17849a"><small> </small><span class="username" data-name="Paul(Paulluxx)">Paul(Paulluxx)</span>:</strong> <em>the goat</em></div><div class="spacer battle-history"><br></div><div class="battle-history">FierceHawk192 sent out Sawsbuck (<strong>Sawsbuck-Winter</strong>)!<br></div><div class="spacer battle-history"><br></div><h2 class="battle-history">Turn 25</h2><div class="spacer battle-history"><br></div><div class="battle-history">Lycanroc used <strong>Extreme Speed</strong>!<br></div><div class="battle-history"><small>(The opposing Sawsbuck lost 23% of its health!)</small><br></div><div class="spacer battle-history"><br></div><div class="battle-history">The opposing Sawsbuck fainted!<br></div><div class="spacer battle-history"><br></div><div class="battle-history"><strong>ASnomPlaysShowdown</strong> won the battle!<br></div><div class="chat chatmessage-asnomplaysshowdown"><strong style="color:#1bb1b6"><small>☆</small><span class="username" data-name="ASnomPlaysShowdown">ASnomPlaysShowdown</span>:</strong> <em>gg</em></div></div><div class="inner-preempt message-log"></div></div></div>
</div>
<script>
let daily = Math.floor(Date.now()/1000/60/60/24);document.write('<script src="https://dragonheaven.herokuapp.com/js/replay-embed.js?version'+daily+'"></'+'script>');
</script>
