<!DOCTYPE html>
<meta charset="utf-8" />
<!-- version 1 -->
<title>[Gen 8] M4A VGC replay: Sticky Fingaa vs. SimpyShrimp</title>
<style>
html,body {font-family:Verdana, sans-serif;font-size:10pt;margin:0;padding:0;}body{padding:12px 0;} .battle-log {font-family:Verdana, sans-serif;font-size:10pt;} .battle-log-inline {border:1px solid #AAAAAA;background:#EEF2F5;color:black;max-width:640px;margin:0 auto 80px;padding-bottom:5px;} .battle-log .inner {padding:4px 8px 0px 8px;} .battle-log .inner-preempt {padding:0 8px 4px 8px;} .battle-log .inner-after {margin-top:0.5em;} .battle-log h2 {margin:0.5em -8px;padding:4px 8px;border:1px solid #AAAAAA;background:#E0E7EA;border-left:0;border-right:0;font-family:Verdana, sans-serif;font-size:13pt;} .battle-log .chat {vertical-align:middle;padding:3px 0 3px 0;font-size:8pt;} .battle-log .chat strong {color:#40576A;} .battle-log .chat em {padding:1px 4px 1px 3px;color:#000000;font-style:normal;} .chat.mine {background:rgba(0,0,0,0.05);margin-left:-8px;margin-right:-8px;padding-left:8px;padding-right:8px;} .spoiler {color:#BBBBBB;background:#BBBBBB;padding:0px 3px;} .spoiler:hover, .spoiler:active, .spoiler-shown {color:#000000;background:#E2E2E2;padding:0px 3px;} .spoiler a {color:#BBBBBB;} .spoiler:hover a, .spoiler:active a, .spoiler-shown a {color:#2288CC;} .chat code, .chat .spoiler:hover code, .chat .spoiler:active code, .chat .spoiler-shown code {border:1px solid #C0C0C0;background:#EEEEEE;color:black;padding:0 2px;} .chat .spoiler code {border:1px solid #CCCCCC;background:#CCCCCC;color:#CCCCCC;} .battle-log .rated {padding:3px 4px;} .battle-log .rated strong {color:white;background:#89A;padding:1px 4px;border-radius:4px;} .spacer {margin-top:0.5em;} .message-announce {background:#6688AA;color:white;padding:1px 4px 2px;} .message-announce a, .broadcast-green a, .broadcast-blue a, .broadcast-red a {color:#DDEEFF;} .broadcast-green {background-color:#559955;color:white;padding:2px 4px;} .broadcast-blue {background-color:#6688AA;color:white;padding:2px 4px;} .infobox {border:1px solid #6688AA;padding:2px 4px;} .infobox-limited {max-height:200px;overflow:auto;overflow-x:hidden;} .broadcast-red {background-color:#AA5544;color:white;padding:2px 4px;} .message-learn-canlearn {font-weight:bold;color:#228822;text-decoration:underline;} .message-learn-cannotlearn {font-weight:bold;color:#CC2222;text-decoration:underline;} .message-effect-weak {font-weight:bold;color:#CC2222;} .message-effect-resist {font-weight:bold;color:#6688AA;} .message-effect-immune {font-weight:bold;color:#666666;} .message-learn-list {margin-top:0;margin-bottom:0;} .message-throttle-notice, .message-error {color:#992222;} .message-overflow, .chat small.message-overflow {font-size:0pt;} .message-overflow::before {font-size:9pt;content:'...';} .subtle {color:#3A4A66;}
</style>
<div class="wrapper replay-wrapper" style="max-width:1180px;margin:0 auto">
<input type="hidden" name="replayid" value="dragonheaven-gen8m4avgc-326" />
<div class="battle"></div><div class="battle-log"></div><div class="replay-controls"></div><div class="replay-controls-2"></div>
<h1 style="font-weight:normal;text-align:center"><strong>[Gen 8] M4A VGC</strong><br /><a href="http://pokemonshowdown.com/users/stickyfingaa" class="subtle" target="_blank">Sticky Fingaa</a> vs. <a href="http://pokemonshowdown.com/users/simpyshrimp" class="subtle" target="_blank">SimpyShrimp</a></h1>
<script type="text/plain" class="battle-log-data">|j|☆Sticky Fingaa
|j|☆SimpyShrimp

|t:|1630171407
|player|p1|Sticky Fingaa|roxie|
|player|p2|SimpyShrimp|guzma|
|teamsize|p1|6
|teamsize|p2|6
|gametype|doubles
|gen|8
|tier|[Gen 8] M4A VGC
|clearpoke
|poke|p1|Whimsicott, L50, F|
|poke|p1|Volcarona, L50, F|
|poke|p1|Golduck, L50, M|
|poke|p1|Kommo-o, L50, M|
|poke|p1|Gothitelle, L50, M|
|poke|p1|Tapu Koko, L50|
|poke|p2|Dragalge, L50, M|
|poke|p2|Hawlucha, L50, M|
|poke|p2|Raichu, L50, F|
|poke|p2|Blastoise, L50, M|
|poke|p2|Indeedee-F, L50, F|
|poke|p2|Togekiss, L50, M|
|rule|Species Clause: Limit one of each Pokémon
|rule|Item Clause: Limit one of each item
|rule|Dynamax Clause: You cannot dynamax
|raw|<img src="https:\/\/www.smogon.com\/forums\/attachments\/banner_2-png.302358\/" height="65" width="381">
|-message|Welcome to Megas for All!
|-message|This is a National Dex-based format where we aim to give a new Mega Evolution to every Pokémon.
|-message|Just like any official format, you can still only Mega Evolve one Pokémon per team!
|-message|You can find our thread and metagame resources here:
|-message|https:\/\/www.smogon.com\/forums\/threads\/3671140\/
|teampreview|4
|c|☆Sticky Fingaa|hf
|j| analysis geek
|c|☆SimpyShrimp|lag so hard
|c|☆SimpyShrimp|glhf
|j| BlueRayVGC
|j| Woompersos
|c|☆SimpyShrimp|crit-chan
|c|☆SimpyShrimp|support me :)
|
|t:|1630171455
|start
|switch|p1a: Feel The Sunshine|Whimsicott, L50, F, shiny|48\/48
|switch|p1b: Tapu Koko|Tapu Koko, L50|48\/48
|switch|p2a: さようならキス|Togekiss, L50, M|183\/183
|switch|p2b: 油圧大砲|Blastoise, L50, M|154\/154
|-fieldstart|move: Electric Terrain|[from] ability: Electric Surge|[of] p1b: Tapu Koko
|turn|1
|j| macin-bita-tosh
|
|t:|1630171476
|move|p2a: さようならキス|Follow Me|p2a: さようならキス
|-singleturn|p2a: さようならキス|move: Follow Me
|move|p1a: Feel The Sunshine|Tailwind|p1a: Feel The Sunshine
|-sidestart|p1: Sticky Fingaa|move: Tailwind
|move|p1b: Tapu Koko|Light Screen|p1b: Tapu Koko
|-sidestart|p1: Sticky Fingaa|move: Light Screen
|move|p2b: 油圧大砲|Shell Smash|p2b: 油圧大砲
|-unboost|p2b: 油圧大砲|def|1
|-unboost|p2b: 油圧大砲|spd|1
|-boost|p2b: 油圧大砲|atk|2
|-boost|p2b: 油圧大砲|spa|2
|-boost|p2b: 油圧大砲|spe|2
|-enditem|p2b: 油圧大砲|White Herb
|-clearnegativeboost|p2b: 油圧大砲|[silent]
|
|upkeep
|turn|2
|
|t:|1630171496
|move|p2a: さようならキス|Follow Me|p2a: さようならキス
|-singleturn|p2a: さようならキス|move: Follow Me
|move|p1a: Feel The Sunshine|Encore|p2a: さようならキス
|-start|p2a: さようならキス|Encore
|move|p1b: Tapu Koko|Volt Switch|p2a: さようならキス
|-supereffective|p2a: さようならキス
|-damage|p2a: さようならキス|79\/183
|-enditem|p2a: さようならキス|Sitrus Berry|[eat]
|-heal|p2a: さようならキス|124\/183|[from] item: Sitrus Berry
|
|t:|1630171504
|switch|p1b: Golduck|Golduck, L50, M|48\/48|[from]move: Volt Switch
|-ability|p1b: Golduck|Cloud Nine
|move|p2b: 油圧大砲|Water Spout|p1b: Golduck|[spread] p1a,p1b
|-resisted|p1a: Feel The Sunshine
|-resisted|p1b: Golduck
|-damage|p1a: Feel The Sunshine|22\/48
|-damage|p1b: Golduck|30\/48
|
|upkeep
|turn|3
|
|t:|1630171523
|move|p2a: さようならキス|Follow Me|p2a: さようならキス
|-singleturn|p2a: さようならキス|move: Follow Me
|move|p1a: Feel The Sunshine|Moonblast|p2a: さようならキス
|-crit|p2a: さようならキス
|-damage|p2a: さようならキス|36\/183
|move|p1b: Golduck|Scald|p2a: さようならキス
|-damage|p2a: さようならキス|0 fnt
|faint|p2a: さようならキス
|move|p2b: 油圧大砲|Water Spout|p1b: Golduck|[spread] p1a,p1b
|-resisted|p1a: Feel The Sunshine
|-resisted|p1b: Golduck
|-damage|p1a: Feel The Sunshine|0 fnt
|-damage|p1b: Golduck|13\/48
|faint|p1a: Feel The Sunshine
|
|upkeep
|
|t:|1630171544
|switch|p1a: Solaris|Volcarona, L50, F, shiny|48\/48
|switch|p2a: 海藻|Dragalge, L50, M|172\/172
|turn|4
|
|t:|1630171553
|detailschange|p2a: 海藻|Dragalge-Mega, L50, M
|-mega|p2a: 海藻|Dragalge|Dragalgite
|-fieldstart|move: Acidic Terrain|[from] ability: Acidic Surge|[of] p2a: 海藻
|-message|Poison-type moves used by grounded Pokémon will have their power increased.
|-message|Grounded Steel-type Pokémon will also lose their immunity to Poison-type moves.
|-start|p2a: 海藻|typechange|Poison\/Dragon|[silent]
|raw|<ul class="utilichart"><li class="result"><span class="col pokemonnamecol" style="white-space: nowrap">Dragalge-Mega<\/span> <span class="col typecol"><img src="https:\/\/play.pokemonshowdown.com\/sprites\/types\/Poison.png" alt="Poison" height="14" width="32"><img src="https:\/\/play.pokemonshowdown.com\/sprites\/types\/Dragon.png" alt="Dragon" height="14" width="32"><\/span> <span style="float: left ; min-height: 26px"><span class="col abilitycol">Acidic Surge<\/span><span class="col abilitycol"><\/span><\/span><span style="float: left ; min-height: 26px"><span class="col statcol"><em>HP<\/em><br>65<\/span> <span class="col statcol"><em>Atk<\/em><br>95<\/span> <span class="col statcol"><em>Def<\/em><br>90<\/span> <span class="col statcol"><em>SpA<\/em><br>147<\/span> <span class="col statcol"><em>SpD<\/em><br>153<\/span> <span class="col statcol"><em>Spe<\/em><br>44<\/span> <\/span><\/li><li style="clear: both"><\/li><\/ul>
|move|p1b: Golduck|Simple Beam|p1a: Solaris
|-endability|p1a: Solaris|Flame Body|[from] move: Simple Beam
|-ability|p1a: Solaris|Simple|[from] move: Simple Beam
|move|p2b: 油圧大砲|Water Spout|p1a: Solaris|[spread] p1a,p1b
|-supereffective|p1a: Solaris
|-resisted|p1b: Golduck
|-damage|p1a: Solaris|0 fnt
|-damage|p1b: Golduck|0 fnt
|faint|p1a: Solaris
|faint|p1b: Golduck
|move|p2a: 海藻|Sludge Bomb|p1: Solaris|[notarget]
|-fail|p2a: 海藻
|
|-sideend|p1: Sticky Fingaa|move: Tailwind
|upkeep
|c|☆Sticky Fingaa|oh
|c|☆Sticky Fingaa|dang
|c|☆Sticky Fingaa|gg
|c|☆SimpyShrimp|gg
|-message|Sticky Fingaa forfeited.
|
|win|SimpyShrimp
|l|☆Sticky Fingaa
|l| macin-bita-tosh
|l| analysis geek
|l| BlueRayVGC</script>
</div>
<div class="battle-log battle-log-inline"><div class="inner"><div class="battle-options"><div style="padding-top: 3px; padding-right: 3px; text-align: right"><button class="icon button" name="openBattleOptions" title="Options">Battle Options</button></div></div><div class="inner message-log"><div class="chat"><small>☆Sticky Fingaa and ☆SimpyShrimp joined</small></div><div class=""><small>Format:</small> <br><strong>[Gen 8] M4A VGC</strong></div><div class=""><small><em>Species Clause:</em> Limit one of each Pokémon</small></div><div class=""><small><em>Item Clause:</em> Limit one of each item</small></div><div class=""><small><em>Dynamax Clause:</em> You cannot dynamax</small></div><div class="chat"><img src="https://www.smogon.com/forums/attachments/banner_2-png.302358/" height="65" width="381"></div><div class="spacer battle-history"><br></div><div class="battle-history"><small>Welcome to Megas for All!</small><br></div><div class="battle-history"><small>This is a National Dex-based format where we aim to give a new Mega Evolution to every Pokémon.</small><br></div><div class="battle-history"><small>Just like any official format, you can still only Mega Evolve one Pokémon per team!</small><br></div><div class="battle-history"><small>You can find our thread and metagame resources here:</small><br></div><div class="battle-history"><small>https://www.smogon.com/forums/threads/3671140/</small><br></div><div class="chat battle-history"><strong>Sticky Fingaa's team:</strong> <em style="color:#445566;display:block;">Whimsicott / Volcarona / Golduck / Kommo-o / Gothitelle / Tapu Koko</em></div><div class="chat battle-history"><strong>SimpyShrimp's team:</strong> <em style="color:#445566;display:block;">Dragalge / Hawlucha / Raichu / Blastoise / Indeedee-F / Togekiss</em></div><div class="chat chatmessage-stickyfingaa"><strong style="color:#e76311"><small>☆</small><span class="username" data-name="Sticky Fingaa">Sticky Fingaa</span>:</strong> <em>hf</em></div><div class="chat"><small> analysis geek joined</small></div><div class="chat chatmessage-simpyshrimp mine"><strong style="color:#ae6819"><small>☆</small><span class="username" data-name="SimpyShrimp">SimpyShrimp</span>:</strong> <em>lag so hard</em></div><div class="chat chatmessage-simpyshrimp mine"><strong style="color:#ae6819"><small>☆</small><span class="username" data-name="SimpyShrimp">SimpyShrimp</span>:</strong> <em>glhf</em></div><div class="chat"><small> BlueRayVGC and  Woompersos joined</small></div><div class="chat chatmessage-simpyshrimp mine"><strong style="color:#ae6819"><small>☆</small><span class="username" data-name="SimpyShrimp">SimpyShrimp</span>:</strong> <em>crit-chan</em></div><div class="chat chatmessage-simpyshrimp mine"><strong style="color:#ae6819"><small>☆</small><span class="username" data-name="SimpyShrimp">SimpyShrimp</span>:</strong> <em>support me :)</em></div><div class="spacer battle-history"><br></div><div class="battle-history">Battle started between Sticky Fingaa and SimpyShrimp!<br></div><div class="spacer battle-history"><br></div><div class="battle-history">Sticky Fingaa sent out Feel The Sunshine (<strong>Whimsicott</strong>)!<br></div><div class="spacer battle-history"><br></div><div class="battle-history">Sticky Fingaa sent out <strong>Tapu Koko</strong>!<br></div><div class="spacer battle-history"><br></div><div class="battle-history">Go! さようならキス (<strong>Togekiss</strong>)!<br></div><div class="spacer battle-history"><br></div><div class="battle-history">Go! 油圧大砲 (<strong>Blastoise</strong>)!<br></div><div class="battle-history">[The opposing Tapu Koko's Electric Surge]<br><small>An electric current ran across the battlefield!</small><br></div><div class="spacer battle-history"><br></div><h2 class="battle-history">Turn 1</h2><div class="chat"><small> macin-bita-tosh joined</small></div><div class="spacer battle-history"><br></div><div class="battle-history">さようならキス used <strong>Follow Me</strong>!<br></div><div class="battle-history"><small>さようならキス became the center of attention!</small><br></div><div class="spacer battle-history"><br></div><div class="battle-history">The opposing Feel The Sunshine used <strong>Tailwind</strong>!<br></div><div class="battle-history"><small>The Tailwind blew from behind the opposing team!</small><br></div><div class="spacer battle-history"><br></div><div class="battle-history">The opposing Tapu Koko used <strong>Light Screen</strong>!<br></div><div class="battle-history"><small>Light Screen made the opposing team stronger against special moves!</small><br></div><div class="spacer battle-history"><br></div><div class="battle-history">油圧大砲 used <strong>Shell Smash</strong>!<br></div><div class="battle-history"><small>油圧大砲's Defense fell!</small><br></div><div class="battle-history"><small>油圧大砲's Sp. Def fell!</small><br></div><div class="battle-history"><small>油圧大砲's Attack rose sharply!</small><br></div><div class="battle-history"><small>油圧大砲's Sp. Atk rose sharply!</small><br></div><div class="battle-history"><small>油圧大砲's Speed rose sharply!</small><br></div><div class="battle-history"><small>油圧大砲 returned its stats to normal using its White Herb!</small><br></div><div class="spacer battle-history"><br></div><h2 class="battle-history">Turn 2</h2><div class="spacer battle-history"><br></div><div class="battle-history">さようならキス used <strong>Follow Me</strong>!<br></div><div class="battle-history"><small>さようならキス became the center of attention!</small><br></div><div class="spacer battle-history"><br></div><div class="battle-history">The opposing Feel The Sunshine used <strong>Encore</strong>!<br></div><div class="battle-history"><small>さようならキス must do an encore!</small><br></div><div class="spacer battle-history"><br></div><div class="battle-history">The opposing Tapu Koko used <strong>Volt Switch</strong>!<br></div><div class="battle-history"><small>It's super effective!</small><br></div><div class="battle-history"><small>(さようならキス lost <abbr title="−104/183">56.8%</abbr> of its health!)</small><br></div><div class="battle-history"><small>(さようならキス ate its Sitrus Berry!)</small><br></div><div class="battle-history"><small>さようならキス restored HP using its Sitrus Berry!</small><br></div><div class="spacer battle-history"><br></div><div class="battle-history">The opposing Tapu Koko went back to Sticky Fingaa!<br></div><div class="battle-history">Sticky Fingaa sent out <strong>Golduck</strong>!<br></div><div class="battle-history">[The opposing Golduck's Cloud Nine]<br><small>The effects of the weather disappeared.</small><br></div><div class="spacer battle-history"><br></div><div class="battle-history">油圧大砲 used <strong>Water Spout</strong>!<br></div><div class="battle-history"><small>It's not very effective on the opposing Feel The Sunshine.</small><br></div><div class="battle-history"><small>It's not very effective on the opposing Golduck.</small><br></div><div class="battle-history"><small>(The opposing Feel The Sunshine lost <abbr title="−26/48 pixels">52.2–54.2%</abbr> of its health!)</small><br></div><div class="battle-history"><small>(The opposing Golduck lost <abbr title="−18/48 pixels">35.5–37.5%</abbr> of its health!)</small><br></div><div class="spacer battle-history"><br></div><h2 class="battle-history">Turn 3</h2><div class="spacer battle-history"><br></div><div class="battle-history">さようならキス used <strong>Follow Me</strong>!<br></div><div class="battle-history"><small>さようならキス became the center of attention!</small><br></div><div class="spacer battle-history"><br></div><div class="battle-history">The opposing Feel The Sunshine used <strong>Moonblast</strong>!<br></div><div class="battle-history"><small>A critical hit!</small><br></div><div class="battle-history"><small>(さようならキス lost <abbr title="−88/183">48.1%</abbr> of its health!)</small><br></div><div class="spacer battle-history"><br></div><div class="battle-history">The opposing Golduck used <strong>Scald</strong>!<br></div><div class="battle-history"><small>(さようならキス lost <abbr title="−36/183">19.7%</abbr> of its health!)</small><br></div><div class="spacer battle-history"><br></div><div class="battle-history">さようならキス fainted!<br></div><div class="battle-history">油圧大砲 used <strong>Water Spout</strong>!<br></div><div class="battle-history"><small>It's not very effective on the opposing Feel The Sunshine.</small><br></div><div class="battle-history"><small>It's not very effective on the opposing Golduck.</small><br></div><div class="battle-history"><small>(The opposing Feel The Sunshine lost <abbr title="−22/48 pixels">45.8–47.8%</abbr> of its health!)</small><br></div><div class="battle-history"><small>(The opposing Golduck lost <abbr title="−17/48 pixels">33.4–37.4%</abbr> of its health!)</small><br></div><div class="spacer battle-history"><br></div><div class="battle-history">The opposing Feel The Sunshine fainted!<br></div><div class="spacer battle-history"><br></div><div class="battle-history">Sticky Fingaa sent out Solaris (<strong>Volcarona</strong>)!<br></div><div class="spacer battle-history"><br></div><div class="battle-history">Go! 海藻 (<strong>Dragalge</strong>)!<br></div><div class="spacer battle-history"><br></div><h2 class="battle-history">Turn 4</h2><div class="spacer battle-history"><br></div><div class="battle-history"><small>海藻's Dragalgite is reacting to the Key Stone!</small><br>海藻 has Mega Evolved into Mega Dragalge!<br></div><div class="battle-history">[海藻's Acidic Surge]<br><small>(Acidic Terrain started!)</small><br></div><div class="battle-history"><small>Poison-type moves used by grounded Pokémon will have their power increased.</small><br></div><div class="battle-history"><small>Grounded Steel-type Pokémon will also lose their immunity to Poison-type moves.</small><br></div><div class="chat"><ul class="utilichart"><li class="result"><span class="col pokemonnamecol" style="white-space: nowrap">Dragalge-Mega</span> <span class="col typecol"><img src="https://play.pokemonshowdown.com/sprites/types/Poison.png" alt="Poison" height="14" width="32"><img src="https://play.pokemonshowdown.com/sprites/types/Dragon.png" alt="Dragon" height="14" width="32"></span> <span style="float: left ; min-height: 26px"><span class="col abilitycol">Acidic Surge</span><span class="col abilitycol"></span></span><span style="float: left ; min-height: 26px"><span class="col statcol"><em>HP</em><br>65</span> <span class="col statcol"><em>Atk</em><br>95</span> <span class="col statcol"><em>Def</em><br>90</span> <span class="col statcol"><em>SpA</em><br>147</span> <span class="col statcol"><em>SpD</em><br>153</span> <span class="col statcol"><em>Spe</em><br>44</span> </span></li><li style="clear: both"></li></ul></div><div class="spacer battle-history"><br></div><div class="battle-history">The opposing Golduck used <strong>Simple Beam</strong>!<br></div><div class="battle-history">[The opposing Solaris's Flame Body]<br></div><div class="battle-history">[The opposing Solaris's Simple]<br><small>The opposing Solaris acquired Simple!</small><br></div><div class="spacer battle-history"><br></div><div class="battle-history">油圧大砲 used <strong>Water Spout</strong>!<br></div><div class="battle-history"><small>It's super effective on the opposing Solaris!</small><br></div><div class="battle-history"><small>It's not very effective on the opposing Golduck.</small><br></div><div class="battle-history"><small>(The opposing Solaris lost <abbr title="−48/48 pixels">100%</abbr> of its health!)</small><br></div><div class="battle-history"><small>(The opposing Golduck lost <abbr title="−13/48 pixels">27.1–29.1%</abbr> of its health!)</small><br></div><div class="spacer battle-history"><br></div><div class="battle-history">The opposing Solaris fainted!<br></div><div class="battle-history">The opposing Golduck fainted!<br></div><div class="battle-history">海藻 used <strong>Sludge Bomb</strong>!<br></div><div class="battle-history"><small>But it failed!</small><br></div><div class="spacer battle-history"><br></div><div class="battle-history"><small>The opposing team's Tailwind petered out!</small><br></div><div class="chat chatmessage-stickyfingaa"><strong style="color:#e76311"><small>☆</small><span class="username" data-name="Sticky Fingaa">Sticky Fingaa</span>:</strong> <em>oh</em></div><div class="chat chatmessage-stickyfingaa"><strong style="color:#e76311"><small>☆</small><span class="username" data-name="Sticky Fingaa">Sticky Fingaa</span>:</strong> <em>dang</em></div><div class="chat chatmessage-stickyfingaa"><strong style="color:#e76311"><small>☆</small><span class="username" data-name="Sticky Fingaa">Sticky Fingaa</span>:</strong> <em>gg</em></div><div class="chat chatmessage-simpyshrimp mine"><strong style="color:#ae6819"><small>☆</small><span class="username" data-name="SimpyShrimp">SimpyShrimp</span>:</strong> <em>gg</em></div><div class="spacer battle-history"><br></div><div class="battle-history"><small>Sticky Fingaa forfeited.</small><br></div><div class="spacer battle-history"><br></div><div class="battle-history"><strong>SimpyShrimp</strong> won the battle!<br></div><div class="chat"><small>☆Sticky Fingaa,  macin-bita-tosh,  analysis geek, and  BlueRayVGC left</small></div></div><div class="inner-preempt message-log"></div></div></div>
</div>
<script>
let daily = Math.floor(Date.now()/1000/60/60/24);document.write('<script src="https://dragonheaven.herokuapp.com/js/replay-embed.js?version'+daily+'"></'+'script>');
</script>
