<!DOCTYPE html>
<meta charset="utf-8" />
<!-- version 1 -->
<title>[Gen 8] M4A Random Battle replay: BotwNerd745 vs. inkbug1</title>
<style>
html,body {font-family:Verdana, sans-serif;font-size:10pt;margin:0;padding:0;}body{padding:12px 0;} .battle-log {font-family:Verdana, sans-serif;font-size:10pt;} .battle-log-inline {border:1px solid #AAAAAA;background:#EEF2F5;color:black;max-width:640px;margin:0 auto 80px;padding-bottom:5px;} .battle-log .inner {padding:4px 8px 0px 8px;} .battle-log .inner-preempt {padding:0 8px 4px 8px;} .battle-log .inner-after {margin-top:0.5em;} .battle-log h2 {margin:0.5em -8px;padding:4px 8px;border:1px solid #AAAAAA;background:#E0E7EA;border-left:0;border-right:0;font-family:Verdana, sans-serif;font-size:13pt;} .battle-log .chat {vertical-align:middle;padding:3px 0 3px 0;font-size:8pt;} .battle-log .chat strong {color:#40576A;} .battle-log .chat em {padding:1px 4px 1px 3px;color:#000000;font-style:normal;} .chat.mine {background:rgba(0,0,0,0.05);margin-left:-8px;margin-right:-8px;padding-left:8px;padding-right:8px;} .spoiler {color:#BBBBBB;background:#BBBBBB;padding:0px 3px;} .spoiler:hover, .spoiler:active, .spoiler-shown {color:#000000;background:#E2E2E2;padding:0px 3px;} .spoiler a {color:#BBBBBB;} .spoiler:hover a, .spoiler:active a, .spoiler-shown a {color:#2288CC;} .chat code, .chat .spoiler:hover code, .chat .spoiler:active code, .chat .spoiler-shown code {border:1px solid #C0C0C0;background:#EEEEEE;color:black;padding:0 2px;} .chat .spoiler code {border:1px solid #CCCCCC;background:#CCCCCC;color:#CCCCCC;} .battle-log .rated {padding:3px 4px;} .battle-log .rated strong {color:white;background:#89A;padding:1px 4px;border-radius:4px;} .spacer {margin-top:0.5em;} .message-announce {background:#6688AA;color:white;padding:1px 4px 2px;} .message-announce a, .broadcast-green a, .broadcast-blue a, .broadcast-red a {color:#DDEEFF;} .broadcast-green {background-color:#559955;color:white;padding:2px 4px;} .broadcast-blue {background-color:#6688AA;color:white;padding:2px 4px;} .infobox {border:1px solid #6688AA;padding:2px 4px;} .infobox-limited {max-height:200px;overflow:auto;overflow-x:hidden;} .broadcast-red {background-color:#AA5544;color:white;padding:2px 4px;} .message-learn-canlearn {font-weight:bold;color:#228822;text-decoration:underline;} .message-learn-cannotlearn {font-weight:bold;color:#CC2222;text-decoration:underline;} .message-effect-weak {font-weight:bold;color:#CC2222;} .message-effect-resist {font-weight:bold;color:#6688AA;} .message-effect-immune {font-weight:bold;color:#666666;} .message-learn-list {margin-top:0;margin-bottom:0;} .message-throttle-notice, .message-error {color:#992222;} .message-overflow, .chat small.message-overflow {font-size:0pt;} .message-overflow::before {font-size:9pt;content:'...';} .subtle {color:#3A4A66;}
</style>
<div class="wrapper replay-wrapper" style="max-width:1180px;margin:0 auto">
<input type="hidden" name="replayid" value="dragonheaven-gen8m4arandombattle-267" />
<div class="battle"></div><div class="battle-log"></div><div class="replay-controls"></div><div class="replay-controls-2"></div>
<h1 style="font-weight:normal;text-align:center"><strong>[Gen 8] M4A Random Battle</strong><br /><a href="http://pokemonshowdown.com/users/botwnerd745" class="subtle" target="_blank">BotwNerd745</a> vs. <a href="http://pokemonshowdown.com/users/inkbug1" class="subtle" target="_blank">inkbug1</a></h1>
<script type="text/plain" class="battle-log-data">|j|☆BotwNerd745
|j|☆inkbug1

|t:|1625114666
|player|p1|BotwNerd745|hilda-dueldisk|
|player|p2|inkbug1|burgh|
|teamsize|p1|6
|teamsize|p2|6
|gametype|singles
|gen|8
|tier|[Gen 8] M4A Random Battle
|rule|Dynamax Clause: You cannot dynamax
|rule|Species Clause: Limit one of each Pokémon
|rule|HP Percentage Mod: HP is shown in percentages
|rule|Sleep Clause Mod: Limit one foe put to sleep
|rule|Freeze Clause Mod: Limit one foe frozen
|raw|<img src="https:\/\/www.smogon.com\/forums\/attachments\/banner_2-png.302358\/" height="65" width="381">
|-message|Welcome to Megas for All!
|-message|This is a National Dex-based format where we aim to give a new Mega Evolution to every Pokémon.
|-message|Just like any official format, you can still only Mega Evolve one Pokémon per team!
|-message|You can find our thread and metagame resources here:
|-message|https:\/\/www.smogon.com\/forums\/threads\/3671140\/
|-message|Your Mega Evolution this match is:
|-hint|Glalie-Mega (Ice); Ability: Refrigerate (This Pokemon's Normal-type moves become Ice type and have 1.2x power.); Stats: 80 HP \/ 120 Atk \/ 80 Def \/ 120 SpA \/ 80 SpD \/ 100 Spe;
|-message|Use the command \/dt for more information!
|
|t:|1625114666
|start
|switch|p1a: Pangoro|Pangoro, L86, F|100\/100
|switch|p2a: Glalie|Glalie, L86, F|278\/278
|turn|1
|
|t:|1625114705
|detailschange|p2a: Glalie|Glalie-Mega, L86, F
|-mega|p2a: Glalie|Glalie|Glalitite
|-start|p2a: Glalie|typechange|Ice|[silent]
|raw|<ul class="utilichart"><li class="result"><span class="col pokemonnamecol" style="white-space: nowrap">Glalie-Mega<\/span> <span class="col typecol"><img src="https:\/\/play.pokemonshowdown.com\/sprites\/types\/Ice.png" alt="Ice" height="14" width="32"><\/span> <span style="float: left ; min-height: 26px"><span class="col abilitycol">Refrigerate<\/span><span class="col abilitycol"><\/span><\/span><span style="float: left ; min-height: 26px"><span class="col statcol"><em>HP<\/em><br>80<\/span> <span class="col statcol"><em>Atk<\/em><br>120<\/span> <span class="col statcol"><em>Def<\/em><br>80<\/span> <span class="col statcol"><em>SpA<\/em><br>120<\/span> <span class="col statcol"><em>SpD<\/em><br>80<\/span> <span class="col statcol"><em>Spe<\/em><br>100<\/span> <\/span><\/li><li style="clear: both"><\/li><\/ul>
|move|p2a: Glalie|Return|p1a: Pangoro
|-damage|p1a: Pangoro|46\/100
|move|p1a: Pangoro|Parting Shot|p2a: Glalie
|-unboost|p2a: Glalie|atk|1
|-unboost|p2a: Glalie|spa|1
|c|☆BotwNerd745|this’s my last one I need to go to sleep it’s a quarter to midnight here
|c|☆inkbug1|get some sleep idiot !!!! 
|
|t:|1625114733
|switch|p1a: Genesect|Genesect, L78|100\/100|[from]move: Parting Shot
|-ability|p1a: Genesect|Download|boost
|-boost|p1a: Genesect|spa|1
|
|upkeep
|turn|2
|
|t:|1625114749
|switch|p2a: Rotom|Rotom-Mow, L84|221\/221
|move|p1a: Genesect|Iron Head|p2a: Rotom
|-resisted|p2a: Rotom
|-damage|p2a: Rotom|170\/221
|-damage|p1a: Genesect|91\/100|[from] item: Life Orb
|
|upkeep
|turn|3
|
|t:|1625114763
|move|p2a: Rotom|Volt Switch|p1a: Genesect
|-damage|p1a: Genesect|57\/100
|
|t:|1625114769
|switch|p2a: Volcanion|Volcanion, L82|265\/265
|move|p1a: Genesect|Ice Beam|p2a: Volcanion
|-resisted|p2a: Volcanion
|-damage|p2a: Volcanion|231\/265
|-status|p2a: Volcanion|frz
|-damage|p1a: Genesect|47\/100|[from] item: Life Orb
|
|upkeep
|turn|4
|c|☆inkbug1|is that even possible
|c|☆BotwNerd745|does steam eruption break ice?
|
|t:|1625114805
|move|p1a: Genesect|Extreme Speed|p2a: Volcanion
|-damage|p2a: Volcanion|173\/265 frz
|-damage|p1a: Genesect|38\/100|[from] item: Life Orb
|-curestatus|p2a: Volcanion|frz|[msg]
|move|p2a: Volcanion|Fire Blast|p1a: Genesect
|-supereffective|p1a: Genesect
|-crit|p1a: Genesect
|-damage|p1a: Genesect|0 fnt
|faint|p1a: Genesect
|
|upkeep
|
|t:|1625114819
|switch|p1a: Flygon|Flygon, L84, M|100\/100
|turn|5
|c|☆inkbug1|i think it does
|
|t:|1625114839
|switch|p2a: Glalie|Glalie-Mega, L86, F|278\/278
|-start|p2a: Glalie|typechange|Ice|[silent]
|move|p1a: Flygon|Dragon Dance|p1a: Flygon
|-boost|p1a: Flygon|atk|1
|-boost|p1a: Flygon|spe|1
|
|upkeep
|turn|6
|
|t:|1625114858
|move|p1a: Flygon|Outrage|p2a: Glalie
|-damage|p2a: Glalie|61\/278
|move|p2a: Glalie|Return|p1a: Flygon
|-supereffective|p1a: Flygon
|-damage|p1a: Flygon|0 fnt
|faint|p1a: Flygon
|
|upkeep
|c|☆inkbug1|like scald does and steam eruption is just scald but angrier
|
|t:|1625114870
|switch|p1a: Talonflame|Talonflame, L82, F|100\/100
|turn|7
|c|☆inkbug1|ill check
|c|☆inkbug1|yes it dp
|c|☆inkbug1|do*
|
|t:|1625114899
|switch|p2a: Volcanion|Volcanion, L82|173\/265
|move|p1a: Talonflame|Overheat|p2a: Volcanion
|-resisted|p2a: Volcanion
|-damage|p2a: Volcanion|148\/265
|-unboost|p1a: Talonflame|spa|2
|
|upkeep
|turn|8
|
|t:|1625114909
|detailschange|p1a: Talonflame|Talonflame-Mega, L82, F
|-mega|p1a: Talonflame|Talonflame|Talonflite
|-start|p1a: Talonflame|typechange|Fire\/Flying|[silent]
|raw|<ul class="utilichart"><li class="result"><span class="col pokemonnamecol" style="white-space: nowrap">Talonflame-Mega<\/span> <span class="col typecol"><img src="https:\/\/play.pokemonshowdown.com\/sprites\/types\/Fire.png" alt="Fire" height="14" width="32"><img src="https:\/\/play.pokemonshowdown.com\/sprites\/types\/Flying.png" alt="Flying" height="14" width="32"><\/span> <span style="float: left ; min-height: 26px"><span class="col abilitycol">Bird of Prey<\/span><span class="col abilitycol"><\/span><\/span><span style="float: left ; min-height: 26px"><span class="col statcol"><em>HP<\/em><br>78<\/span> <span class="col statcol"><em>Atk<\/em><br>81<\/span> <span class="col statcol"><em>Def<\/em><br>71<\/span> <span class="col statcol"><em>SpA<\/em><br>134<\/span> <span class="col statcol"><em>SpD<\/em><br>69<\/span> <span class="col statcol"><em>Spe<\/em><br>166<\/span> <\/span><\/li><li style="clear: both"><\/li><\/ul>
|move|p1a: Talonflame|U-turn|p2a: Volcanion
|-resisted|p2a: Volcanion
|-damage|p2a: Volcanion|132\/265
|c|☆inkbug1|BIRD
|
|t:|1625114915
|switch|p1a: Persian|Persian-Alola, L88, F|100\/100|[from]move: U-turn
|move|p2a: Volcanion|Steam Eruption|p1a: Persian
|-damage|p1a: Persian|4\/100
|
|upkeep
|turn|9
|
|t:|1625114931
|-zpower|p1a: Persian
|move|p1a: Persian|Z-Parting Shot|p2a: Volcanion|[anim]Parting Shot
|-unboost|p2a: Volcanion|atk|1
|-unboost|p2a: Volcanion|spa|1
|-activate|p1a: Persian|healreplacement
|
|t:|1625114936
|switch|p1a: Pangoro|Pangoro, L86, F|46\/100|[from]move: Parting Shot
|-heal|p1a: Pangoro|100\/100|[from] move: Parting Shot|[zeffect]
|move|p2a: Volcanion|Steam Eruption|p1a: Pangoro
|-damage|p1a: Pangoro|50\/100
|
|upkeep
|turn|10
|c|☆inkbug1|sdfsdf
|
|t:|1625114947
|move|p2a: Volcanion|Steam Eruption|p1a: Pangoro
|-damage|p1a: Pangoro|0 fnt
|faint|p1a: Pangoro
|
|upkeep
|c|☆inkbug1|sory
|c|☆BotwNerd745|Black hole eclipse was probably a better option but I had to
|
|t:|1625114972
|switch|p1a: Keldeo|Keldeo, L80|100\/100
|turn|11
|
|t:|1625114989
|switch|p2a: Glalie|Glalie-Mega, L86, F|61\/278
|-start|p2a: Glalie|typechange|Ice|[silent]
|move|p1a: Keldeo|Secret Sword|p2a: Glalie
|-supereffective|p2a: Glalie
|-damage|p2a: Glalie|0 fnt
|-damage|p1a: Keldeo|91\/100|[from] item: Life Orb
|faint|p2a: Glalie
|
|upkeep
|
|t:|1625115001
|switch|p2a: Rotom|Rotom-Mow, L84|170\/221
|turn|12
|
|t:|1625115005
|move|p2a: Rotom|Leaf Storm|p1a: Keldeo
|-supereffective|p1a: Keldeo
|-damage|p1a: Keldeo|0 fnt
|-unboost|p2a: Rotom|spa|2
|faint|p1a: Keldeo
|
|upkeep
|
|t:|1625115010
|switch|p1a: Talonflame|Talonflame-Mega, L82, F|100\/100
|-start|p1a: Talonflame|typechange|Fire\/Flying|[silent]
|turn|13
|
|t:|1625115019
|switch|p2a: Stunfisk|Stunfisk, L88, F|335\/335
|move|p1a: Talonflame|Air Slash|p2a: Stunfisk
|-resisted|p2a: Stunfisk
|-damage|p2a: Stunfisk|292\/335
|
|-heal|p2a: Stunfisk|312\/335|[from] item: Leftovers
|upkeep
|turn|14
|
|t:|1625115026
|move|p1a: Talonflame|Hidden Power|p2a: Stunfisk
|-supereffective|p2a: Stunfisk
|-damage|p2a: Stunfisk|218\/335
|move|p2a: Stunfisk|Discharge|p1a: Talonflame
|-supereffective|p1a: Talonflame
|-damage|p1a: Talonflame|22\/100
|
|-heal|p2a: Stunfisk|238\/335|[from] item: Leftovers
|upkeep
|turn|15
|
|t:|1625115037
|move|p1a: Talonflame|Overheat|p2a: Stunfisk
|-damage|p2a: Stunfisk|93\/335
|-unboost|p1a: Talonflame|spa|2
|move|p2a: Stunfisk|Discharge|p1a: Talonflame
|-supereffective|p1a: Talonflame
|-damage|p1a: Talonflame|0 fnt
|faint|p1a: Talonflame
|
|-heal|p2a: Stunfisk|113\/335|[from] item: Leftovers
|upkeep
|c|☆BotwNerd745|gg
|
|t:|1625115048
|switch|p1a: Persian|Persian-Alola, L88, F|4\/100
|turn|16
|c|☆inkbug1|gg! 
|
|t:|1625115053
|move|p1a: Persian|Hypnosis|p2a: Stunfisk|[miss]
|-miss|p1a: Persian|p2a: Stunfisk
|move|p2a: Stunfisk|Scald|p1a: Persian
|-damage|p1a: Persian|0 fnt
|faint|p1a: Persian
|
|win|inkbug1
|c|☆inkbug1|asdasd why 
|c|☆inkbug1|gg</script>
</div>
<div class="battle-log battle-log-inline"><div class="inner"><div class="battle-options"><div style="padding-top: 3px; padding-right: 3px; text-align: right"><button class="icon button" name="openBattleOptions" title="Options">Battle Options</button></div></div><div class="inner message-log"><div class="chat"><small>☆BotwNerd745 and ☆inkbug1 joined</small></div><div class=""><small>Format:</small> <br><strong>[Gen 8] M4A Random Battle</strong></div><div class=""><small><em>Dynamax Clause:</em> You cannot dynamax</small></div><div class=""><small><em>Species Clause:</em> Limit one of each Pokémon</small></div><div class=""><small><em>HP Percentage Mod:</em> HP is shown in percentages</small></div><div class=""><small><em>Sleep Clause Mod:</em> Limit one foe put to sleep</small></div><div class=""><small><em>Freeze Clause Mod:</em> Limit one foe frozen</small></div><div class="chat"><img src="https://www.smogon.com/forums/attachments/banner_2-png.302358/" height="65" width="381"></div><div class="spacer battle-history"><br></div><div class="battle-history"><small>Welcome to Megas for All!</small><br></div><div class="battle-history"><small>This is a National Dex-based format where we aim to give a new Mega Evolution to every Pokémon.</small><br></div><div class="battle-history"><small>Just like any official format, you can still only Mega Evolve one Pokémon per team!</small><br></div><div class="battle-history"><small>You can find our thread and metagame resources here:</small><br></div><div class="battle-history"><small>https://www.smogon.com/forums/threads/3671140/</small><br></div><div class="battle-history"><small>Your Mega Evolution this match is:</small><br></div><div class="battle-history"><small>(Glalie-Mega (Ice); Ability: Refrigerate (This Pokemon's Normal-type moves become Ice type and have 1.2x power.); Stats: 80 HP / 120 Atk / 80 Def / 120 SpA / 80 SpD / 100 Spe;)</small><br></div><div class="battle-history"><small>Use the command /dt for more information!</small><br></div><div class="spacer battle-history"><br></div><div class="battle-history">Battle started between BotwNerd745 and inkbug1!<br></div><div class="spacer battle-history"><br></div><div class="battle-history">BotwNerd745 sent out <strong>Pangoro</strong>!<br></div><div class="spacer battle-history"><br></div><div class="battle-history">Go! <strong>Glalie</strong>!<br></div><div class="spacer battle-history"><br></div><h2 class="battle-history">Turn 1</h2><div class="spacer battle-history"><br></div><div class="battle-history"><small>Glalie's Glalitite is reacting to the Key Stone!</small><br>Glalie has Mega Evolved into Mega Glalie!<br></div><div class="chat"><ul class="utilichart"><li class="result"><span class="col pokemonnamecol" style="white-space: nowrap">Glalie-Mega</span> <span class="col typecol"><img src="https://play.pokemonshowdown.com/sprites/types/Ice.png" alt="Ice" height="14" width="32"></span> <span style="float: left ; min-height: 26px"><span class="col abilitycol">Refrigerate</span><span class="col abilitycol"></span></span><span style="float: left ; min-height: 26px"><span class="col statcol"><em>HP</em><br>80</span> <span class="col statcol"><em>Atk</em><br>120</span> <span class="col statcol"><em>Def</em><br>80</span> <span class="col statcol"><em>SpA</em><br>120</span> <span class="col statcol"><em>SpD</em><br>80</span> <span class="col statcol"><em>Spe</em><br>100</span> </span></li><li style="clear: both"></li></ul></div><div class="spacer battle-history"><br></div><div class="battle-history">Glalie used <strong>Return</strong>!<br></div><div class="battle-history"><small>(The opposing Pangoro lost 54% of its health!)</small><br></div><div class="spacer battle-history"><br></div><div class="battle-history">The opposing Pangoro used <strong>Parting Shot</strong>!<br></div><div class="battle-history"><small>Glalie's Attack fell!</small><br></div><div class="battle-history"><small>Glalie's Sp. Atk fell!</small><br></div><div class="chat chatmessage-botwnerd745"><strong style="color:#9835de"><small>☆</small><span class="username" data-name="BotwNerd745">BotwNerd745</span>:</strong> <em>this’s my last one I need to go to sleep it’s a quarter to midnight here</em></div><div class="chat chatmessage-inkbug1 mine"><strong style="color:#e46e0f"><small>☆</small><span class="username" data-name="inkbug1">inkbug1</span>:</strong> <em>get some sleep idiot !!!! </em></div><div class="spacer battle-history"><br></div><div class="battle-history">BotwNerd745 withdrew Pangoro!<br></div><div class="battle-history">BotwNerd745 sent out <strong>Genesect</strong>!<br></div><div class="battle-history">[The opposing Genesect's Download]<br></div><div class="battle-history"><small>The opposing Genesect's Sp. Atk rose!</small><br></div><div class="spacer battle-history"><br></div><h2 class="battle-history">Turn 2</h2><div class="spacer battle-history"><br></div><div class="battle-history">Glalie, come back!<br></div><div class="battle-history">Go! Rotom (<strong>Rotom-Mow</strong>)!<br></div><div class="spacer battle-history"><br></div><div class="battle-history">The opposing Genesect used <strong>Iron Head</strong>!<br></div><div class="battle-history"><small>It's not very effective...</small><br></div><div class="battle-history"><small>(Rotom lost <abbr title="−51/221">23.1%</abbr> of its health!)</small><br></div><div class="battle-history"><small>The opposing Genesect lost some of its HP!</small><br></div><div class="spacer battle-history"><br></div><h2 class="battle-history">Turn 3</h2><div class="spacer battle-history"><br></div><div class="battle-history">Rotom used <strong>Volt Switch</strong>!<br></div><div class="battle-history"><small>(The opposing Genesect lost 34% of its health!)</small><br></div><div class="spacer battle-history"><br></div><div class="battle-history">Rotom went back to inkbug1!<br></div><div class="battle-history">Go! <strong>Volcanion</strong>!<br></div><div class="spacer battle-history"><br></div><div class="battle-history">The opposing Genesect used <strong>Ice Beam</strong>!<br></div><div class="battle-history"><small>It's not very effective...</small><br></div><div class="battle-history"><small>(Volcanion lost <abbr title="−34/265">12.8%</abbr> of its health!)</small><br></div><div class="battle-history"><small>Volcanion was frozen solid!</small><br></div><div class="battle-history"><small>The opposing Genesect lost some of its HP!</small><br></div><div class="spacer battle-history"><br></div><h2 class="battle-history">Turn 4</h2><div class="chat chatmessage-inkbug1 mine"><strong style="color:#e46e0f"><small>☆</small><span class="username" data-name="inkbug1">inkbug1</span>:</strong> <em>is that even possible</em></div><div class="chat chatmessage-botwnerd745"><strong style="color:#9835de"><small>☆</small><span class="username" data-name="BotwNerd745">BotwNerd745</span>:</strong> <em>does steam eruption break ice?</em></div><div class="spacer battle-history"><br></div><div class="battle-history">The opposing Genesect used <strong>Extreme Speed</strong>!<br></div><div class="battle-history"><small>(Volcanion lost <abbr title="−58/265">21.9%</abbr> of its health!)</small><br></div><div class="battle-history"><small>The opposing Genesect lost some of its HP!</small><br></div><div class="battle-history"><small>Volcanion thawed out!</small><br></div><div class="spacer battle-history"><br></div><div class="battle-history">Volcanion used <strong>Fire Blast</strong>!<br></div><div class="battle-history"><small>It's super effective!</small><br></div><div class="battle-history"><small>A critical hit!</small><br></div><div class="battle-history"><small>(The opposing Genesect lost 38% of its health!)</small><br></div><div class="spacer battle-history"><br></div><div class="battle-history">The opposing Genesect fainted!<br></div><div class="spacer battle-history"><br></div><div class="battle-history">BotwNerd745 sent out <strong>Flygon</strong>!<br></div><div class="spacer battle-history"><br></div><h2 class="battle-history">Turn 5</h2><div class="chat chatmessage-inkbug1 mine"><strong style="color:#e46e0f"><small>☆</small><span class="username" data-name="inkbug1">inkbug1</span>:</strong> <em>i think it does</em></div><div class="spacer battle-history"><br></div><div class="battle-history">Volcanion, come back!<br></div><div class="battle-history">Go! Glalie (<strong>Glalie-Mega</strong>)!<br></div><div class="spacer battle-history"><br></div><div class="battle-history">The opposing Flygon used <strong>Dragon Dance</strong>!<br></div><div class="battle-history"><small>The opposing Flygon's Attack rose!</small><br></div><div class="battle-history"><small>The opposing Flygon's Speed rose!</small><br></div><div class="spacer battle-history"><br></div><h2 class="battle-history">Turn 6</h2><div class="spacer battle-history"><br></div><div class="battle-history">The opposing Flygon used <strong>Outrage</strong>!<br></div><div class="battle-history"><small>(Glalie lost <abbr title="−217/278">78.1%</abbr> of its health!)</small><br></div><div class="spacer battle-history"><br></div><div class="battle-history">Glalie used <strong>Return</strong>!<br></div><div class="battle-history"><small>It's super effective!</small><br></div><div class="battle-history"><small>(The opposing Flygon lost 100% of its health!)</small><br></div><div class="spacer battle-history"><br></div><div class="battle-history">The opposing Flygon fainted!<br></div><div class="chat chatmessage-inkbug1 mine"><strong style="color:#e46e0f"><small>☆</small><span class="username" data-name="inkbug1">inkbug1</span>:</strong> <em>like scald does and steam eruption is just scald but angrier</em></div><div class="spacer battle-history"><br></div><div class="battle-history">BotwNerd745 sent out <strong>Talonflame</strong>!<br></div><div class="spacer battle-history"><br></div><h2 class="battle-history">Turn 7</h2><div class="chat chatmessage-inkbug1 mine"><strong style="color:#e46e0f"><small>☆</small><span class="username" data-name="inkbug1">inkbug1</span>:</strong> <em>ill check</em></div><div class="chat chatmessage-inkbug1 mine"><strong style="color:#e46e0f"><small>☆</small><span class="username" data-name="inkbug1">inkbug1</span>:</strong> <em>yes it dp</em></div><div class="chat chatmessage-inkbug1 mine"><strong style="color:#e46e0f"><small>☆</small><span class="username" data-name="inkbug1">inkbug1</span>:</strong> <em>do*</em></div><div class="spacer battle-history"><br></div><div class="battle-history">Glalie, come back!<br></div><div class="battle-history">Go! <strong>Volcanion</strong>!<br></div><div class="spacer battle-history"><br></div><div class="battle-history">The opposing Talonflame used <strong>Overheat</strong>!<br></div><div class="battle-history"><small>It's not very effective...</small><br></div><div class="battle-history"><small>(Volcanion lost <abbr title="−25/265">9.4%</abbr> of its health!)</small><br></div><div class="battle-history"><small>The opposing Talonflame's Sp. Atk fell harshly!</small><br></div><div class="spacer battle-history"><br></div><h2 class="battle-history">Turn 8</h2><div class="spacer battle-history"><br></div><div class="battle-history"><small>The opposing Talonflame's Talonflite is reacting to the Key Stone!</small><br>The opposing Talonflame has Mega Evolved into Mega Talonflame!<br></div><div class="chat"><ul class="utilichart"><li class="result"><span class="col pokemonnamecol" style="white-space: nowrap">Talonflame-Mega</span> <span class="col typecol"><img src="https://play.pokemonshowdown.com/sprites/types/Fire.png" alt="Fire" height="14" width="32"><img src="https://play.pokemonshowdown.com/sprites/types/Flying.png" alt="Flying" height="14" width="32"></span> <span style="float: left ; min-height: 26px"><span class="col abilitycol">Bird of Prey</span><span class="col abilitycol"></span></span><span style="float: left ; min-height: 26px"><span class="col statcol"><em>HP</em><br>78</span> <span class="col statcol"><em>Atk</em><br>81</span> <span class="col statcol"><em>Def</em><br>71</span> <span class="col statcol"><em>SpA</em><br>134</span> <span class="col statcol"><em>SpD</em><br>69</span> <span class="col statcol"><em>Spe</em><br>166</span> </span></li><li style="clear: both"></li></ul></div><div class="spacer battle-history"><br></div><div class="battle-history">The opposing Talonflame used <strong>U-turn</strong>!<br></div><div class="battle-history"><small>It's not very effective...</small><br></div><div class="battle-history"><small>(Volcanion lost <abbr title="−16/265">6.0%</abbr> of its health!)</small><br></div><div class="chat chatmessage-inkbug1 mine"><strong style="color:#e46e0f"><small>☆</small><span class="username" data-name="inkbug1">inkbug1</span>:</strong> <em>BIRD</em></div><div class="spacer battle-history"><br></div><div class="battle-history">The opposing Talonflame went back to BotwNerd745!<br></div><div class="battle-history">BotwNerd745 sent out Persian (<strong>Persian-Alola</strong>)!<br></div><div class="spacer battle-history"><br></div><div class="battle-history">Volcanion used <strong>Steam Eruption</strong>!<br></div><div class="battle-history"><small>(The opposing Persian lost 96% of its health!)</small><br></div><div class="spacer battle-history"><br></div><h2 class="battle-history">Turn 9</h2><div class="spacer battle-history"><br></div><div class="battle-history"><small>The opposing Persian surrounded itself with its Z-Power!</small><br></div><div class="spacer battle-history"><br></div><div class="battle-history">The opposing Persian used <strong>Z-Parting Shot</strong>!<br></div><div class="battle-history"><small>Volcanion's Attack fell!</small><br></div><div class="battle-history"><small>Volcanion's Sp. Atk fell!</small><br></div><div class="battle-history"><small>The opposing Persian will restore its replacement's HP using its Z-Power!</small><br></div><div class="spacer battle-history"><br></div><div class="battle-history">BotwNerd745 withdrew Persian!<br></div><div class="battle-history">BotwNerd745 sent out <strong>Pangoro</strong>!<br></div><div class="battle-history"><small>The opposing Pangoro's HP was restored by the Z-Power!</small><br></div><div class="spacer battle-history"><br></div><div class="battle-history">Volcanion used <strong>Steam Eruption</strong>!<br></div><div class="battle-history"><small>(The opposing Pangoro lost 50% of its health!)</small><br></div><div class="spacer battle-history"><br></div><h2 class="battle-history">Turn 10</h2><div class="chat chatmessage-inkbug1 mine"><strong style="color:#e46e0f"><small>☆</small><span class="username" data-name="inkbug1">inkbug1</span>:</strong> <em>sdfsdf</em></div><div class="spacer battle-history"><br></div><div class="battle-history">Volcanion used <strong>Steam Eruption</strong>!<br></div><div class="battle-history"><small>(The opposing Pangoro lost 50% of its health!)</small><br></div><div class="spacer battle-history"><br></div><div class="battle-history">The opposing Pangoro fainted!<br></div><div class="chat chatmessage-inkbug1 mine"><strong style="color:#e46e0f"><small>☆</small><span class="username" data-name="inkbug1">inkbug1</span>:</strong> <em>sory</em></div><div class="chat chatmessage-botwnerd745"><strong style="color:#9835de"><small>☆</small><span class="username" data-name="BotwNerd745">BotwNerd745</span>:</strong> <em>Black hole eclipse was probably a better option but I had to</em></div><div class="spacer battle-history"><br></div><div class="battle-history">BotwNerd745 sent out <strong>Keldeo</strong>!<br></div><div class="spacer battle-history"><br></div><h2 class="battle-history">Turn 11</h2><div class="spacer battle-history"><br></div><div class="battle-history">Volcanion, come back!<br></div><div class="battle-history">Go! Glalie (<strong>Glalie-Mega</strong>)!<br></div><div class="spacer battle-history"><br></div><div class="battle-history">The opposing Keldeo used <strong>Secret Sword</strong>!<br></div><div class="battle-history"><small>It's super effective!</small><br></div><div class="battle-history"><small>(Glalie lost <abbr title="−61/278">21.9%</abbr> of its health!)</small><br></div><div class="battle-history"><small>The opposing Keldeo lost some of its HP!</small><br></div><div class="spacer battle-history"><br></div><div class="battle-history">Glalie fainted!<br></div><div class="spacer battle-history"><br></div><div class="battle-history">Go! Rotom (<strong>Rotom-Mow</strong>)!<br></div><div class="spacer battle-history"><br></div><h2 class="battle-history">Turn 12</h2><div class="spacer battle-history"><br></div><div class="battle-history">Rotom used <strong>Leaf Storm</strong>!<br></div><div class="battle-history"><small>It's super effective!</small><br></div><div class="battle-history"><small>(The opposing Keldeo lost 91% of its health!)</small><br></div><div class="battle-history"><small>Rotom's Sp. Atk fell harshly!</small><br></div><div class="spacer battle-history"><br></div><div class="battle-history">The opposing Keldeo fainted!<br></div><div class="spacer battle-history"><br></div><div class="battle-history">BotwNerd745 sent out Talonflame (<strong>Talonflame-Mega</strong>)!<br></div><div class="spacer battle-history"><br></div><h2 class="battle-history">Turn 13</h2><div class="spacer battle-history"><br></div><div class="battle-history">Rotom, come back!<br></div><div class="battle-history">Go! <strong>Stunfisk</strong>!<br></div><div class="spacer battle-history"><br></div><div class="battle-history">The opposing Talonflame used <strong>Air Slash</strong>!<br></div><div class="battle-history"><small>It's not very effective...</small><br></div><div class="battle-history"><small>(Stunfisk lost <abbr title="−43/335">12.8%</abbr> of its health!)</small><br></div><div class="spacer battle-history"><br></div><div class="battle-history"><small>Stunfisk restored a little HP using its Leftovers!</small><br></div><div class="spacer battle-history"><br></div><h2 class="battle-history">Turn 14</h2><div class="spacer battle-history"><br></div><div class="battle-history">The opposing Talonflame used <strong>Hidden Power</strong>!<br></div><div class="battle-history"><small>It's super effective!</small><br></div><div class="battle-history"><small>(Stunfisk lost <abbr title="−94/335">28.1%</abbr> of its health!)</small><br></div><div class="spacer battle-history"><br></div><div class="battle-history">Stunfisk used <strong>Discharge</strong>!<br></div><div class="battle-history"><small>It's super effective!</small><br></div><div class="battle-history"><small>(The opposing Talonflame lost 78% of its health!)</small><br></div><div class="spacer battle-history"><br></div><div class="battle-history"><small>Stunfisk restored a little HP using its Leftovers!</small><br></div><div class="spacer battle-history"><br></div><h2 class="battle-history">Turn 15</h2><div class="spacer battle-history"><br></div><div class="battle-history">The opposing Talonflame used <strong>Overheat</strong>!<br></div><div class="battle-history"><small>(Stunfisk lost <abbr title="−145/335">43.3%</abbr> of its health!)</small><br></div><div class="battle-history"><small>The opposing Talonflame's Sp. Atk fell harshly!</small><br></div><div class="spacer battle-history"><br></div><div class="battle-history">Stunfisk used <strong>Discharge</strong>!<br></div><div class="battle-history"><small>It's super effective!</small><br></div><div class="battle-history"><small>(The opposing Talonflame lost 22% of its health!)</small><br></div><div class="spacer battle-history"><br></div><div class="battle-history">The opposing Talonflame fainted!<br></div><div class="spacer battle-history"><br></div><div class="battle-history"><small>Stunfisk restored a little HP using its Leftovers!</small><br></div><div class="chat chatmessage-botwnerd745"><strong style="color:#9835de"><small>☆</small><span class="username" data-name="BotwNerd745">BotwNerd745</span>:</strong> <em>gg</em></div><div class="spacer battle-history"><br></div><div class="battle-history">BotwNerd745 sent out Persian (<strong>Persian-Alola</strong>)!<br></div><div class="spacer battle-history"><br></div><h2 class="battle-history">Turn 16</h2><div class="chat chatmessage-inkbug1 mine"><strong style="color:#e46e0f"><small>☆</small><span class="username" data-name="inkbug1">inkbug1</span>:</strong> <em>gg! </em></div><div class="spacer battle-history"><br></div><div class="battle-history">The opposing Persian used <strong>Hypnosis</strong>!<br></div><div class="battle-history"><small>Stunfisk avoided the attack!</small><br></div><div class="spacer battle-history"><br></div><div class="battle-history">Stunfisk used <strong>Scald</strong>!<br></div><div class="battle-history"><small>(The opposing Persian lost 4% of its health!)</small><br></div><div class="spacer battle-history"><br></div><div class="battle-history">The opposing Persian fainted!<br></div><div class="spacer battle-history"><br></div><div class="battle-history"><strong>inkbug1</strong> won the battle!<br></div><div class="chat chatmessage-inkbug1 mine"><strong style="color:#e46e0f"><small>☆</small><span class="username" data-name="inkbug1">inkbug1</span>:</strong> <em>asdasd why </em></div><div class="chat chatmessage-inkbug1 mine"><strong style="color:#e46e0f"><small>☆</small><span class="username" data-name="inkbug1">inkbug1</span>:</strong> <em>gg</em></div></div><div class="inner-preempt message-log"></div></div></div>
</div>
<script>
let daily = Math.floor(Date.now()/1000/60/60/24);document.write('<script src="https://dragonheaven.herokuapp.com/js/replay-embed.js?version'+daily+'"></'+'script>');
</script>
