<!DOCTYPE html>
<meta charset="utf-8" />
<!-- version 1 -->
<title>[Gen 8] M4A Random Battle replay: inkbug1 vs. H2OPulse</title>
<style>
html,body {font-family:Verdana, sans-serif;font-size:10pt;margin:0;padding:0;}body{padding:12px 0;} .battle-log {font-family:Verdana, sans-serif;font-size:10pt;} .battle-log-inline {border:1px solid #AAAAAA;background:#EEF2F5;color:black;max-width:640px;margin:0 auto 80px;padding-bottom:5px;} .battle-log .inner {padding:4px 8px 0px 8px;} .battle-log .inner-preempt {padding:0 8px 4px 8px;} .battle-log .inner-after {margin-top:0.5em;} .battle-log h2 {margin:0.5em -8px;padding:4px 8px;border:1px solid #AAAAAA;background:#E0E7EA;border-left:0;border-right:0;font-family:Verdana, sans-serif;font-size:13pt;} .battle-log .chat {vertical-align:middle;padding:3px 0 3px 0;font-size:8pt;} .battle-log .chat strong {color:#40576A;} .battle-log .chat em {padding:1px 4px 1px 3px;color:#000000;font-style:normal;} .chat.mine {background:rgba(0,0,0,0.05);margin-left:-8px;margin-right:-8px;padding-left:8px;padding-right:8px;} .spoiler {color:#BBBBBB;background:#BBBBBB;padding:0px 3px;} .spoiler:hover, .spoiler:active, .spoiler-shown {color:#000000;background:#E2E2E2;padding:0px 3px;} .spoiler a {color:#BBBBBB;} .spoiler:hover a, .spoiler:active a, .spoiler-shown a {color:#2288CC;} .chat code, .chat .spoiler:hover code, .chat .spoiler:active code, .chat .spoiler-shown code {border:1px solid #C0C0C0;background:#EEEEEE;color:black;padding:0 2px;} .chat .spoiler code {border:1px solid #CCCCCC;background:#CCCCCC;color:#CCCCCC;} .battle-log .rated {padding:3px 4px;} .battle-log .rated strong {color:white;background:#89A;padding:1px 4px;border-radius:4px;} .spacer {margin-top:0.5em;} .message-announce {background:#6688AA;color:white;padding:1px 4px 2px;} .message-announce a, .broadcast-green a, .broadcast-blue a, .broadcast-red a {color:#DDEEFF;} .broadcast-green {background-color:#559955;color:white;padding:2px 4px;} .broadcast-blue {background-color:#6688AA;color:white;padding:2px 4px;} .infobox {border:1px solid #6688AA;padding:2px 4px;} .infobox-limited {max-height:200px;overflow:auto;overflow-x:hidden;} .broadcast-red {background-color:#AA5544;color:white;padding:2px 4px;} .message-learn-canlearn {font-weight:bold;color:#228822;text-decoration:underline;} .message-learn-cannotlearn {font-weight:bold;color:#CC2222;text-decoration:underline;} .message-effect-weak {font-weight:bold;color:#CC2222;} .message-effect-resist {font-weight:bold;color:#6688AA;} .message-effect-immune {font-weight:bold;color:#666666;} .message-learn-list {margin-top:0;margin-bottom:0;} .message-throttle-notice, .message-error {color:#992222;} .message-overflow, .chat small.message-overflow {font-size:0pt;} .message-overflow::before {font-size:9pt;content:'...';} .subtle {color:#3A4A66;}
</style>
<div class="wrapper replay-wrapper" style="max-width:1180px;margin:0 auto">
<input type="hidden" name="replayid" value="dragonheaven-gen8m4arandombattle-1093" />
<div class="battle"></div><div class="battle-log"></div><div class="replay-controls"></div><div class="replay-controls-2"></div>
<h1 style="font-weight:normal;text-align:center"><strong>[Gen 8] M4A Random Battle</strong><br /><a href="http://pokemonshowdown.com/users/inkbug1" class="subtle" target="_blank">inkbug1</a> vs. <a href="http://pokemonshowdown.com/users/h2opulse" class="subtle" target="_blank">H2OPulse</a></h1>
<script type="text/plain" class="battle-log-data">|j|☆inkbug1

|j|☆H2OPulse
|t:|1609704168
|player|p1|inkbug1|burgh|
|player|p2|H2OPulse|aetherfoundation|
|teamsize|p1|6
|teamsize|p2|6
|gametype|singles
|gen|8
|tier|[Gen 8] M4A Random Battle
|rule|Dynamax Clause: You cannot dynamax
|rule|Species Clause: Limit one of each Pokémon
|rule|HP Percentage Mod: HP is shown in percentages
|rule|Sleep Clause Mod: Limit one foe put to sleep
|rule|Freeze Clause Mod: Limit one foe frozen
|-message|Your Mega Evolution this match is:
|-hint|Jolteon-Mega (Electric); Ability: Tempestuous (Gains the effect of Charge when replacing a fainted ally.); Stats: 65 HP \/ 65 Atk \/ 60 Def \/ 160 SpA \/ 125 SpD \/ 150 Spe
|-message|Use the command \/dt for more information!
|
|t:|1609704168
|start
|switch|p1a: Tyrantrum|Tyrantrum, L84, F|275\/275
|switch|p2a: Ditto|Ditto, L88|100\/100
|-transform|p2a: Ditto|p1a: Tyrantrum|[from] ability: Imposter
|turn|1
|c|☆H2OPulse|GASP
|c|☆inkbug1|oh rando you shouldnt have
|c|☆H2OPulse|I'M INTERESTED IN MINE THIS TIME PLEASE LET THIS WORK
|c|☆inkbug1|um i have nothing for the current predicament though,
|c|☆inkbug1|oh wait 
|c|☆inkbug1|wait hes not here
|j| BotwNerd745
|j| abismal
|
|t:|1609704241
|switch|p2a: Rhyperior|Rhyperior, L84, M|100\/100
|move|p1a: Tyrantrum|Dragon Dance|p1a: Tyrantrum
|-boost|p1a: Tyrantrum|atk|1
|-boost|p1a: Tyrantrum|spe|1
|
|upkeep
|turn|2
|c|☆inkbug1|oh thank god ok
|
|t:|1609704248
|move|p1a: Tyrantrum|Superpower|p2a: Rhyperior
|-supereffective|p2a: Rhyperior
|-damage|p2a: Rhyperior|33\/100
|-unboost|p1a: Tyrantrum|atk|1
|-unboost|p1a: Tyrantrum|def|1
|-damage|p1a: Tyrantrum|248\/275|[from] item: Life Orb
|move|p2a: Rhyperior|Earthquake|p1a: Tyrantrum
|-supereffective|p1a: Tyrantrum
|-damage|p1a: Tyrantrum|0 fnt
|faint|p1a: Tyrantrum
|
|upkeep
|c|☆H2OPulse|~~bold of you~~
|c|☆inkbug1|hey botw did your jolteon in that first match have folt switch 
|c|☆inkbug1|volt*
|
|t:|1609704276
|switch|p1a: Jolteon|Jolteon, L82, M|241\/241
|turn|3
|l| abismal
|c| BotwNerd745|No
|
|t:|1609704285
|detailschange|p1a: Jolteon|Jolteon-Mega, L82, M
|-mega|p1a: Jolteon|Jolteon|Jolteonite
|-ability|p1a: Jolteon|Tempestuous|boost
|-boost|p1a: Jolteon|spd|1
|-start|p1a: Jolteon|typechange|Electric|[silent]
|raw|<ul class="utilichart"><li class="result"><span class="col pokemonnamecol" style="white-space: nowrap">Jolteon-Mega<\/span> <span class="col typecol"><img src="https:\/\/play.pokemonshowdown.com\/sprites\/types\/Electric.png" alt="Electric" height="14" width="32"><\/span> <span style="float: left ; min-height: 26px"><span class="col abilitycol">Tempestuous<\/span><span class="col abilitycol"><\/span><\/span><span style="float: left ; min-height: 26px"><span class="col statcol"><em>HP<\/em><br>65<\/span> <span class="col statcol"><em>Atk<\/em><br>65<\/span> <span class="col statcol"><em>Def<\/em><br>60<\/span> <span class="col statcol"><em>SpA<\/em><br>160<\/span> <span class="col statcol"><em>SpD<\/em><br>125<\/span> <span class="col statcol"><em>Spe<\/em><br>150<\/span> <\/span><\/li><li style="clear: both"><\/li><\/ul>
|move|p1a: Jolteon|Hidden Power|p2a: Rhyperior
|-supereffective|p2a: Rhyperior
|-damage|p2a: Rhyperior|0 fnt
|faint|p2a: Rhyperior
|
|upkeep
|c|☆inkbug1|hmm
|c|☆H2OPulse|Oh okay
|c|☆H2OPulse|Wait what happens if
|c|☆inkbug1|you get it im p sure.
|
|t:|1609704306
|switch|p2a: Ditto|Ditto, L88|100\/100
|-transform|p2a: Ditto|p1a: Jolteon|[from] ability: Imposter
|-ability|p2a: Ditto|Tempestuous|boost
|-boost|p2a: Ditto|spd|1
|turn|4
|c|☆H2OPulse|Haaaa
|c|☆inkbug1|haha oh no
|c|☆H2OPulse|Pff I'm HP Dark
|c|☆inkbug1|pfff
|
|t:|1609704325
|move|p2a: Ditto|Thunderbolt|p1a: Jolteon
|-resisted|p1a: Jolteon
|-damage|p1a: Jolteon|163\/241
|move|p1a: Jolteon|Calm Mind|p1a: Jolteon
|-boost|p1a: Jolteon|spa|1
|-boost|p1a: Jolteon|spd|1
|
|upkeep
|turn|5
|c|☆H2OPulse|That did not do enough
|
|t:|1609704344
|move|p2a: Ditto|Thunderbolt|p1a: Jolteon
|-resisted|p1a: Jolteon
|-damage|p1a: Jolteon|133\/241
|move|p1a: Jolteon|Calm Mind|p1a: Jolteon
|-boost|p1a: Jolteon|spa|1
|-boost|p1a: Jolteon|spd|1
|
|upkeep
|turn|6
|
|t:|1609704350
|switch|p2a: Entei|Entei, L84|100\/100
|move|p1a: Jolteon|Shadow Ball|p2a: Entei
|-damage|p2a: Entei|48\/100
|
|upkeep
|turn|7
|
|t:|1609704355
|move|p2a: Entei|Extreme Speed|p1a: Jolteon
|-damage|p1a: Jolteon|0 fnt
|faint|p1a: Jolteon
|
|upkeep
|c|☆inkbug1|haha okay,,
|c|☆H2OPulse|THANK GOODNESS
|
|t:|1609704369
|switch|p1a: Gengar|Gengar, L80, M|227\/227
|turn|8
|c|☆H2OPulse|Ditto is so scary to use
|
|t:|1609704394
|switch|p2a: Ditto|Ditto, L88|100\/100
|-transform|p2a: Ditto|p1a: Gengar|[from] ability: Imposter
|move|p1a: Gengar|Sludge Wave|p2a: Ditto
|-resisted|p2a: Ditto
|-damage|p2a: Ditto|80\/100
|-damage|p1a: Gengar|205\/227|[from] item: Life Orb
|
|upkeep
|turn|9
|c|☆inkbug1|haha thats not good.
|
|t:|1609704425
|switch|p1a: Cradily|Cradily, L88, M|295\/295
|move|p2a: Ditto|Shadow Ball|p1a: Cradily
|-damage|p1a: Cradily|208\/295
|
|-heal|p1a: Cradily|226\/295|[from] item: Leftovers
|upkeep
|turn|10
|l|☆H2OPulse
|player|p2|
|c|☆inkbug1|oh thank god this things spd is nasty apparently
|j|☆H2OPulse
|player|p2|H2OPulse|aetherfoundation
|
|t:|1609704471
|switch|p2a: Solgaleo|Solgaleo, L78|100\/100
|move|p1a: Cradily|Stealth Rock|p2a: Solgaleo
|-sidestart|p2: H2OPulse|move: Stealth Rock
|
|-heal|p1a: Cradily|244\/295|[from] item: Leftovers
|upkeep
|turn|11
|c|☆inkbug1|a
|c|☆inkbug1|yeah i am fucked w\/o jolteon oops
|c|☆H2OPulse|~~I really want to use my Mega aaaa why is it weak to everything~~
|
|t:|1609704501
|switch|p1a: Gengar|Gengar, L80, M|205\/227
|move|p2a: Solgaleo|Sunsteel Strike|p1a: Gengar
|-damage|p1a: Gengar|33\/227
|-start|p2a: Solgaleo|Disable|Sunsteel Strike|[from] ability: Cursed Body|[of] p1a: Gengar
|
|upkeep
|turn|12
|c|☆inkbug1|oh sick
|
|t:|1609704511
|move|p1a: Gengar|Shadow Ball|p2a: Solgaleo
|-supereffective|p2a: Solgaleo
|-damage|p2a: Solgaleo|18\/100
|-damage|p1a: Gengar|11\/227|[from] item: Life Orb
|move|p2a: Solgaleo|Zen Headbutt|p1a: Gengar
|-supereffective|p1a: Gengar
|-damage|p1a: Gengar|0 fnt
|faint|p1a: Gengar
|
|-heal|p2a: Solgaleo|24\/100|[from] item: Leftovers
|upkeep
|c|☆H2OPulse|Ow
|
|t:|1609704520
|switch|p1a: Cradily|Cradily, L88, M|244\/295
|turn|13
|
|t:|1609704526
|move|p2a: Solgaleo|Morning Sun|p2a: Solgaleo
|-heal|p2a: Solgaleo|74\/100
|move|p1a: Cradily|Seed Bomb|p2a: Solgaleo
|-resisted|p2a: Solgaleo
|-damage|p2a: Solgaleo|62\/100
|
|-heal|p2a: Solgaleo|69\/100|[from] item: Leftovers
|-heal|p1a: Cradily|262\/295|[from] item: Leftovers
|upkeep
|turn|14
|c|☆inkbug1|hm thats unideal
|
|t:|1609704542
|switch|p2a: Leavanny|Leavanny, L86, F|100\/100
|-damage|p2a: Leavanny|76\/100|[from] Stealth Rock
|switch|p1a: Arceus|Arceus-Ice, L78|315\/315
|
|upkeep
|turn|15
|c|☆inkbug1|a
|c|☆inkbug1|im sorry my last two are ice type :')
|c|☆H2OPulse|why are you weak to everything please,,,
|c|☆H2OPulse|Pfff
|
|t:|1609704560
|detailschange|p2a: Leavanny|Leavanny-Mega, L86, F
|-mega|p2a: Leavanny|Leavanny|Leavannite
|-start|p2a: Leavanny|typechange|Bug\/Grass|[silent]
|raw|<ul class="utilichart"><li class="result"><span class="col pokemonnamecol" style="white-space: nowrap">Leavanny-Mega<\/span> <span class="col typecol"><img src="https:\/\/play.pokemonshowdown.com\/sprites\/types\/Bug.png" alt="Bug" height="14" width="32"><img src="https:\/\/play.pokemonshowdown.com\/sprites\/types\/Grass.png" alt="Grass" height="14" width="32"><\/span> <span style="float: left ; min-height: 26px"><span class="col abilitycol">Parental Bond<\/span><span class="col abilitycol"><\/span><\/span><span style="float: left ; min-height: 26px"><span class="col statcol"><em>HP<\/em><br>75<\/span> <span class="col statcol"><em>Atk<\/em><br>133<\/span> <span class="col statcol"><em>Def<\/em><br>100<\/span> <span class="col statcol"><em>SpA<\/em><br>80<\/span> <span class="col statcol"><em>SpD<\/em><br>100<\/span> <span class="col statcol"><em>Spe<\/em><br>112<\/span> <\/span><\/li><li style="clear: both"><\/li><\/ul>
|move|p2a: Leavanny|Quiver Dance|p2a: Leavanny
|-boost|p2a: Leavanny|spa|1
|-boost|p2a: Leavanny|spd|1
|-boost|p2a: Leavanny|spe|1
|move|p1a: Arceus|Calm Mind|p1a: Arceus
|-boost|p1a: Arceus|spa|1
|-boost|p1a: Arceus|spd|1
|
|upkeep
|turn|16
|c|☆inkbug1|you uh. you sure do outspeed though.
|
|t:|1609704587
|move|p2a: Leavanny|Apple Acid|p1a: Arceus
|-damage|p1a: Arceus|245\/315
|-unboost|p1a: Arceus|spd|1
|-damage|p1a: Arceus|221\/315
|-unboost|p1a: Arceus|spd|1
|-hitcount|p1a: Arceus|2
|move|p1a: Arceus|Fire Blast|p2a: Leavanny
|-supereffective|p2a: Leavanny
|-damage|p2a: Leavanny|0 fnt
|faint|p2a: Leavanny
|
|upkeep
|c|☆H2OPulse|you're gonna tank this though I bet
|c|☆H2OPulse|yes
|
|t:|1609704601
|switch|p2a: Liepard|Liepard, L88, M|100\/100
|-damage|p2a: Liepard|88\/100|[from] Stealth Rock
|turn|17
|c|☆inkbug1|why did the first one do like four times as much 
|c|☆H2OPulse|Parental Bond
|c|☆inkbug1|isnt it supposed to be half..? 
|c|☆H2OPulse|Ah, nope, Gen VII nerfed it
|c|☆inkbug1|ah
|
|t:|1609704634
|move|p2a: Liepard|Copycat|p2a: Liepard
|move|p2a: Liepard|Fire Blast|p1a: Arceus|[from]move: Copycat|[miss]
|-miss|p2a: Liepard|p1a: Arceus
|move|p1a: Arceus|Judgment|p2a: Liepard
|-damage|p2a: Liepard|0 fnt
|faint|p2a: Liepard
|
|upkeep
|c|☆H2OPulse|Noooo
|c|☆inkbug1|oh that would have been so sick im so soryr
|c|☆H2OPulse|Pff
|
|t:|1609704656
|switch|p2a: Ditto|Ditto, L88|80\/100
|-damage|p2a: Ditto|68\/100|[from] Stealth Rock
|-transform|p2a: Ditto|p1a: Arceus|[from] ability: Imposter
|turn|18
|
|t:|1609704663
|switch|p1a: Cradily|Cradily, L88, M|262\/295
|move|p2a: Ditto|Fire Blast|p1a: Cradily
|-damage|p1a: Cradily|160\/295
|
|-heal|p1a: Cradily|178\/295|[from] item: Leftovers
|upkeep
|turn|19
|c|☆inkbug1|cradily is a __monster__
|
|t:|1609704678
|switch|p2a: Solgaleo|Solgaleo, L78|69\/100
|-damage|p2a: Solgaleo|62\/100|[from] Stealth Rock
|move|p1a: Cradily|Rock Slide|p2a: Solgaleo
|-resisted|p2a: Solgaleo
|-damage|p2a: Solgaleo|53\/100
|
|-heal|p2a: Solgaleo|59\/100|[from] item: Leftovers
|-heal|p1a: Cradily|196\/295|[from] item: Leftovers
|upkeep
|turn|20
|c|☆inkbug1|i lose to solgaleo tho
|c|☆H2OPulse|F a i r
|
|t:|1609704703
|move|p2a: Solgaleo|Sunsteel Strike|p1a: Cradily
|-supereffective|p1a: Cradily
|-damage|p1a: Cradily|0 fnt
|faint|p1a: Cradily
|
|-heal|p2a: Solgaleo|65\/100|[from] item: Leftovers
|upkeep
|
|t:|1609704709
|switch|p1a: Arceus|Arceus-Ice, L78|221\/315
|turn|21
|c|☆H2OPulse|I love Solgaleo it's a very pretty design
|c|☆inkbug1|yea...
|c|☆H2OPulse|The Cosmog line is so good
|
|t:|1609704722
|move|p1a: Arceus|Fire Blast|p2a: Solgaleo
|-supereffective|p2a: Solgaleo
|-crit|p2a: Solgaleo
|-damage|p2a: Solgaleo|0 fnt
|faint|p2a: Solgaleo
|
|upkeep
|c|☆H2OPulse|Mm darn
|
|t:|1609704728
|switch|p2a: Ditto|Ditto, L88|68\/100
|-damage|p2a: Ditto|55\/100|[from] Stealth Rock
|-transform|p2a: Ditto|p1a: Arceus|[from] ability: Imposter
|turn|22
|c|☆inkbug1|haha ha ha im in danger
|
|t:|1609704740
|move|p2a: Ditto|Fire Blast|p1a: Arceus|[miss]
|-miss|p2a: Ditto|p1a: Arceus
|move|p1a: Arceus|Calm Mind|p1a: Arceus
|-boost|p1a: Arceus|spa|1
|-boost|p1a: Arceus|spd|1
|
|upkeep
|turn|23
|c|☆inkbug1|or not
|c|☆inkbug1|copying fire blast just is not working out for u today
|
|t:|1609704755
|switch|p2a: Entei|Entei, L84|48\/100
|-damage|p2a: Entei|23\/100|[from] Stealth Rock
|move|p1a: Arceus|Fire Blast|p2a: Entei
|-resisted|p2a: Entei
|-damage|p2a: Entei|2\/100
|
|upkeep
|turn|24
|c|☆H2OPulse|Fjfjkgg yeah
|
|t:|1609704764
|move|p2a: Entei|Extreme Speed|p1a: Arceus
|-damage|p1a: Arceus|144\/315
|move|p1a: Arceus|Thunderbolt|p2a: Entei
|-damage|p2a: Entei|0 fnt
|faint|p2a: Entei
|
|upkeep
|
|t:|1609704767
|switch|p2a: Ditto|Ditto, L88|55\/100
|-damage|p2a: Ditto|43\/100|[from] Stealth Rock
|-transform|p2a: Ditto|p1a: Arceus|[from] ability: Imposter
|turn|25
|c|☆H2OPulse|Okay, take... threeee?
|
|t:|1609704777
|move|p2a: Ditto|Fire Blast|p1a: Arceus
|-supereffective|p1a: Arceus
|-damage|p1a: Arceus|0 fnt
|faint|p1a: Arceus
|
|upkeep
|c|☆H2OPulse|THERE we go,
|
|t:|1609704784
|switch|p1a: Articuno|Articuno, L88|302\/302
|-ability|p1a: Articuno|Pressure
|turn|26
|c|☆inkbug1|:') 
|
|t:|1609704790
|move|p2a: Ditto|Fire Blast|p1a: Articuno|[miss]
|-miss|p2a: Ditto|p1a: Articuno
|move|p1a: Articuno|Hurricane|p2a: Ditto
|-crit|p2a: Ditto
|-damage|p2a: Ditto|0 fnt
|faint|p2a: Ditto
|
|win|inkbug1
|c|☆inkbug1|oh okay. 
|c|☆H2OPulse|PFFF
|c|☆inkbug1|thats not how i expected that turn to go
|c|☆H2OPulse|Good ga m e :'D
|c|☆inkbug1|gg,,</script>
</div>
<div class="battle-log battle-log-inline"><div class="inner"><div class="battle-options"><div style="padding-top: 3px; padding-right: 3px; text-align: right"><button class="icon button" name="openBattleOptions" title="Options">Battle Options</button></div></div><div class="inner message-log"><div class="chat"><small>☆inkbug1 and ☆H2OPulse joined</small></div><div class=""><small>Format:</small> <br><strong>[Gen 8] M4A Random Battle</strong></div><div class=""><small><em>Dynamax Clause:</em> You cannot dynamax</small></div><div class=""><small><em>Species Clause:</em> Limit one of each Pokémon</small></div><div class=""><small><em>HP Percentage Mod:</em> HP is shown in percentages</small></div><div class=""><small><em>Sleep Clause Mod:</em> Limit one foe put to sleep</small></div><div class=""><small><em>Freeze Clause Mod:</em> Limit one foe frozen</small></div><div class="spacer battle-history"><br></div><div class="battle-history"><small>Your Mega Evolution this match is:</small><br></div><div class="battle-history"><small>(Jolteon-Mega (Electric); Ability: Tempestuous (Gains the effect of Charge when replacing a fainted ally.); Stats: 65 HP / 65 Atk / 60 Def / 160 SpA / 125 SpD / 150 Spe)</small><br></div><div class="battle-history"><small>Use the command /dt for more information!</small><br></div><div class="spacer battle-history"><br></div><div class="battle-history">Battle started between inkbug1 and H2OPulse!<br></div><div class="spacer battle-history"><br></div><div class="battle-history">Go! <strong>Tyrantrum</strong>!<br></div><div class="spacer battle-history"><br></div><div class="battle-history">H2OPulse sent out <strong>Ditto</strong>!<br></div><div class="battle-history">[The opposing Ditto's Imposter]<br>The opposing Ditto transformed into Tyrantrum!<br></div><div class="spacer battle-history"><br></div><h2 class="battle-history">Turn 1</h2><div class="chat chatmessage-h2opulse"><strong style="color:#6e8c2b"><small>☆</small><span class="username" data-name="H2OPulse">H2OPulse</span>:</strong> <em>GASP</em></div><div class="chat chatmessage-inkbug1 mine"><strong style="color:#e46e0f"><small>☆</small><span class="username" data-name="inkbug1">inkbug1</span>:</strong> <em>oh rando you shouldnt have</em></div><div class="chat chatmessage-h2opulse"><strong style="color:#6e8c2b"><small>☆</small><span class="username" data-name="H2OPulse">H2OPulse</span>:</strong> <em>I'M INTERESTED IN MINE THIS TIME PLEASE LET THIS WORK</em></div><div class="chat chatmessage-inkbug1 mine"><strong style="color:#e46e0f"><small>☆</small><span class="username" data-name="inkbug1">inkbug1</span>:</strong> <em>um i have nothing for the current predicament though,</em></div><div class="chat chatmessage-inkbug1 mine"><strong style="color:#e46e0f"><small>☆</small><span class="username" data-name="inkbug1">inkbug1</span>:</strong> <em>oh wait </em></div><div class="chat chatmessage-inkbug1 mine"><strong style="color:#e46e0f"><small>☆</small><span class="username" data-name="inkbug1">inkbug1</span>:</strong> <em>wait hes not here</em></div><div class="chat"><small> BotwNerd745 and  abismal joined</small></div><div class="spacer battle-history"><br></div><div class="battle-history">H2OPulse withdrew Ditto!<br></div><div class="battle-history">H2OPulse sent out <strong>Rhyperior</strong>!<br></div><div class="spacer battle-history"><br></div><div class="battle-history">Tyrantrum used <strong>Dragon Dance</strong>!<br></div><div class="battle-history"><small>Tyrantrum's Attack rose!</small><br></div><div class="battle-history"><small>Tyrantrum's Speed rose!</small><br></div><div class="spacer battle-history"><br></div><h2 class="battle-history">Turn 2</h2><div class="chat chatmessage-inkbug1 mine"><strong style="color:#e46e0f"><small>☆</small><span class="username" data-name="inkbug1">inkbug1</span>:</strong> <em>oh thank god ok</em></div><div class="spacer battle-history"><br></div><div class="battle-history">Tyrantrum used <strong>Superpower</strong>!<br></div><div class="battle-history"><small>It's super effective!</small><br></div><div class="battle-history"><small>(The opposing Rhyperior lost 67% of its health!)</small><br></div><div class="battle-history"><small>Tyrantrum's Attack fell!</small><br></div><div class="battle-history"><small>Tyrantrum's Defense fell!</small><br></div><div class="battle-history"><small>Tyrantrum lost some of its HP!</small><br></div><div class="spacer battle-history"><br></div><div class="battle-history">The opposing Rhyperior used <strong>Earthquake</strong>!<br></div><div class="battle-history"><small>It's super effective!</small><br></div><div class="battle-history"><small>(Tyrantrum lost <abbr title="−248/275">90.2%</abbr> of its health!)</small><br></div><div class="spacer battle-history"><br></div><div class="battle-history">Tyrantrum fainted!<br></div><div class="chat chatmessage-h2opulse"><strong style="color:#6e8c2b"><small>☆</small><span class="username" data-name="H2OPulse">H2OPulse</span>:</strong> <em><s>bold of you</s></em></div><div class="chat chatmessage-inkbug1 mine"><strong style="color:#e46e0f"><small>☆</small><span class="username" data-name="inkbug1">inkbug1</span>:</strong> <em>hey botw did your jolteon in that first match have folt switch </em></div><div class="chat chatmessage-inkbug1 mine"><strong style="color:#e46e0f"><small>☆</small><span class="username" data-name="inkbug1">inkbug1</span>:</strong> <em>volt*</em></div><div class="spacer battle-history"><br></div><div class="battle-history">Go! <strong>Jolteon</strong>!<br></div><div class="spacer battle-history"><br></div><h2 class="battle-history">Turn 3</h2><div class="chat"><small> abismal left</small></div><div class="chat chatmessage-botwnerd745"><strong style="color:#9835de"><small> </small><span class="username" data-name="BotwNerd745">BotwNerd745</span>:</strong> <em>No</em></div><div class="spacer battle-history"><br></div><div class="battle-history"><small>Jolteon's Jolteonite is reacting to the Key Stone!</small><br>Jolteon has Mega Evolved into Mega Jolteon!<br></div><div class="battle-history">[Jolteon's Tempestuous]<br></div><div class="battle-history"><small>Jolteon's Sp. Def rose!</small><br></div><div class="chat"><ul class="utilichart"><li class="result"><span class="col pokemonnamecol" style="white-space: nowrap">Jolteon-Mega</span> <span class="col typecol"><img src="https://play.pokemonshowdown.com/sprites/types/Electric.png" alt="Electric" height="14" width="32"></span> <span style="float: left ; min-height: 26px"><span class="col abilitycol">Tempestuous</span><span class="col abilitycol"></span></span><span style="float: left ; min-height: 26px"><span class="col statcol"><em>HP</em><br>65</span> <span class="col statcol"><em>Atk</em><br>65</span> <span class="col statcol"><em>Def</em><br>60</span> <span class="col statcol"><em>SpA</em><br>160</span> <span class="col statcol"><em>SpD</em><br>125</span> <span class="col statcol"><em>Spe</em><br>150</span> </span></li><li style="clear: both"></li></ul></div><div class="spacer battle-history"><br></div><div class="battle-history">Jolteon used <strong>Hidden Power</strong>!<br></div><div class="battle-history"><small>It's super effective!</small><br></div><div class="battle-history"><small>(The opposing Rhyperior lost 33% of its health!)</small><br></div><div class="spacer battle-history"><br></div><div class="battle-history">The opposing Rhyperior fainted!<br></div><div class="chat chatmessage-inkbug1 mine"><strong style="color:#e46e0f"><small>☆</small><span class="username" data-name="inkbug1">inkbug1</span>:</strong> <em>hmm</em></div><div class="chat chatmessage-h2opulse"><strong style="color:#6e8c2b"><small>☆</small><span class="username" data-name="H2OPulse">H2OPulse</span>:</strong> <em>Oh okay</em></div><div class="chat chatmessage-h2opulse"><strong style="color:#6e8c2b"><small>☆</small><span class="username" data-name="H2OPulse">H2OPulse</span>:</strong> <em>Wait what happens if</em></div><div class="chat chatmessage-inkbug1 mine"><strong style="color:#e46e0f"><small>☆</small><span class="username" data-name="inkbug1">inkbug1</span>:</strong> <em>you get it im p sure.</em></div><div class="spacer battle-history"><br></div><div class="battle-history">H2OPulse sent out <strong>Ditto</strong>!<br></div><div class="battle-history">[The opposing Ditto's Imposter]<br>The opposing Ditto transformed into Jolteon-Mega!<br></div><div class="battle-history">[The opposing Ditto's Tempestuous]<br></div><div class="battle-history"><small>The opposing Ditto's Sp. Def rose!</small><br></div><div class="spacer battle-history"><br></div><h2 class="battle-history">Turn 4</h2><div class="chat chatmessage-h2opulse"><strong style="color:#6e8c2b"><small>☆</small><span class="username" data-name="H2OPulse">H2OPulse</span>:</strong> <em>Haaaa</em></div><div class="chat chatmessage-inkbug1 mine"><strong style="color:#e46e0f"><small>☆</small><span class="username" data-name="inkbug1">inkbug1</span>:</strong> <em>haha oh no</em></div><div class="chat chatmessage-h2opulse"><strong style="color:#6e8c2b"><small>☆</small><span class="username" data-name="H2OPulse">H2OPulse</span>:</strong> <em>Pff I'm HP Dark</em></div><div class="chat chatmessage-inkbug1 mine"><strong style="color:#e46e0f"><small>☆</small><span class="username" data-name="inkbug1">inkbug1</span>:</strong> <em>pfff</em></div><div class="spacer battle-history"><br></div><div class="battle-history">The opposing Ditto used <strong>Thunderbolt</strong>!<br></div><div class="battle-history"><small>It's not very effective...</small><br></div><div class="battle-history"><small>(Jolteon lost <abbr title="−78/241">32.4%</abbr> of its health!)</small><br></div><div class="spacer battle-history"><br></div><div class="battle-history">Jolteon used <strong>Calm Mind</strong>!<br></div><div class="battle-history"><small>Jolteon's Sp. Atk rose!</small><br></div><div class="battle-history"><small>Jolteon's Sp. Def rose!</small><br></div><div class="spacer battle-history"><br></div><h2 class="battle-history">Turn 5</h2><div class="chat chatmessage-h2opulse"><strong style="color:#6e8c2b"><small>☆</small><span class="username" data-name="H2OPulse">H2OPulse</span>:</strong> <em>That did not do enough</em></div><div class="spacer battle-history"><br></div><div class="battle-history">The opposing Ditto used <strong>Thunderbolt</strong>!<br></div><div class="battle-history"><small>It's not very effective...</small><br></div><div class="battle-history"><small>(Jolteon lost <abbr title="−30/241">12.4%</abbr> of its health!)</small><br></div><div class="spacer battle-history"><br></div><div class="battle-history">Jolteon used <strong>Calm Mind</strong>!<br></div><div class="battle-history"><small>Jolteon's Sp. Atk rose!</small><br></div><div class="battle-history"><small>Jolteon's Sp. Def rose!</small><br></div><div class="spacer battle-history"><br></div><h2 class="battle-history">Turn 6</h2><div class="spacer battle-history"><br></div><div class="battle-history">H2OPulse withdrew Ditto!<br></div><div class="battle-history">H2OPulse sent out <strong>Entei</strong>!<br></div><div class="spacer battle-history"><br></div><div class="battle-history">Jolteon used <strong>Shadow Ball</strong>!<br></div><div class="battle-history"><small>(The opposing Entei lost 52% of its health!)</small><br></div><div class="spacer battle-history"><br></div><h2 class="battle-history">Turn 7</h2><div class="spacer battle-history"><br></div><div class="battle-history">The opposing Entei used <strong>Extreme Speed</strong>!<br></div><div class="battle-history"><small>(Jolteon lost <abbr title="−133/241">55.2%</abbr> of its health!)</small><br></div><div class="spacer battle-history"><br></div><div class="battle-history">Jolteon fainted!<br></div><div class="chat chatmessage-inkbug1 mine"><strong style="color:#e46e0f"><small>☆</small><span class="username" data-name="inkbug1">inkbug1</span>:</strong> <em>haha okay,,</em></div><div class="chat chatmessage-h2opulse"><strong style="color:#6e8c2b"><small>☆</small><span class="username" data-name="H2OPulse">H2OPulse</span>:</strong> <em>THANK GOODNESS</em></div><div class="spacer battle-history"><br></div><div class="battle-history">Go! <strong>Gengar</strong>!<br></div><div class="spacer battle-history"><br></div><h2 class="battle-history">Turn 8</h2><div class="chat chatmessage-h2opulse"><strong style="color:#6e8c2b"><small>☆</small><span class="username" data-name="H2OPulse">H2OPulse</span>:</strong> <em>Ditto is so scary to use</em></div><div class="spacer battle-history"><br></div><div class="battle-history">H2OPulse withdrew Entei!<br></div><div class="battle-history">H2OPulse sent out <strong>Ditto</strong>!<br></div><div class="battle-history">[The opposing Ditto's Imposter]<br>The opposing Ditto transformed into Gengar!<br></div><div class="spacer battle-history"><br></div><div class="battle-history">Gengar used <strong>Sludge Wave</strong>!<br></div><div class="battle-history"><small>It's not very effective...</small><br></div><div class="battle-history"><small>(The opposing Ditto lost 20% of its health!)</small><br></div><div class="battle-history"><small>Gengar lost some of its HP!</small><br></div><div class="spacer battle-history"><br></div><h2 class="battle-history">Turn 9</h2><div class="chat chatmessage-inkbug1 mine"><strong style="color:#e46e0f"><small>☆</small><span class="username" data-name="inkbug1">inkbug1</span>:</strong> <em>haha thats not good.</em></div><div class="spacer battle-history"><br></div><div class="battle-history">Gengar, come back!<br></div><div class="battle-history">Go! <strong>Cradily</strong>!<br></div><div class="spacer battle-history"><br></div><div class="battle-history">The opposing Ditto used <strong>Shadow Ball</strong>!<br></div><div class="battle-history"><small>(Cradily lost <abbr title="−87/295">29.5%</abbr> of its health!)</small><br></div><div class="spacer battle-history"><br></div><div class="battle-history"><small>Cradily restored a little HP using its Leftovers!</small><br></div><div class="spacer battle-history"><br></div><h2 class="battle-history">Turn 10</h2><div class="chat"><small>☆H2OPulse left</small></div><div class="chat chatmessage-inkbug1 mine"><strong style="color:#e46e0f"><small>☆</small><span class="username" data-name="inkbug1">inkbug1</span>:</strong> <em>oh thank god this things spd is nasty apparently</em></div><div class="chat"><small>☆H2OPulse joined</small></div><div class="spacer battle-history"><br></div><div class="battle-history">H2OPulse withdrew Ditto!<br></div><div class="battle-history">H2OPulse sent out <strong>Solgaleo</strong>!<br></div><div class="spacer battle-history"><br></div><div class="battle-history">Cradily used <strong>Stealth Rock</strong>!<br></div><div class="battle-history"><small>Pointed stones float in the air around the opposing team!</small><br></div><div class="spacer battle-history"><br></div><div class="battle-history"><small>Cradily restored a little HP using its Leftovers!</small><br></div><div class="spacer battle-history"><br></div><h2 class="battle-history">Turn 11</h2><div class="chat chatmessage-inkbug1 mine"><strong style="color:#e46e0f"><small>☆</small><span class="username" data-name="inkbug1">inkbug1</span>:</strong> <em>a</em></div><div class="chat chatmessage-inkbug1 mine"><strong style="color:#e46e0f"><small>☆</small><span class="username" data-name="inkbug1">inkbug1</span>:</strong> <em>yeah i am fucked w/o jolteon oops</em></div><div class="chat chatmessage-h2opulse"><strong style="color:#6e8c2b"><small>☆</small><span class="username" data-name="H2OPulse">H2OPulse</span>:</strong> <em><s>I really want to use my Mega aaaa why is it weak to everything</s></em></div><div class="spacer battle-history"><br></div><div class="battle-history">Cradily, come back!<br></div><div class="battle-history">Go! <strong>Gengar</strong>!<br></div><div class="spacer battle-history"><br></div><div class="battle-history">The opposing Solgaleo used <strong>Sunsteel Strike</strong>!<br></div><div class="battle-history"><small>(Gengar lost <abbr title="−172/227">75.8%</abbr> of its health!)</small><br></div><div class="battle-history">[Gengar's Cursed Body]<br><small>The opposing Solgaleo's Sunsteel Strike was disabled!</small><br></div><div class="spacer battle-history"><br></div><h2 class="battle-history">Turn 12</h2><div class="chat chatmessage-inkbug1 mine"><strong style="color:#e46e0f"><small>☆</small><span class="username" data-name="inkbug1">inkbug1</span>:</strong> <em>oh sick</em></div><div class="spacer battle-history"><br></div><div class="battle-history">Gengar used <strong>Shadow Ball</strong>!<br></div><div class="battle-history"><small>It's super effective!</small><br></div><div class="battle-history"><small>(The opposing Solgaleo lost 82% of its health!)</small><br></div><div class="battle-history"><small>Gengar lost some of its HP!</small><br></div><div class="spacer battle-history"><br></div><div class="battle-history">The opposing Solgaleo used <strong>Zen Headbutt</strong>!<br></div><div class="battle-history"><small>It's super effective!</small><br></div><div class="battle-history"><small>(Gengar lost <abbr title="−11/227">4.8%</abbr> of its health!)</small><br></div><div class="spacer battle-history"><br></div><div class="battle-history">Gengar fainted!<br></div><div class="spacer battle-history"><br></div><div class="battle-history"><small>The opposing Solgaleo restored a little HP using its Leftovers!</small><br></div><div class="chat chatmessage-h2opulse"><strong style="color:#6e8c2b"><small>☆</small><span class="username" data-name="H2OPulse">H2OPulse</span>:</strong> <em>Ow</em></div><div class="spacer battle-history"><br></div><div class="battle-history">Go! <strong>Cradily</strong>!<br></div><div class="spacer battle-history"><br></div><h2 class="battle-history">Turn 13</h2><div class="spacer battle-history"><br></div><div class="battle-history">The opposing Solgaleo used <strong>Morning Sun</strong>!<br></div><div class="battle-history"><small>The opposing Solgaleo had its HP restored.</small><br></div><div class="spacer battle-history"><br></div><div class="battle-history">Cradily used <strong>Seed Bomb</strong>!<br></div><div class="battle-history"><small>It's not very effective...</small><br></div><div class="battle-history"><small>(The opposing Solgaleo lost 12% of its health!)</small><br></div><div class="spacer battle-history"><br></div><div class="battle-history"><small>The opposing Solgaleo restored a little HP using its Leftovers!</small><br></div><div class="battle-history"><small>Cradily restored a little HP using its Leftovers!</small><br></div><div class="spacer battle-history"><br></div><h2 class="battle-history">Turn 14</h2><div class="chat chatmessage-inkbug1 mine"><strong style="color:#e46e0f"><small>☆</small><span class="username" data-name="inkbug1">inkbug1</span>:</strong> <em>hm thats unideal</em></div><div class="spacer battle-history"><br></div><div class="battle-history">H2OPulse withdrew Solgaleo!<br></div><div class="battle-history">H2OPulse sent out <strong>Leavanny</strong>!<br></div><div class="battle-history"><small>Pointed stones dug into the opposing Leavanny!</small><br></div><div class="spacer battle-history"><br></div><div class="battle-history">Cradily, come back!<br></div><div class="battle-history">Go! Arceus (<strong>Arceus-Ice</strong>)!<br></div><div class="spacer battle-history"><br></div><h2 class="battle-history">Turn 15</h2><div class="chat chatmessage-inkbug1 mine"><strong style="color:#e46e0f"><small>☆</small><span class="username" data-name="inkbug1">inkbug1</span>:</strong> <em>a</em></div><div class="chat chatmessage-inkbug1 mine"><strong style="color:#e46e0f"><small>☆</small><span class="username" data-name="inkbug1">inkbug1</span>:</strong> <em>im sorry my last two are ice type :')</em></div><div class="chat chatmessage-h2opulse"><strong style="color:#6e8c2b"><small>☆</small><span class="username" data-name="H2OPulse">H2OPulse</span>:</strong> <em>why are you weak to everything please,,,</em></div><div class="chat chatmessage-h2opulse"><strong style="color:#6e8c2b"><small>☆</small><span class="username" data-name="H2OPulse">H2OPulse</span>:</strong> <em>Pfff</em></div><div class="spacer battle-history"><br></div><div class="battle-history"><small>The opposing Leavanny's Leavannite is reacting to the Key Stone!</small><br>The opposing Leavanny has Mega Evolved into Mega Leavanny!<br></div><div class="chat"><ul class="utilichart"><li class="result"><span class="col pokemonnamecol" style="white-space: nowrap">Leavanny-Mega</span> <span class="col typecol"><img src="https://play.pokemonshowdown.com/sprites/types/Bug.png" alt="Bug" height="14" width="32"><img src="https://play.pokemonshowdown.com/sprites/types/Grass.png" alt="Grass" height="14" width="32"></span> <span style="float: left ; min-height: 26px"><span class="col abilitycol">Parental Bond</span><span class="col abilitycol"></span></span><span style="float: left ; min-height: 26px"><span class="col statcol"><em>HP</em><br>75</span> <span class="col statcol"><em>Atk</em><br>133</span> <span class="col statcol"><em>Def</em><br>100</span> <span class="col statcol"><em>SpA</em><br>80</span> <span class="col statcol"><em>SpD</em><br>100</span> <span class="col statcol"><em>Spe</em><br>112</span> </span></li><li style="clear: both"></li></ul></div><div class="spacer battle-history"><br></div><div class="battle-history">The opposing Leavanny used <strong>Quiver Dance</strong>!<br></div><div class="battle-history"><small>The opposing Leavanny's Sp. Atk rose!</small><br></div><div class="battle-history"><small>The opposing Leavanny's Sp. Def rose!</small><br></div><div class="battle-history"><small>The opposing Leavanny's Speed rose!</small><br></div><div class="spacer battle-history"><br></div><div class="battle-history">Arceus used <strong>Calm Mind</strong>!<br></div><div class="battle-history"><small>Arceus's Sp. Atk rose!</small><br></div><div class="battle-history"><small>Arceus's Sp. Def rose!</small><br></div><div class="spacer battle-history"><br></div><h2 class="battle-history">Turn 16</h2><div class="chat chatmessage-inkbug1 mine"><strong style="color:#e46e0f"><small>☆</small><span class="username" data-name="inkbug1">inkbug1</span>:</strong> <em>you uh. you sure do outspeed though.</em></div><div class="spacer battle-history"><br></div><div class="battle-history">The opposing Leavanny used <strong>Apple Acid</strong>!<br></div><div class="battle-history"><small>(Arceus lost <abbr title="−70/315">22.2%</abbr> of its health!)</small><br></div><div class="battle-history"><small>Arceus's Sp. Def fell!</small><br></div><div class="battle-history"><small>(Arceus lost <abbr title="−24/315">7.6%</abbr> of its health!)</small><br></div><div class="battle-history"><small>Arceus's Sp. Def fell!</small><br></div><div class="battle-history"><small>The Pokémon was hit 2 times!</small><br></div><div class="spacer battle-history"><br></div><div class="battle-history">Arceus used <strong>Fire Blast</strong>!<br></div><div class="battle-history"><small>It's super effective!</small><br></div><div class="battle-history"><small>(The opposing Leavanny lost 76% of its health!)</small><br></div><div class="spacer battle-history"><br></div><div class="battle-history">The opposing Leavanny fainted!<br></div><div class="chat chatmessage-h2opulse"><strong style="color:#6e8c2b"><small>☆</small><span class="username" data-name="H2OPulse">H2OPulse</span>:</strong> <em>you're gonna tank this though I bet</em></div><div class="chat chatmessage-h2opulse"><strong style="color:#6e8c2b"><small>☆</small><span class="username" data-name="H2OPulse">H2OPulse</span>:</strong> <em>yes</em></div><div class="spacer battle-history"><br></div><div class="battle-history">H2OPulse sent out <strong>Liepard</strong>!<br></div><div class="battle-history"><small>Pointed stones dug into the opposing Liepard!</small><br></div><div class="spacer battle-history"><br></div><h2 class="battle-history">Turn 17</h2><div class="chat chatmessage-inkbug1 mine"><strong style="color:#e46e0f"><small>☆</small><span class="username" data-name="inkbug1">inkbug1</span>:</strong> <em>why did the first one do like four times as much </em></div><div class="chat chatmessage-h2opulse"><strong style="color:#6e8c2b"><small>☆</small><span class="username" data-name="H2OPulse">H2OPulse</span>:</strong> <em>Parental Bond</em></div><div class="chat chatmessage-inkbug1 mine"><strong style="color:#e46e0f"><small>☆</small><span class="username" data-name="inkbug1">inkbug1</span>:</strong> <em>isnt it supposed to be half..? </em></div><div class="chat chatmessage-h2opulse"><strong style="color:#6e8c2b"><small>☆</small><span class="username" data-name="H2OPulse">H2OPulse</span>:</strong> <em>Ah, nope, Gen VII nerfed it</em></div><div class="chat chatmessage-inkbug1 mine"><strong style="color:#e46e0f"><small>☆</small><span class="username" data-name="inkbug1">inkbug1</span>:</strong> <em>ah</em></div><div class="spacer battle-history"><br></div><div class="battle-history">The opposing Liepard used <strong>Copycat</strong>!<br></div><div class="spacer battle-history"><br></div><div class="battle-history">The opposing Liepard used <strong>Fire Blast</strong>!<br></div><div class="battle-history"><small>Arceus avoided the attack!</small><br></div><div class="spacer battle-history"><br></div><div class="battle-history">Arceus used <strong>Judgment</strong>!<br></div><div class="battle-history"><small>(The opposing Liepard lost 88% of its health!)</small><br></div><div class="spacer battle-history"><br></div><div class="battle-history">The opposing Liepard fainted!<br></div><div class="chat chatmessage-h2opulse"><strong style="color:#6e8c2b"><small>☆</small><span class="username" data-name="H2OPulse">H2OPulse</span>:</strong> <em>Noooo</em></div><div class="chat chatmessage-inkbug1 mine"><strong style="color:#e46e0f"><small>☆</small><span class="username" data-name="inkbug1">inkbug1</span>:</strong> <em>oh that would have been so sick im so soryr</em></div><div class="chat chatmessage-h2opulse"><strong style="color:#6e8c2b"><small>☆</small><span class="username" data-name="H2OPulse">H2OPulse</span>:</strong> <em>Pff</em></div><div class="spacer battle-history"><br></div><div class="battle-history">H2OPulse sent out <strong>Ditto</strong>!<br></div><div class="battle-history"><small>Pointed stones dug into the opposing Ditto!</small><br></div><div class="battle-history">[The opposing Ditto's Imposter]<br>The opposing Ditto transformed into Arceus-Ice!<br></div><div class="spacer battle-history"><br></div><h2 class="battle-history">Turn 18</h2><div class="spacer battle-history"><br></div><div class="battle-history">Arceus, come back!<br></div><div class="battle-history">Go! <strong>Cradily</strong>!<br></div><div class="spacer battle-history"><br></div><div class="battle-history">The opposing Ditto used <strong>Fire Blast</strong>!<br></div><div class="battle-history"><small>(Cradily lost <abbr title="−102/295">34.6%</abbr> of its health!)</small><br></div><div class="spacer battle-history"><br></div><div class="battle-history"><small>Cradily restored a little HP using its Leftovers!</small><br></div><div class="spacer battle-history"><br></div><h2 class="battle-history">Turn 19</h2><div class="chat chatmessage-inkbug1 mine"><strong style="color:#e46e0f"><small>☆</small><span class="username" data-name="inkbug1">inkbug1</span>:</strong> <em>cradily is a <i>monster</i></em></div><div class="spacer battle-history"><br></div><div class="battle-history">H2OPulse withdrew Ditto!<br></div><div class="battle-history">H2OPulse sent out <strong>Solgaleo</strong>!<br></div><div class="battle-history"><small>Pointed stones dug into the opposing Solgaleo!</small><br></div><div class="spacer battle-history"><br></div><div class="battle-history">Cradily used <strong>Rock Slide</strong>!<br></div><div class="battle-history"><small>It's not very effective...</small><br></div><div class="battle-history"><small>(The opposing Solgaleo lost 9% of its health!)</small><br></div><div class="spacer battle-history"><br></div><div class="battle-history"><small>The opposing Solgaleo restored a little HP using its Leftovers!</small><br></div><div class="battle-history"><small>Cradily restored a little HP using its Leftovers!</small><br></div><div class="spacer battle-history"><br></div><h2 class="battle-history">Turn 20</h2><div class="chat chatmessage-inkbug1 mine"><strong style="color:#e46e0f"><small>☆</small><span class="username" data-name="inkbug1">inkbug1</span>:</strong> <em>i lose to solgaleo tho</em></div><div class="chat chatmessage-h2opulse"><strong style="color:#6e8c2b"><small>☆</small><span class="username" data-name="H2OPulse">H2OPulse</span>:</strong> <em>F a i r</em></div><div class="spacer battle-history"><br></div><div class="battle-history">The opposing Solgaleo used <strong>Sunsteel Strike</strong>!<br></div><div class="battle-history"><small>It's super effective!</small><br></div><div class="battle-history"><small>(Cradily lost <abbr title="−196/295">66.4%</abbr> of its health!)</small><br></div><div class="spacer battle-history"><br></div><div class="battle-history">Cradily fainted!<br></div><div class="spacer battle-history"><br></div><div class="battle-history"><small>The opposing Solgaleo restored a little HP using its Leftovers!</small><br></div><div class="spacer battle-history"><br></div><div class="battle-history">Go! Arceus (<strong>Arceus-Ice</strong>)!<br></div><div class="spacer battle-history"><br></div><h2 class="battle-history">Turn 21</h2><div class="chat chatmessage-h2opulse"><strong style="color:#6e8c2b"><small>☆</small><span class="username" data-name="H2OPulse">H2OPulse</span>:</strong> <em>I love Solgaleo it's a very pretty design</em></div><div class="chat chatmessage-inkbug1 mine"><strong style="color:#e46e0f"><small>☆</small><span class="username" data-name="inkbug1">inkbug1</span>:</strong> <em>yea...</em></div><div class="chat chatmessage-h2opulse"><strong style="color:#6e8c2b"><small>☆</small><span class="username" data-name="H2OPulse">H2OPulse</span>:</strong> <em>The Cosmog line is so good</em></div><div class="spacer battle-history"><br></div><div class="battle-history">Arceus used <strong>Fire Blast</strong>!<br></div><div class="battle-history"><small>It's super effective!</small><br></div><div class="battle-history"><small>A critical hit!</small><br></div><div class="battle-history"><small>(The opposing Solgaleo lost 65% of its health!)</small><br></div><div class="spacer battle-history"><br></div><div class="battle-history">The opposing Solgaleo fainted!<br></div><div class="chat chatmessage-h2opulse"><strong style="color:#6e8c2b"><small>☆</small><span class="username" data-name="H2OPulse">H2OPulse</span>:</strong> <em>Mm darn</em></div><div class="spacer battle-history"><br></div><div class="battle-history">H2OPulse sent out <strong>Ditto</strong>!<br></div><div class="battle-history"><small>Pointed stones dug into the opposing Ditto!</small><br></div><div class="battle-history">[The opposing Ditto's Imposter]<br>The opposing Ditto transformed into Arceus-Ice!<br></div><div class="spacer battle-history"><br></div><h2 class="battle-history">Turn 22</h2><div class="chat chatmessage-inkbug1 mine"><strong style="color:#e46e0f"><small>☆</small><span class="username" data-name="inkbug1">inkbug1</span>:</strong> <em>haha ha ha im in danger</em></div><div class="spacer battle-history"><br></div><div class="battle-history">The opposing Ditto used <strong>Fire Blast</strong>!<br></div><div class="battle-history"><small>Arceus avoided the attack!</small><br></div><div class="spacer battle-history"><br></div><div class="battle-history">Arceus used <strong>Calm Mind</strong>!<br></div><div class="battle-history"><small>Arceus's Sp. Atk rose!</small><br></div><div class="battle-history"><small>Arceus's Sp. Def rose!</small><br></div><div class="spacer battle-history"><br></div><h2 class="battle-history">Turn 23</h2><div class="chat chatmessage-inkbug1 mine"><strong style="color:#e46e0f"><small>☆</small><span class="username" data-name="inkbug1">inkbug1</span>:</strong> <em>or not</em></div><div class="chat chatmessage-inkbug1 mine"><strong style="color:#e46e0f"><small>☆</small><span class="username" data-name="inkbug1">inkbug1</span>:</strong> <em>copying fire blast just is not working out for u today</em></div><div class="spacer battle-history"><br></div><div class="battle-history">H2OPulse withdrew Ditto!<br></div><div class="battle-history">H2OPulse sent out <strong>Entei</strong>!<br></div><div class="battle-history"><small>Pointed stones dug into the opposing Entei!</small><br></div><div class="spacer battle-history"><br></div><div class="battle-history">Arceus used <strong>Fire Blast</strong>!<br></div><div class="battle-history"><small>It's not very effective...</small><br></div><div class="battle-history"><small>(The opposing Entei lost 21% of its health!)</small><br></div><div class="spacer battle-history"><br></div><h2 class="battle-history">Turn 24</h2><div class="chat chatmessage-h2opulse"><strong style="color:#6e8c2b"><small>☆</small><span class="username" data-name="H2OPulse">H2OPulse</span>:</strong> <em>Fjfjkgg yeah</em></div><div class="spacer battle-history"><br></div><div class="battle-history">The opposing Entei used <strong>Extreme Speed</strong>!<br></div><div class="battle-history"><small>(Arceus lost <abbr title="−77/315">24.4%</abbr> of its health!)</small><br></div><div class="spacer battle-history"><br></div><div class="battle-history">Arceus used <strong>Thunderbolt</strong>!<br></div><div class="battle-history"><small>(The opposing Entei lost 2% of its health!)</small><br></div><div class="spacer battle-history"><br></div><div class="battle-history">The opposing Entei fainted!<br></div><div class="spacer battle-history"><br></div><div class="battle-history">H2OPulse sent out <strong>Ditto</strong>!<br></div><div class="battle-history"><small>Pointed stones dug into the opposing Ditto!</small><br></div><div class="battle-history">[The opposing Ditto's Imposter]<br>The opposing Ditto transformed into Arceus-Ice!<br></div><div class="spacer battle-history"><br></div><h2 class="battle-history">Turn 25</h2><div class="chat chatmessage-h2opulse"><strong style="color:#6e8c2b"><small>☆</small><span class="username" data-name="H2OPulse">H2OPulse</span>:</strong> <em>Okay, take... threeee?</em></div><div class="spacer battle-history"><br></div><div class="battle-history">The opposing Ditto used <strong>Fire Blast</strong>!<br></div><div class="battle-history"><small>It's super effective!</small><br></div><div class="battle-history"><small>(Arceus lost <abbr title="−144/315">45.7%</abbr> of its health!)</small><br></div><div class="spacer battle-history"><br></div><div class="battle-history">Arceus fainted!<br></div><div class="chat chatmessage-h2opulse"><strong style="color:#6e8c2b"><small>☆</small><span class="username" data-name="H2OPulse">H2OPulse</span>:</strong> <em>THERE we go,</em></div><div class="spacer battle-history"><br></div><div class="battle-history">Go! <strong>Articuno</strong>!<br></div><div class="battle-history">[Articuno's Pressure]<br><small>Articuno is exerting its pressure!</small><br></div><div class="spacer battle-history"><br></div><h2 class="battle-history">Turn 26</h2><div class="chat chatmessage-inkbug1 mine"><strong style="color:#e46e0f"><small>☆</small><span class="username" data-name="inkbug1">inkbug1</span>:</strong> <em>:') </em></div><div class="spacer battle-history"><br></div><div class="battle-history">The opposing Ditto used <strong>Fire Blast</strong>!<br></div><div class="battle-history"><small>Articuno avoided the attack!</small><br></div><div class="spacer battle-history"><br></div><div class="battle-history">Articuno used <strong>Hurricane</strong>!<br></div><div class="battle-history"><small>A critical hit!</small><br></div><div class="battle-history"><small>(The opposing Ditto lost 43% of its health!)</small><br></div><div class="spacer battle-history"><br></div><div class="battle-history">The opposing Ditto fainted!<br></div><div class="spacer battle-history"><br></div><div class="battle-history"><strong>inkbug1</strong> won the battle!<br></div><div class="chat chatmessage-inkbug1 mine"><strong style="color:#e46e0f"><small>☆</small><span class="username" data-name="inkbug1">inkbug1</span>:</strong> <em>oh okay. </em></div><div class="chat chatmessage-h2opulse"><strong style="color:#6e8c2b"><small>☆</small><span class="username" data-name="H2OPulse">H2OPulse</span>:</strong> <em>PFFF</em></div><div class="chat chatmessage-inkbug1 mine"><strong style="color:#e46e0f"><small>☆</small><span class="username" data-name="inkbug1">inkbug1</span>:</strong> <em>thats not how i expected that turn to go</em></div><div class="chat chatmessage-h2opulse"><strong style="color:#6e8c2b"><small>☆</small><span class="username" data-name="H2OPulse">H2OPulse</span>:</strong> <em>Good ga m e :'D</em></div><div class="chat chatmessage-inkbug1 mine"><strong style="color:#e46e0f"><small>☆</small><span class="username" data-name="inkbug1">inkbug1</span>:</strong> <em>gg,,</em></div></div><div class="inner-preempt message-log"></div></div></div>
</div>
<script>
let daily = Math.floor(Date.now()/1000/60/60/24);document.write('<script src="https://dragonheaven.herokuapp.com/js/replay-embed.js?version'+daily+'"></'+'script>');
</script>
