<!DOCTYPE html>
<meta charset="utf-8" />
<!-- version 1 -->
<title>[Gen 8] M4A Monotype replay: CCMegaFlareon vs. ViZarPKMN</title>
<style>
html,body {font-family:Verdana, sans-serif;font-size:10pt;margin:0;padding:0;}body{padding:12px 0;} .battle-log {font-family:Verdana, sans-serif;font-size:10pt;} .battle-log-inline {border:1px solid #AAAAAA;background:#EEF2F5;color:black;max-width:640px;margin:0 auto 80px;padding-bottom:5px;} .battle-log .inner {padding:4px 8px 0px 8px;} .battle-log .inner-preempt {padding:0 8px 4px 8px;} .battle-log .inner-after {margin-top:0.5em;} .battle-log h2 {margin:0.5em -8px;padding:4px 8px;border:1px solid #AAAAAA;background:#E0E7EA;border-left:0;border-right:0;font-family:Verdana, sans-serif;font-size:13pt;} .battle-log .chat {vertical-align:middle;padding:3px 0 3px 0;font-size:8pt;} .battle-log .chat strong {color:#40576A;} .battle-log .chat em {padding:1px 4px 1px 3px;color:#000000;font-style:normal;} .chat.mine {background:rgba(0,0,0,0.05);margin-left:-8px;margin-right:-8px;padding-left:8px;padding-right:8px;} .spoiler {color:#BBBBBB;background:#BBBBBB;padding:0px 3px;} .spoiler:hover, .spoiler:active, .spoiler-shown {color:#000000;background:#E2E2E2;padding:0px 3px;} .spoiler a {color:#BBBBBB;} .spoiler:hover a, .spoiler:active a, .spoiler-shown a {color:#2288CC;} .chat code, .chat .spoiler:hover code, .chat .spoiler:active code, .chat .spoiler-shown code {border:1px solid #C0C0C0;background:#EEEEEE;color:black;padding:0 2px;} .chat .spoiler code {border:1px solid #CCCCCC;background:#CCCCCC;color:#CCCCCC;} .battle-log .rated {padding:3px 4px;} .battle-log .rated strong {color:white;background:#89A;padding:1px 4px;border-radius:4px;} .spacer {margin-top:0.5em;} .message-announce {background:#6688AA;color:white;padding:1px 4px 2px;} .message-announce a, .broadcast-green a, .broadcast-blue a, .broadcast-red a {color:#DDEEFF;} .broadcast-green {background-color:#559955;color:white;padding:2px 4px;} .broadcast-blue {background-color:#6688AA;color:white;padding:2px 4px;} .infobox {border:1px solid #6688AA;padding:2px 4px;} .infobox-limited {max-height:200px;overflow:auto;overflow-x:hidden;} .broadcast-red {background-color:#AA5544;color:white;padding:2px 4px;} .message-learn-canlearn {font-weight:bold;color:#228822;text-decoration:underline;} .message-learn-cannotlearn {font-weight:bold;color:#CC2222;text-decoration:underline;} .message-effect-weak {font-weight:bold;color:#CC2222;} .message-effect-resist {font-weight:bold;color:#6688AA;} .message-effect-immune {font-weight:bold;color:#666666;} .message-learn-list {margin-top:0;margin-bottom:0;} .message-throttle-notice, .message-error {color:#992222;} .message-overflow, .chat small.message-overflow {font-size:0pt;} .message-overflow::before {font-size:9pt;content:'...';} .subtle {color:#3A4A66;}
</style>
<div class="wrapper replay-wrapper" style="max-width:1180px;margin:0 auto">
<input type="hidden" name="replayid" value="dragonheaven-gen8m4amonotype-911" />
<div class="battle"></div><div class="battle-log"></div><div class="replay-controls"></div><div class="replay-controls-2"></div>
<h1 style="font-weight:normal;text-align:center"><strong>[Gen 8] M4A Monotype</strong><br /><a href="http://pokemonshowdown.com/users/ccmegaflareon" class="subtle" target="_blank">CCMegaFlareon</a> vs. <a href="http://pokemonshowdown.com/users/vizarpkmn" class="subtle" target="_blank">ViZarPKMN</a></h1>
<script type="text/plain" class="battle-log-data">|j|☆CCMegaFlareon
|j|☆ViZarPKMN

|t:|1609281229
|player|p1|CCMegaFlareon|giovanni|
|player|p2|ViZarPKMN|benga|
|teamsize|p1|6
|teamsize|p2|6
|gametype|singles
|gen|8
|tier|[Gen 8] M4A Monotype
|rule|Same Type Clause: Pokémon in a team must share a type
|clearpoke
|poke|p1|Slowbro, M|
|poke|p1|Victini|
|poke|p1|Tapu Lele|
|poke|p1|Jirachi|
|poke|p1|Alakazam, F|
|poke|p1|Starmie|
|poke|p2|Magcargo, F|
|poke|p2|Heatran, F|
|poke|p2|Victini|
|poke|p2|Torkoal, F|
|poke|p2|Volcanion|
|poke|p2|Talonflame, M|
|rule|HP Percentage Mod: HP is shown in percentages
|rule|Endless Battle Clause: Forcing endless battles is banned
|rule|OHKO Clause: OHKO moves are banned
|rule|Evasion Moves Clause: Evasion moves are banned
|rule|Species Clause: Limit one of each Pokémon
|rule|Dynamax Clause: You cannot dynamax
|rule|Sleep Clause Mod: Limit one foe put to sleep
|rule|Freeze Clause Mod: Limit one foe frozen
|teampreview
|c|☆ViZarPKMN|glhf
|c|☆CCMegaFlareon|gl hf
|
|t:|1609281264
|start
|switch|p1a: Tapu Lele|Tapu Lele|100\/100
|switch|p2a: Summer Nights|Torkoal, F|343\/343
|-fieldstart|move: Psychic Terrain|[from] ability: Psychic Surge|[of] p1a: Tapu Lele
|-weather|SunnyDay|[from] ability: Drought|[of] p2a: Summer Nights
|turn|1
|
|t:|1609281278
|move|p1a: Tapu Lele|Psychic|p2a: Summer Nights
|-damage|p2a: Summer Nights|0 fnt
|faint|p2a: Summer Nights
|
|-weather|SunnyDay|[upkeep]
|upkeep
|
|t:|1609281280
|switch|p2a: Easier|Victini|341\/341
|turn|2
|
|t:|1609281288
|switch|p1a: Slowbro|Slowbro, M|100\/100
|move|p2a: Easier|U-turn|p1a: Slowbro
|-supereffective|p1a: Slowbro
|-damage|p1a: Slowbro|65\/100
|
|t:|1609281292
|switch|p2a: No Lullaby|Magcargo, F|261\/261
|
|-weather|SunnyDay|[upkeep]
|upkeep
|turn|3
|
|t:|1609281301
|detailschange|p2a: No Lullaby|Magcargo-Mega, F
|-mega|p2a: No Lullaby|Magcargo|Magcargonite
|-start|p2a: No Lullaby|typechange|Fire|[silent]
|raw|<ul class="utilichart"><li class="result"><span class="col pokemonnamecol" style="white-space: nowrap">Magcargo-Mega<\/span> <span class="col typecol"><img src="https:\/\/play.pokemonshowdown.com\/sprites\/types\/Fire.png" alt="Fire" height="14" width="32"><\/span> <span style="float: left ; min-height: 26px"><span class="col abilitycol">Volcanic Singe<\/span><span class="col abilitycol"><\/span><\/span><span style="float: left ; min-height: 26px"><span class="col statcol"><em>HP<\/em><br>60<\/span> <span class="col statcol"><em>Atk<\/em><br>135<\/span> <span class="col statcol"><em>Def<\/em><br>80<\/span> <span class="col statcol"><em>SpA<\/em><br>135<\/span> <span class="col statcol"><em>SpD<\/em><br>80<\/span> <span class="col statcol"><em>Spe<\/em><br>40<\/span> <\/span><\/li><li style="clear: both"><\/li><\/ul>
|move|p2a: No Lullaby|Shell Smash|p2a: No Lullaby
|-ability|p2a: No Lullaby|Volcanic Singe
|-message|The air around No Lullaby's team was superheated!
|-hint|During Volcanic Singe, making contact with a Pokémon on No Lullaby's team will result in a burn!
|-hint|The effect is extended each time No Lullaby's stats are lowered!
|-unboost|p2a: No Lullaby|def|1
|-unboost|p2a: No Lullaby|spd|1
|-boost|p2a: No Lullaby|atk|2
|-boost|p2a: No Lullaby|spa|2
|-boost|p2a: No Lullaby|spe|2
|move|p1a: Slowbro|Teleport|p1a: Slowbro
|
|t:|1609281328
|switch|p1a: Alakazam|Alakazam, F|100\/100|[from]move: Teleport
|
|-weather|SunnyDay|[upkeep]
|-message|There are 2 turns left of Volcanic Singe!
|upkeep
|turn|4
|
|t:|1609281337
|switch|p2a: I Can't Wait|Heatran, F|323\/323
|move|p1a: Alakazam|Expanding Force|p2a: I Can't Wait
|-resisted|p2a: I Can't Wait
|-crit|p2a: I Can't Wait
|-damage|p2a: I Can't Wait|114\/323
|
|-weather|SunnyDay|[upkeep]
|-message|There is one turn left of Volcanic Singe!
|upkeep
|turn|5
|
|t:|1609281353
|switch|p1a: Slowbro|Slowbro, M|98\/100
|move|p2a: I Can't Wait|Fire Blast|p1a: Slowbro
|-resisted|p1a: Slowbro
|-damage|p1a: Slowbro|53\/100
|
|-weather|SunnyDay|[upkeep]
|-message|The air around No Lullaby's team cooled down!
|-fieldend|move: Psychic Terrain
|upkeep
|turn|6
|
|t:|1609281361
|switch|p2a: Brothers|Volcanion|301\/301
|move|p1a: Slowbro|Slack Off|p1a: Slowbro
|-heal|p1a: Slowbro|100\/100
|
|-weather|SunnyDay|[upkeep]
|upkeep
|turn|7
|
|t:|1609281368
|move|p2a: Brothers|Steam Eruption|p1a: Slowbro
|-resisted|p1a: Slowbro
|-damage|p1a: Slowbro|83\/100
|move|p1a: Slowbro|Future Sight|p2a: Brothers
|-start|p1a: Slowbro|move: Future Sight
|
|-weather|SunnyDay|[upkeep]
|upkeep
|turn|8
|
|t:|1609281382
|move|p2a: Brothers|Earth Power|p1a: Slowbro
|-damage|p1a: Slowbro|45\/100
|move|p1a: Slowbro|Teleport|p1a: Slowbro
|
|t:|1609281396
|switch|p1a: Victini|Victini|100\/100|[from]move: Teleport
|
|-weather|none
|upkeep
|turn|9
|
|t:|1609281401
|move|p1a: Victini|Bolt Strike|p2a: Brothers
|-supereffective|p2a: Brothers
|-damage|p2a: Brothers|0 fnt
|faint|p2a: Brothers
|
|-hint|Future Sight did not hit because the target is the user.
|upkeep
|
|t:|1609281407
|switch|p2a: No Lullaby|Magcargo-Mega, F|261\/261
|-start|p2a: No Lullaby|typechange|Fire|[silent]
|turn|10
|
|t:|1609281418
|move|p1a: Victini|Bolt Strike|p2a: No Lullaby
|-damage|p2a: No Lullaby|46\/261
|move|p2a: No Lullaby|Earth Power|p1a: Victini
|-supereffective|p1a: Victini
|-damage|p1a: Victini|35\/100
|
|upkeep
|turn|11
|
|t:|1609281424
|switch|p2a: I Can't Wait|Heatran, F|114\/323
|move|p1a: Victini|Bolt Strike|p2a: I Can't Wait
|-damage|p2a: I Can't Wait|0 fnt
|faint|p2a: I Can't Wait
|
|upkeep
|
|t:|1609281437
|switch|p2a: 2 Feathers|Talonflame, M|297\/297
|turn|12
|
|t:|1609281441
|switch|p1a: Slowbro|Slowbro, M|79\/100
|move|p2a: 2 Feathers|Dual Wingbeat|p1a: Slowbro
|-damage|p1a: Slowbro|69\/100
|-damage|p1a: Slowbro|59\/100
|-hitcount|p1a: Slowbro|2
|
|upkeep
|turn|13
|
|t:|1609281448
|switch|p2a: Easier|Victini|341\/341
|move|p1a: Slowbro|Scald|p2a: Easier
|-supereffective|p2a: Easier
|-damage|p2a: Easier|161\/341
|
|upkeep
|turn|14
|
|t:|1609281455
|move|p2a: Easier|Bolt Strike|p1a: Slowbro
|-supereffective|p1a: Slowbro
|-damage|p1a: Slowbro|0 fnt
|faint|p1a: Slowbro
|
|upkeep
|
|t:|1609281465
|switch|p1a: Starmie|Starmie|100\/100
|turn|15
|
|t:|1609281469
|detailschange|p1a: Starmie|Starmie-Mega
|-mega|p1a: Starmie|Starmie|Starminite
|-ability|p1a: Starmie|Rotation|boost
|-boost|p1a: Starmie|def|1
|-start|p1a: Starmie|typechange|Water\/Psychic|[silent]
|raw|<ul class="utilichart"><li class="result"><span class="col pokemonnamecol" style="white-space: nowrap">Starmie-Mega<\/span> <span class="col typecol"><img src="https:\/\/play.pokemonshowdown.com\/sprites\/types\/Water.png" alt="Water" height="14" width="32"><img src="https:\/\/play.pokemonshowdown.com\/sprites\/types\/Psychic.png" alt="Psychic" height="14" width="32"><\/span> <span style="float: left ; min-height: 26px"><span class="col abilitycol">Rotation<\/span><span class="col abilitycol"><\/span><\/span><span style="float: left ; min-height: 26px"><span class="col statcol"><em>HP<\/em><br>60<\/span> <span class="col statcol"><em>Atk<\/em><br>75<\/span> <span class="col statcol"><em>Def<\/em><br>105<\/span> <span class="col statcol"><em>SpA<\/em><br>140<\/span> <span class="col statcol"><em>SpD<\/em><br>105<\/span> <span class="col statcol"><em>Spe<\/em><br>135<\/span> <\/span><\/li><li style="clear: both"><\/li><\/ul>
|move|p1a: Starmie|Scald|p2a: Easier
|-supereffective|p2a: Easier
|-crit|p2a: Easier
|-damage|p2a: Easier|0 fnt
|faint|p2a: Easier
|
|upkeep
|
|t:|1609281474
|switch|p2a: No Lullaby|Magcargo-Mega, F|46\/261
|-start|p2a: No Lullaby|typechange|Fire|[silent]
|turn|16
|c|☆ViZarPKMN|gg
|
|t:|1609281480
|move|p1a: Starmie|Scald|p2a: No Lullaby
|-supereffective|p2a: No Lullaby
|-damage|p2a: No Lullaby|0 fnt
|faint|p2a: No Lullaby
|
|upkeep
|-message|ViZarPKMN forfeited.
|
|win|CCMegaFlareon
|c|☆CCMegaFlareon|gg</script>
</div>
<div class="battle-log battle-log-inline"><div class="inner"><div class="battle-options"><div style="padding-top: 3px; padding-right: 3px; text-align: right"><button class="icon button" name="openBattleOptions" title="Options">Battle Options</button></div></div><div class="inner message-log"><div class="chat"><small>☆CCMegaFlareon and ☆ViZarPKMN joined</small></div><div class=""><small>Format:</small> <br><strong>[Gen 8] M4A Monotype</strong></div><div class=""><small><em>Same Type Clause:</em> Pokémon in a team must share a type</small></div><div class=""><small><em>HP Percentage Mod:</em> HP is shown in percentages</small></div><div class=""><small><em>Endless Battle Clause:</em> Forcing endless battles is banned</small></div><div class=""><small><em>OHKO Clause:</em> OHKO moves are banned</small></div><div class=""><small><em>Evasion Moves Clause:</em> Evasion moves are banned</small></div><div class=""><small><em>Species Clause:</em> Limit one of each Pokémon</small></div><div class=""><small><em>Dynamax Clause:</em> You cannot dynamax</small></div><div class=""><small><em>Sleep Clause Mod:</em> Limit one foe put to sleep</small></div><div class=""><small><em>Freeze Clause Mod:</em> Limit one foe frozen</small></div><div class="chat battle-history"><strong>CCMegaFlareon's team:</strong> <em style="color:#445566;display:block;">Slowbro / Victini / Tapu Lele / Jirachi / Alakazam / Starmie</em></div><div class="chat battle-history"><strong>ViZarPKMN's team:</strong> <em style="color:#445566;display:block;">Magcargo / Heatran / Victini / Torkoal / Volcanion / Talonflame</em></div><div class="chat chatmessage-vizarpkmn mine"><strong style="color:#4f78c0"><small>☆</small><span class="username" data-name="ViZarPKMN">ViZarPKMN</span>:</strong> <em>glhf</em></div><div class="chat chatmessage-ccmegaflareon"><strong style="color:#ac36b5"><small>☆</small><span class="username" data-name="CCMegaFlareon">CCMegaFlareon</span>:</strong> <em>gl hf</em></div><div class="spacer battle-history"><br></div><div class="battle-history">Battle started between CCMegaFlareon and ViZarPKMN!<br></div><div class="spacer battle-history"><br></div><div class="battle-history">CCMegaFlareon sent out <strong>Tapu Lele</strong>!<br></div><div class="spacer battle-history"><br></div><div class="battle-history">Go! Summer Nights (<strong>Torkoal</strong>)!<br></div><div class="battle-history">[The opposing Tapu Lele's Psychic Surge]<br><small>The battlefield got weird!</small><br></div><div class="battle-history">[Summer Nights's Drought]<br><small>The sunlight turned harsh!</small><br></div><div class="spacer battle-history"><br></div><h2 class="battle-history">Turn 1</h2><div class="spacer battle-history"><br></div><div class="battle-history">The opposing Tapu Lele used <strong>Psychic</strong>!<br></div><div class="battle-history"><small>(Summer Nights lost <abbr title="−343/343">100%</abbr> of its health!)</small><br></div><div class="spacer battle-history"><br></div><div class="battle-history">Summer Nights fainted!<br></div><div class="spacer battle-history"><br></div><div class="battle-history"><small>(The sunlight is strong.)</small><br></div><div class="spacer battle-history"><br></div><div class="battle-history">Go! Easier (<strong>Victini</strong>)!<br></div><div class="spacer battle-history"><br></div><h2 class="battle-history">Turn 2</h2><div class="spacer battle-history"><br></div><div class="battle-history">CCMegaFlareon withdrew Tapu Lele!<br></div><div class="battle-history">CCMegaFlareon sent out <strong>Slowbro</strong>!<br></div><div class="spacer battle-history"><br></div><div class="battle-history">Easier used <strong>U-turn</strong>!<br></div><div class="battle-history"><small>It's super effective!</small><br></div><div class="battle-history"><small>(The opposing Slowbro lost 35% of its health!)</small><br></div><div class="spacer battle-history"><br></div><div class="battle-history">Easier went back to ViZarPKMN!<br></div><div class="battle-history">Go! No Lullaby (<strong>Magcargo</strong>)!<br></div><div class="spacer battle-history"><br></div><div class="battle-history"><small>(The sunlight is strong.)</small><br></div><div class="spacer battle-history"><br></div><h2 class="battle-history">Turn 3</h2><div class="spacer battle-history"><br></div><div class="battle-history"><small>No Lullaby's Magcargonite is reacting to the Key Stone!</small><br>No Lullaby has Mega Evolved into Mega Magcargo!<br></div><div class="chat"><ul class="utilichart"><li class="result"><span class="col pokemonnamecol" style="white-space: nowrap">Magcargo-Mega</span> <span class="col typecol"><img src="https://play.pokemonshowdown.com/sprites/types/Fire.png" alt="Fire" height="14" width="32"></span> <span style="float: left ; min-height: 26px"><span class="col abilitycol">Volcanic Singe</span><span class="col abilitycol"></span></span><span style="float: left ; min-height: 26px"><span class="col statcol"><em>HP</em><br>60</span> <span class="col statcol"><em>Atk</em><br>135</span> <span class="col statcol"><em>Def</em><br>80</span> <span class="col statcol"><em>SpA</em><br>135</span> <span class="col statcol"><em>SpD</em><br>80</span> <span class="col statcol"><em>Spe</em><br>40</span> </span></li><li style="clear: both"></li></ul></div><div class="spacer battle-history"><br></div><div class="battle-history">No Lullaby used <strong>Shell Smash</strong>!<br></div><div class="battle-history">[No Lullaby's Volcanic Singe]<br></div><div class="battle-history"><small>The air around No Lullaby's team was superheated!</small><br></div><div class="battle-history"><small>(During Volcanic Singe, making contact with a Pokémon on No Lullaby's team will result in a burn!)</small><br></div><div class="battle-history"><small>(The effect is extended each time No Lullaby's stats are lowered!)</small><br></div><div class="battle-history"><small>No Lullaby's Defense fell!</small><br></div><div class="battle-history"><small>No Lullaby's Sp. Def fell!</small><br></div><div class="battle-history"><small>No Lullaby's Attack rose sharply!</small><br></div><div class="battle-history"><small>No Lullaby's Sp. Atk rose sharply!</small><br></div><div class="battle-history"><small>No Lullaby's Speed rose sharply!</small><br></div><div class="spacer battle-history"><br></div><div class="battle-history">The opposing Slowbro used <strong>Teleport</strong>!<br></div><div class="spacer battle-history"><br></div><div class="battle-history">CCMegaFlareon withdrew Slowbro!<br></div><div class="battle-history">CCMegaFlareon sent out <strong>Alakazam</strong>!<br></div><div class="spacer battle-history"><br></div><div class="battle-history"><small>(The sunlight is strong.)</small><br></div><div class="battle-history"><small>There are 2 turns left of Volcanic Singe!</small><br></div><div class="spacer battle-history"><br></div><h2 class="battle-history">Turn 4</h2><div class="spacer battle-history"><br></div><div class="battle-history">No Lullaby, come back!<br></div><div class="battle-history">Go! I Can't Wait (<strong>Heatran</strong>)!<br></div><div class="spacer battle-history"><br></div><div class="battle-history">The opposing Alakazam used <strong>Expanding Force</strong>!<br></div><div class="battle-history"><small>It's not very effective...</small><br></div><div class="battle-history"><small>A critical hit!</small><br></div><div class="battle-history"><small>(I Can't Wait lost <abbr title="−209/323">64.7%</abbr> of its health!)</small><br></div><div class="spacer battle-history"><br></div><div class="battle-history"><small>(The sunlight is strong.)</small><br></div><div class="battle-history"><small>There is one turn left of Volcanic Singe!</small><br></div><div class="spacer battle-history"><br></div><h2 class="battle-history">Turn 5</h2><div class="spacer battle-history"><br></div><div class="battle-history">CCMegaFlareon withdrew Alakazam!<br></div><div class="battle-history">CCMegaFlareon sent out <strong>Slowbro</strong>!<br></div><div class="spacer battle-history"><br></div><div class="battle-history">I Can't Wait used <strong>Fire Blast</strong>!<br></div><div class="battle-history"><small>It's not very effective...</small><br></div><div class="battle-history"><small>(The opposing Slowbro lost 45% of its health!)</small><br></div><div class="spacer battle-history"><br></div><div class="battle-history"><small>(The sunlight is strong.)</small><br></div><div class="battle-history"><small>The air around No Lullaby's team cooled down!</small><br></div><div class="battle-history"><small>The weirdness disappeared from the battlefield!</small><br></div><div class="spacer battle-history"><br></div><h2 class="battle-history">Turn 6</h2><div class="spacer battle-history"><br></div><div class="battle-history">I Can't Wait, come back!<br></div><div class="battle-history">Go! Brothers (<strong>Volcanion</strong>)!<br></div><div class="spacer battle-history"><br></div><div class="battle-history">The opposing Slowbro used <strong>Slack Off</strong>!<br></div><div class="battle-history"><small>The opposing Slowbro had its HP restored.</small><br></div><div class="spacer battle-history"><br></div><div class="battle-history"><small>(The sunlight is strong.)</small><br></div><div class="spacer battle-history"><br></div><h2 class="battle-history">Turn 7</h2><div class="spacer battle-history"><br></div><div class="battle-history">Brothers used <strong>Steam Eruption</strong>!<br></div><div class="battle-history"><small>It's not very effective...</small><br></div><div class="battle-history"><small>(The opposing Slowbro lost 17% of its health!)</small><br></div><div class="spacer battle-history"><br></div><div class="battle-history">The opposing Slowbro used <strong>Future Sight</strong>!<br></div><div class="battle-history"><small>The opposing Slowbro foresaw an attack!</small><br></div><div class="spacer battle-history"><br></div><div class="battle-history"><small>(The sunlight is strong.)</small><br></div><div class="spacer battle-history"><br></div><h2 class="battle-history">Turn 8</h2><div class="spacer battle-history"><br></div><div class="battle-history">Brothers used <strong>Earth Power</strong>!<br></div><div class="battle-history"><small>(The opposing Slowbro lost 38% of its health!)</small><br></div><div class="spacer battle-history"><br></div><div class="battle-history">The opposing Slowbro used <strong>Teleport</strong>!<br></div><div class="spacer battle-history"><br></div><div class="battle-history">CCMegaFlareon withdrew Slowbro!<br></div><div class="battle-history">CCMegaFlareon sent out <strong>Victini</strong>!<br></div><div class="spacer battle-history"><br></div><div class="battle-history"><small>The harsh sunlight faded.</small><br></div><div class="spacer battle-history"><br></div><h2 class="battle-history">Turn 9</h2><div class="spacer battle-history"><br></div><div class="battle-history">The opposing Victini used <strong>Bolt Strike</strong>!<br></div><div class="battle-history"><small>It's super effective!</small><br></div><div class="battle-history"><small>(Brothers lost <abbr title="−301/301">100%</abbr> of its health!)</small><br></div><div class="spacer battle-history"><br></div><div class="battle-history">Brothers fainted!<br></div><div class="spacer battle-history"><br></div><div class="battle-history"><small>(Future Sight did not hit because the target is the user.)</small><br></div><div class="spacer battle-history"><br></div><div class="battle-history">Go! No Lullaby (<strong>Magcargo-Mega</strong>)!<br></div><div class="spacer battle-history"><br></div><h2 class="battle-history">Turn 10</h2><div class="spacer battle-history"><br></div><div class="battle-history">The opposing Victini used <strong>Bolt Strike</strong>!<br></div><div class="battle-history"><small>(No Lullaby lost <abbr title="−215/261">82.4%</abbr> of its health!)</small><br></div><div class="spacer battle-history"><br></div><div class="battle-history">No Lullaby used <strong>Earth Power</strong>!<br></div><div class="battle-history"><small>It's super effective!</small><br></div><div class="battle-history"><small>(The opposing Victini lost 65% of its health!)</small><br></div><div class="spacer battle-history"><br></div><h2 class="battle-history">Turn 11</h2><div class="spacer battle-history"><br></div><div class="battle-history">No Lullaby, come back!<br></div><div class="battle-history">Go! I Can't Wait (<strong>Heatran</strong>)!<br></div><div class="spacer battle-history"><br></div><div class="battle-history">The opposing Victini used <strong>Bolt Strike</strong>!<br></div><div class="battle-history"><small>(I Can't Wait lost <abbr title="−114/323">35.3%</abbr> of its health!)</small><br></div><div class="spacer battle-history"><br></div><div class="battle-history">I Can't Wait fainted!<br></div><div class="spacer battle-history"><br></div><div class="battle-history">Go! 2 Feathers (<strong>Talonflame</strong>)!<br></div><div class="spacer battle-history"><br></div><h2 class="battle-history">Turn 12</h2><div class="spacer battle-history"><br></div><div class="battle-history">CCMegaFlareon withdrew Victini!<br></div><div class="battle-history">CCMegaFlareon sent out <strong>Slowbro</strong>!<br></div><div class="spacer battle-history"><br></div><div class="battle-history">2 Feathers used <strong>Dual Wingbeat</strong>!<br></div><div class="battle-history"><small>(The opposing Slowbro lost 10% of its health!)</small><br></div><div class="battle-history"><small>(The opposing Slowbro lost 10% of its health!)</small><br></div><div class="battle-history"><small>The Pokémon was hit 2 times!</small><br></div><div class="spacer battle-history"><br></div><h2 class="battle-history">Turn 13</h2><div class="spacer battle-history"><br></div><div class="battle-history">2 Feathers, come back!<br></div><div class="battle-history">Go! Easier (<strong>Victini</strong>)!<br></div><div class="spacer battle-history"><br></div><div class="battle-history">The opposing Slowbro used <strong>Scald</strong>!<br></div><div class="battle-history"><small>It's super effective!</small><br></div><div class="battle-history"><small>(Easier lost <abbr title="−180/341">52.8%</abbr> of its health!)</small><br></div><div class="spacer battle-history"><br></div><h2 class="battle-history">Turn 14</h2><div class="spacer battle-history"><br></div><div class="battle-history">Easier used <strong>Bolt Strike</strong>!<br></div><div class="battle-history"><small>It's super effective!</small><br></div><div class="battle-history"><small>(The opposing Slowbro lost 59% of its health!)</small><br></div><div class="spacer battle-history"><br></div><div class="battle-history">The opposing Slowbro fainted!<br></div><div class="spacer battle-history"><br></div><div class="battle-history">CCMegaFlareon sent out <strong>Starmie</strong>!<br></div><div class="spacer battle-history"><br></div><h2 class="battle-history">Turn 15</h2><div class="spacer battle-history"><br></div><div class="battle-history"><small>The opposing Starmie's Starminite is reacting to the Key Stone!</small><br>The opposing Starmie has Mega Evolved into Mega Starmie!<br></div><div class="battle-history">[The opposing Starmie's Rotation]<br></div><div class="battle-history"><small>The opposing Starmie's Defense rose!</small><br></div><div class="chat"><ul class="utilichart"><li class="result"><span class="col pokemonnamecol" style="white-space: nowrap">Starmie-Mega</span> <span class="col typecol"><img src="https://play.pokemonshowdown.com/sprites/types/Water.png" alt="Water" height="14" width="32"><img src="https://play.pokemonshowdown.com/sprites/types/Psychic.png" alt="Psychic" height="14" width="32"></span> <span style="float: left ; min-height: 26px"><span class="col abilitycol">Rotation</span><span class="col abilitycol"></span></span><span style="float: left ; min-height: 26px"><span class="col statcol"><em>HP</em><br>60</span> <span class="col statcol"><em>Atk</em><br>75</span> <span class="col statcol"><em>Def</em><br>105</span> <span class="col statcol"><em>SpA</em><br>140</span> <span class="col statcol"><em>SpD</em><br>105</span> <span class="col statcol"><em>Spe</em><br>135</span> </span></li><li style="clear: both"></li></ul></div><div class="spacer battle-history"><br></div><div class="battle-history">The opposing Starmie used <strong>Scald</strong>!<br></div><div class="battle-history"><small>It's super effective!</small><br></div><div class="battle-history"><small>A critical hit!</small><br></div><div class="battle-history"><small>(Easier lost <abbr title="−161/341">47.2%</abbr> of its health!)</small><br></div><div class="spacer battle-history"><br></div><div class="battle-history">Easier fainted!<br></div><div class="spacer battle-history"><br></div><div class="battle-history">Go! No Lullaby (<strong>Magcargo-Mega</strong>)!<br></div><div class="spacer battle-history"><br></div><h2 class="battle-history">Turn 16</h2><div class="chat chatmessage-vizarpkmn mine"><strong style="color:#4f78c0"><small>☆</small><span class="username" data-name="ViZarPKMN">ViZarPKMN</span>:</strong> <em>gg</em></div><div class="spacer battle-history"><br></div><div class="battle-history">The opposing Starmie used <strong>Scald</strong>!<br></div><div class="battle-history"><small>It's super effective!</small><br></div><div class="battle-history"><small>(No Lullaby lost <abbr title="−46/261">17.6%</abbr> of its health!)</small><br></div><div class="spacer battle-history"><br></div><div class="battle-history">No Lullaby fainted!<br></div><div class="spacer battle-history"><br></div><div class="battle-history"><small>ViZarPKMN forfeited.</small><br></div><div class="spacer battle-history"><br></div><div class="battle-history"><strong>CCMegaFlareon</strong> won the battle!<br></div><div class="chat chatmessage-ccmegaflareon"><strong style="color:#ac36b5"><small>☆</small><span class="username" data-name="CCMegaFlareon">CCMegaFlareon</span>:</strong> <em>gg</em></div></div><div class="inner-preempt message-log"></div></div></div>
</div>
<script>
let daily = Math.floor(Date.now()/1000/60/60/24);document.write('<script src="https://dragonheaven.herokuapp.com/js/replay-embed.js?version'+daily+'"></'+'script>');
</script>
