<!DOCTYPE html>
<meta charset="utf-8" />
<!-- version 1 -->
<title>[Gen 8] M4A Random Battle replay: inkbug1 vs. BotwNerd745</title>
<style>
html,body {font-family:Verdana, sans-serif;font-size:10pt;margin:0;padding:0;}body{padding:12px 0;} .battle-log {font-family:Verdana, sans-serif;font-size:10pt;} .battle-log-inline {border:1px solid #AAAAAA;background:#EEF2F5;color:black;max-width:640px;margin:0 auto 80px;padding-bottom:5px;} .battle-log .inner {padding:4px 8px 0px 8px;} .battle-log .inner-preempt {padding:0 8px 4px 8px;} .battle-log .inner-after {margin-top:0.5em;} .battle-log h2 {margin:0.5em -8px;padding:4px 8px;border:1px solid #AAAAAA;background:#E0E7EA;border-left:0;border-right:0;font-family:Verdana, sans-serif;font-size:13pt;} .battle-log .chat {vertical-align:middle;padding:3px 0 3px 0;font-size:8pt;} .battle-log .chat strong {color:#40576A;} .battle-log .chat em {padding:1px 4px 1px 3px;color:#000000;font-style:normal;} .chat.mine {background:rgba(0,0,0,0.05);margin-left:-8px;margin-right:-8px;padding-left:8px;padding-right:8px;} .spoiler {color:#BBBBBB;background:#BBBBBB;padding:0px 3px;} .spoiler:hover, .spoiler:active, .spoiler-shown {color:#000000;background:#E2E2E2;padding:0px 3px;} .spoiler a {color:#BBBBBB;} .spoiler:hover a, .spoiler:active a, .spoiler-shown a {color:#2288CC;} .chat code, .chat .spoiler:hover code, .chat .spoiler:active code, .chat .spoiler-shown code {border:1px solid #C0C0C0;background:#EEEEEE;color:black;padding:0 2px;} .chat .spoiler code {border:1px solid #CCCCCC;background:#CCCCCC;color:#CCCCCC;} .battle-log .rated {padding:3px 4px;} .battle-log .rated strong {color:white;background:#89A;padding:1px 4px;border-radius:4px;} .spacer {margin-top:0.5em;} .message-announce {background:#6688AA;color:white;padding:1px 4px 2px;} .message-announce a, .broadcast-green a, .broadcast-blue a, .broadcast-red a {color:#DDEEFF;} .broadcast-green {background-color:#559955;color:white;padding:2px 4px;} .broadcast-blue {background-color:#6688AA;color:white;padding:2px 4px;} .infobox {border:1px solid #6688AA;padding:2px 4px;} .infobox-limited {max-height:200px;overflow:auto;overflow-x:hidden;} .broadcast-red {background-color:#AA5544;color:white;padding:2px 4px;} .message-learn-canlearn {font-weight:bold;color:#228822;text-decoration:underline;} .message-learn-cannotlearn {font-weight:bold;color:#CC2222;text-decoration:underline;} .message-effect-weak {font-weight:bold;color:#CC2222;} .message-effect-resist {font-weight:bold;color:#6688AA;} .message-effect-immune {font-weight:bold;color:#666666;} .message-learn-list {margin-top:0;margin-bottom:0;} .message-throttle-notice, .message-error {color:#992222;} .message-overflow, .chat small.message-overflow {font-size:0pt;} .message-overflow::before {font-size:9pt;content:'...';} .subtle {color:#3A4A66;}
</style>
<div class="wrapper replay-wrapper" style="max-width:1180px;margin:0 auto">
<input type="hidden" name="replayid" value="dragonheaven-gen8m4arandombattle-294" />
<div class="battle"></div><div class="battle-log"></div><div class="replay-controls"></div><div class="replay-controls-2"></div>
<h1 style="font-weight:normal;text-align:center"><strong>[Gen 8] M4A Random Battle</strong><br /><a href="http://pokemonshowdown.com/users/inkbug1" class="subtle" target="_blank">inkbug1</a> vs. <a href="http://pokemonshowdown.com/users/botwnerd745" class="subtle" target="_blank">BotwNerd745</a></h1>
<script type="text/plain" class="battle-log-data">|j|☆inkbug1

|j|☆BotwNerd745
|t:|1624996747
|player|p1|inkbug1|burgh|
|player|p2|BotwNerd745|hilda-dueldisk|
|teamsize|p1|6
|teamsize|p2|6
|gametype|singles
|gen|8
|tier|[Gen 8] M4A Random Battle
|rule|Dynamax Clause: You cannot dynamax
|rule|Species Clause: Limit one of each Pokémon
|rule|HP Percentage Mod: HP is shown in percentages
|rule|Sleep Clause Mod: Limit one foe put to sleep
|rule|Freeze Clause Mod: Limit one foe frozen
|raw|<img src="https:\/\/www.smogon.com\/forums\/attachments\/banner_2-png.302358\/" height="65" width="381">
|-message|Welcome to Megas for All!
|-message|This is a National Dex-based format where we aim to give a new Mega Evolution to every Pokémon.
|-message|Just like any official format, you can still only Mega Evolve one Pokémon per team!
|-message|You can find our thread and metagame resources here:
|-message|https:\/\/www.smogon.com\/forums\/threads\/3671140\/
|-message|Your Mega Evolution this match is:
|-hint|Pidgeot-Mega (Normal\/Flying); Ability: No Guard (Every move used by or against this Pokemon will always hit.); Stats: 83 HP \/ 80 Atk \/ 80 Def \/ 135 SpA \/ 80 SpD \/ 121 Spe;
|-message|Use the command \/dt for more information!
|
|t:|1624996747
|start
|switch|p1a: Sableye|Sableye, L88, M|231\/231
|switch|p2a: Grimmsnarl|Grimmsnarl, L82, M|100\/100
|turn|1
|
|t:|1624996777
|switch|p1a: Pidgeot|Pidgeot, L82, M|270\/270
|move|p2a: Grimmsnarl|Thunder Wave|p1a: Pidgeot
|-status|p1a: Pidgeot|par
|
|upkeep
|turn|2
|j| mundo bita
|c|☆inkbug1|a
|
|t:|1624996789
|detailschange|p1a: Pidgeot|Pidgeot-Mega, L82, M
|-mega|p1a: Pidgeot|Pidgeot|Pidgeotite
|-start|p1a: Pidgeot|typechange|Normal\/Flying|[silent]
|raw|<ul class="utilichart"><li class="result"><span class="col pokemonnamecol" style="white-space: nowrap">Pidgeot-Mega<\/span> <span class="col typecol"><img src="https:\/\/play.pokemonshowdown.com\/sprites\/types\/Normal.png" alt="Normal" height="14" width="32"><img src="https:\/\/play.pokemonshowdown.com\/sprites\/types\/Flying.png" alt="Flying" height="14" width="32"><\/span> <span style="float: left ; min-height: 26px"><span class="col abilitycol">No Guard<\/span><span class="col abilitycol"><\/span><\/span><span style="float: left ; min-height: 26px"><span class="col statcol"><em>HP<\/em><br>83<\/span> <span class="col statcol"><em>Atk<\/em><br>80<\/span> <span class="col statcol"><em>Def<\/em><br>80<\/span> <span class="col statcol"><em>SpA<\/em><br>135<\/span> <span class="col statcol"><em>SpD<\/em><br>80<\/span> <span class="col statcol"><em>Spe<\/em><br>121<\/span> <\/span><\/li><li style="clear: both"><\/li><\/ul>
|move|p2a: Grimmsnarl|Reflect|p2a: Grimmsnarl
|-sidestart|p2: BotwNerd745|Reflect
|move|p1a: Pidgeot|Hurricane|p2a: Grimmsnarl
|-damage|p2a: Grimmsnarl|41\/100
|
|upkeep
|turn|3
|
|t:|1624996795
|move|p2a: Grimmsnarl|Spirit Break|p1a: Pidgeot
|-damage|p1a: Pidgeot|174\/270 par
|-unboost|p1a: Pidgeot|spa|1
|move|p1a: Pidgeot|Hurricane|p2a: Grimmsnarl
|-damage|p2a: Grimmsnarl|0 fnt
|faint|p2a: Grimmsnarl
|
|upkeep
|
|t:|1624996806
|switch|p2a: Corviknight|Corviknight, L80, F|100\/100
|-ability|p2a: Corviknight|Pressure
|turn|4
|c|☆inkbug1|not you
|
|t:|1624996822
|detailschange|p2a: Corviknight|Corviknight-Mega, L80, F
|-mega|p2a: Corviknight|Corviknight|Corviknite
|-ability|p2a: Corviknight|Intimidate|boost
|-unboost|p1a: Pidgeot|atk|1
|-start|p2a: Corviknight|typechange|Flying\/Steel|[silent]
|raw|<ul class="utilichart"><li class="result"><span class="col pokemonnamecol" style="white-space: nowrap">Corviknight-Mega<\/span> <span class="col typecol"><img src="https:\/\/play.pokemonshowdown.com\/sprites\/types\/Flying.png" alt="Flying" height="14" width="32"><img src="https:\/\/play.pokemonshowdown.com\/sprites\/types\/Steel.png" alt="Steel" height="14" width="32"><\/span> <span style="float: left ; min-height: 26px"><span class="col abilitycol">Intimidate<\/span><span class="col abilitycol"><\/span><\/span><span style="float: left ; min-height: 26px"><span class="col statcol"><em>HP<\/em><br>98<\/span> <span class="col statcol"><em>Atk<\/em><br>117<\/span> <span class="col statcol"><em>Def<\/em><br>120<\/span> <span class="col statcol"><em>SpA<\/em><br>78<\/span> <span class="col statcol"><em>SpD<\/em><br>105<\/span> <span class="col statcol"><em>Spe<\/em><br>77<\/span> <\/span><\/li><li style="clear: both"><\/li><\/ul>
|move|p2a: Corviknight|Body Press|p1a: Pidgeot
|-damage|p1a: Pidgeot|103\/270 par
|move|p1a: Pidgeot|Heat Wave|p2a: Corviknight
|-supereffective|p2a: Corviknight
|-damage|p2a: Corviknight|62\/100
|
|upkeep
|turn|5
|c|☆inkbug1|NOT YOU
|
|t:|1624996834
|switch|p1a: Sableye|Sableye, L88, M|231\/231
|move|p2a: Corviknight|Brave Bird|p1a: Sableye
|-damage|p1a: Sableye|75\/231
|-damage|p2a: Corviknight|44\/100|[from] Recoil
|
|-heal|p1a: Sableye|89\/231|[from] item: Leftovers
|upkeep
|turn|6
|
|t:|1624996843
|move|p1a: Sableye|Will-O-Wisp|p2a: Corviknight
|-status|p2a: Corviknight|brn
|move|p2a: Corviknight|Brave Bird|p1a: Sableye
|-damage|p1a: Sableye|13\/231
|-damage|p2a: Corviknight|35\/100 brn|[from] Recoil
|
|-heal|p1a: Sableye|27\/231|[from] item: Leftovers
|-damage|p2a: Corviknight|29\/100 brn|[from] brn
|upkeep
|turn|7
|
|t:|1624996858
|move|p1a: Sableye|Recover|p1a: Sableye
|-heal|p1a: Sableye|143\/231
|move|p2a: Corviknight|Roost|p2a: Corviknight
|-heal|p2a: Corviknight|79\/100 brn
|-singleturn|p2a: Corviknight|move: Roost
|
|-heal|p1a: Sableye|157\/231|[from] item: Leftovers
|-damage|p2a: Corviknight|73\/100 brn|[from] brn
|upkeep
|turn|8
|
|t:|1624996877
|switch|p1a: Floatzel|Floatzel, L88, M|293\/293
|move|p2a: Corviknight|Brave Bird|p1a: Floatzel
|-damage|p1a: Floatzel|207\/293
|-damage|p2a: Corviknight|63\/100 brn|[from] Recoil
|
|-damage|p2a: Corviknight|57\/100 brn|[from] brn
|upkeep
|turn|9
|
|t:|1624996886
|move|p1a: Floatzel|Bulk Up|p1a: Floatzel
|-boost|p1a: Floatzel|atk|1
|-boost|p1a: Floatzel|def|1
|move|p2a: Corviknight|Body Press|p1a: Floatzel
|-damage|p1a: Floatzel|179\/293
|
|-damage|p2a: Corviknight|50\/100 brn|[from] brn
|-sideend|p2: BotwNerd745|Reflect
|upkeep
|turn|10
|
|t:|1624996899
|move|p1a: Floatzel|Liquidation|p2a: Corviknight
|-damage|p2a: Corviknight|0 fnt
|-damage|p1a: Floatzel|150\/293|[from] item: Life Orb
|faint|p2a: Corviknight
|
|upkeep
|
|t:|1624996905
|switch|p2a: Cresselia|Cresselia, L84, F|100\/100
|turn|11
|
|t:|1624996909
|move|p1a: Floatzel|Liquidation|p2a: Cresselia
|-damage|p2a: Cresselia|56\/100
|-damage|p1a: Floatzel|121\/293|[from] item: Life Orb
|move|p2a: Cresselia|Toxic|p1a: Floatzel
|-status|p1a: Floatzel|tox
|
|-heal|p2a: Cresselia|62\/100|[from] item: Leftovers
|-damage|p1a: Floatzel|103\/293 tox|[from] psn
|upkeep
|turn|12
|
|t:|1624996938
|switch|p1a: Girafarig|Girafarig, L88, F|249\/249
|move|p2a: Cresselia|Psychic|p1a: Girafarig
|-immune|p1a: Girafarig
|
|-heal|p2a: Cresselia|68\/100|[from] item: Leftovers
|upkeep
|turn|13
|
|t:|1624996957
|move|p1a: Girafarig|Nasty Plot|p1a: Girafarig
|-boost|p1a: Girafarig|spa|2
|move|p2a: Cresselia|Toxic|p1a: Girafarig
|-status|p1a: Girafarig|tox
|
|-heal|p2a: Cresselia|74\/100|[from] item: Leftovers
|-damage|p1a: Girafarig|234\/249 tox|[from] psn
|upkeep
|turn|14
|c|☆BotwNerd745|How is it immune
|c|☆inkbug1|:thinking:
|c|☆BotwNerd745|also this is my last match
|c|☆inkbug1|ok!
|c|☆inkbug1|ty for offering to play i had fun : D
|
|t:|1624997061
|move|p1a: Girafarig|Dark Pulse|p2a: Cresselia
|-supereffective|p2a: Cresselia
|-damage|p2a: Cresselia|0 fnt
|-damage|p1a: Girafarig|210\/249 tox|[from] item: Life Orb
|faint|p2a: Cresselia
|
|-damage|p1a: Girafarig|180\/249 tox|[from] psn
|upkeep
|c|☆inkbug1|i hope u did also
|
|t:|1624997071
|switch|p2a: Skuntank|Skuntank, L88, M|100\/100
|turn|15
|c|☆BotwNerd745|Yea
|c|☆BotwNerd745|i gotta play jackbox with my cousins so
|
|t:|1624997092
|move|p1a: Girafarig|Focus Blast|p2a: Skuntank
|-damage|p2a: Skuntank|0 fnt
|-damage|p1a: Girafarig|156\/249 tox|[from] item: Life Orb
|faint|p2a: Skuntank
|
|-damage|p1a: Girafarig|111\/249 tox|[from] psn
|upkeep
|c|☆inkbug1|omg have fun
|
|t:|1624997099
|switch|p2a: Sandslash|Sandslash, L80, M|100\/100
|turn|16
|c|☆inkbug1|say hi to them for me :D 
|
|t:|1624997110
|move|p1a: Girafarig|Dark Pulse|p2a: Sandslash
|-damage|p2a: Sandslash|0 fnt
|-damage|p1a: Girafarig|87\/249 tox|[from] item: Life Orb
|faint|p2a: Sandslash
|
|-damage|p1a: Girafarig|27\/249 tox|[from] psn
|upkeep
|c|☆inkbug1|also this is a zoroark
|c|☆inkbug1|for the record
|c|☆BotwNerd745|oh
|
|t:|1624997123
|switch|p2a: Whimsicott|Whimsicott, L86, F|100\/100
|turn|17
|
|t:|1624997132
|move|p2a: Whimsicott|Moonblast|p1a: Girafarig
|-supereffective|p1a: Girafarig
|-damage|p1a: Girafarig|0 fnt
|replace|p1a: Zoroark|Zoroark, L88, M
|-end|p1a: Zoroark|Illusion
|-end|p1a: Zoroark|typechange|[silent]
|faint|p1a: Zoroark
|
|upkeep
|c|☆BotwNerd745|that makes sense
|c|☆inkbug1|:'D 
|c|☆BotwNerd745|gg
|
|t:|1624997147
|switch|p1a: Pidgeot|Pidgeot-Mega, L82, M|103\/270 par
|-start|p1a: Pidgeot|typechange|Normal\/Flying|[silent]
|turn|18
|
|t:|1624997154
|move|p2a: Whimsicott|Moonblast|p1a: Pidgeot
|-damage|p1a: Pidgeot|7\/270 par
|cant|p1a: Pidgeot|par
|
|upkeep
|turn|19
|
|t:|1624997163
|move|p2a: Whimsicott|Moonblast|p1a: Pidgeot
|-damage|p1a: Pidgeot|0 fnt
|faint|p1a: Pidgeot
|
|upkeep
|
|t:|1624997170
|switch|p1a: Girafarig|Girafarig, L88, F|266\/266
|turn|20
|
|t:|1624997175
|move|p2a: Whimsicott|Moonblast|p1a: Girafarig
|-damage|p1a: Girafarig|164\/266
|move|p1a: Girafarig|Psychic|p2a: Whimsicott
|-damage|p2a: Whimsicott|59\/100
|
|-heal|p2a: Whimsicott|65\/100|[from] item: Leftovers
|-heal|p1a: Girafarig|180\/266|[from] item: Leftovers
|upkeep
|turn|21
|
|t:|1624997190
|move|p2a: Whimsicott|Moonblast|p1a: Girafarig
|-damage|p1a: Girafarig|71\/266
|move|p1a: Girafarig|Psychic|p2a: Whimsicott
|-damage|p2a: Whimsicott|19\/100
|
|-heal|p2a: Whimsicott|25\/100|[from] item: Leftovers
|-heal|p1a: Girafarig|87\/266|[from] item: Leftovers
|upkeep
|turn|22
|
|t:|1624997198
|move|p2a: Whimsicott|Moonblast|p1a: Girafarig
|-damage|p1a: Girafarig|0 fnt
|faint|p1a: Girafarig
|
|-heal|p2a: Whimsicott|31\/100|[from] item: Leftovers
|upkeep
|
|t:|1624997204
|switch|p1a: Dhelmise|Dhelmise, L86|261\/261
|turn|23
|c|☆BotwNerd745|Whimsicott carry
|
|t:|1624997220
|move|p2a: Whimsicott|Moonblast|p1a: Dhelmise
|-damage|p1a: Dhelmise|167\/261
|move|p1a: Dhelmise|Anchor Shot|p2a: Whimsicott
|-supereffective|p2a: Whimsicott
|-damage|p2a: Whimsicott|0 fnt
|faint|p2a: Whimsicott
|
|win|inkbug1
|c|☆inkbug1|its jsut a litl  cotton baby
|c|☆BotwNerd745|gg
|c|☆inkbug1|gg
|l|☆BotwNerd745
|c|☆inkbug1|and have fun w ur cousins!! </script>
</div>
<div class="battle-log battle-log-inline"><div class="inner"><div class="battle-options"><div style="padding-top: 3px; padding-right: 3px; text-align: right"><button class="icon button" name="openBattleOptions" title="Options">Battle Options</button></div></div><div class="inner message-log"><div class="chat"><small>☆inkbug1 and ☆BotwNerd745 joined</small></div><div class=""><small>Format:</small> <br><strong>[Gen 8] M4A Random Battle</strong></div><div class=""><small><em>Dynamax Clause:</em> You cannot dynamax</small></div><div class=""><small><em>Species Clause:</em> Limit one of each Pokémon</small></div><div class=""><small><em>HP Percentage Mod:</em> HP is shown in percentages</small></div><div class=""><small><em>Sleep Clause Mod:</em> Limit one foe put to sleep</small></div><div class=""><small><em>Freeze Clause Mod:</em> Limit one foe frozen</small></div><div class="chat"><img src="https://www.smogon.com/forums/attachments/banner_2-png.302358/" height="65" width="381"></div><div class="spacer battle-history"><br></div><div class="battle-history"><small>Welcome to Megas for All!</small><br></div><div class="battle-history"><small>This is a National Dex-based format where we aim to give a new Mega Evolution to every Pokémon.</small><br></div><div class="battle-history"><small>Just like any official format, you can still only Mega Evolve one Pokémon per team!</small><br></div><div class="battle-history"><small>You can find our thread and metagame resources here:</small><br></div><div class="battle-history"><small>https://www.smogon.com/forums/threads/3671140/</small><br></div><div class="battle-history"><small>Your Mega Evolution this match is:</small><br></div><div class="battle-history"><small>(Pidgeot-Mega (Normal/Flying); Ability: No Guard (Every move used by or against this Pokemon will always hit.); Stats: 83 HP / 80 Atk / 80 Def / 135 SpA / 80 SpD / 121 Spe;)</small><br></div><div class="battle-history"><small>Use the command /dt for more information!</small><br></div><div class="spacer battle-history"><br></div><div class="battle-history">Battle started between inkbug1 and BotwNerd745!<br></div><div class="spacer battle-history"><br></div><div class="battle-history">Go! <strong>Sableye</strong>!<br></div><div class="spacer battle-history"><br></div><div class="battle-history">BotwNerd745 sent out <strong>Grimmsnarl</strong>!<br></div><div class="spacer battle-history"><br></div><h2 class="battle-history">Turn 1</h2><div class="spacer battle-history"><br></div><div class="battle-history">Sableye, come back!<br></div><div class="battle-history">Go! <strong>Pidgeot</strong>!<br></div><div class="spacer battle-history"><br></div><div class="battle-history">The opposing Grimmsnarl used <strong>Thunder Wave</strong>!<br></div><div class="battle-history"><small>Pidgeot is paralyzed! It may be unable to move!</small><br></div><div class="spacer battle-history"><br></div><h2 class="battle-history">Turn 2</h2><div class="chat"><small> mundo bita joined</small></div><div class="chat chatmessage-inkbug1 mine"><strong style="color:#e46e0f"><small>☆</small><span class="username" data-name="inkbug1">inkbug1</span>:</strong> <em>a</em></div><div class="spacer battle-history"><br></div><div class="battle-history"><small>Pidgeot's Pidgeotite is reacting to the Key Stone!</small><br>Pidgeot has Mega Evolved into Mega Pidgeot!<br></div><div class="chat"><ul class="utilichart"><li class="result"><span class="col pokemonnamecol" style="white-space: nowrap">Pidgeot-Mega</span> <span class="col typecol"><img src="https://play.pokemonshowdown.com/sprites/types/Normal.png" alt="Normal" height="14" width="32"><img src="https://play.pokemonshowdown.com/sprites/types/Flying.png" alt="Flying" height="14" width="32"></span> <span style="float: left ; min-height: 26px"><span class="col abilitycol">No Guard</span><span class="col abilitycol"></span></span><span style="float: left ; min-height: 26px"><span class="col statcol"><em>HP</em><br>83</span> <span class="col statcol"><em>Atk</em><br>80</span> <span class="col statcol"><em>Def</em><br>80</span> <span class="col statcol"><em>SpA</em><br>135</span> <span class="col statcol"><em>SpD</em><br>80</span> <span class="col statcol"><em>Spe</em><br>121</span> </span></li><li style="clear: both"></li></ul></div><div class="spacer battle-history"><br></div><div class="battle-history">The opposing Grimmsnarl used <strong>Reflect</strong>!<br></div><div class="battle-history"><small>Reflect made the opposing team stronger against physical moves!</small><br></div><div class="spacer battle-history"><br></div><div class="battle-history">Pidgeot used <strong>Hurricane</strong>!<br></div><div class="battle-history"><small>(The opposing Grimmsnarl lost 59% of its health!)</small><br></div><div class="spacer battle-history"><br></div><h2 class="battle-history">Turn 3</h2><div class="spacer battle-history"><br></div><div class="battle-history">The opposing Grimmsnarl used <strong>Spirit Break</strong>!<br></div><div class="battle-history"><small>(Pidgeot lost <abbr title="−96/270">35.6%</abbr> of its health!)</small><br></div><div class="battle-history"><small>Pidgeot's Sp. Atk fell!</small><br></div><div class="spacer battle-history"><br></div><div class="battle-history">Pidgeot used <strong>Hurricane</strong>!<br></div><div class="battle-history"><small>(The opposing Grimmsnarl lost 41% of its health!)</small><br></div><div class="spacer battle-history"><br></div><div class="battle-history">The opposing Grimmsnarl fainted!<br></div><div class="spacer battle-history"><br></div><div class="battle-history">BotwNerd745 sent out <strong>Corviknight</strong>!<br></div><div class="battle-history">[The opposing Corviknight's Pressure]<br><small>The opposing Corviknight is exerting its pressure!</small><br></div><div class="spacer battle-history"><br></div><h2 class="battle-history">Turn 4</h2><div class="chat chatmessage-inkbug1 mine"><strong style="color:#e46e0f"><small>☆</small><span class="username" data-name="inkbug1">inkbug1</span>:</strong> <em>not you</em></div><div class="spacer battle-history"><br></div><div class="battle-history"><small>The opposing Corviknight's Corviknite is reacting to the Key Stone!</small><br>The opposing Corviknight has Mega Evolved into Mega Corviknight!<br></div><div class="battle-history">[The opposing Corviknight's Intimidate]<br></div><div class="battle-history"><small>Pidgeot's Attack fell!</small><br></div><div class="chat"><ul class="utilichart"><li class="result"><span class="col pokemonnamecol" style="white-space: nowrap">Corviknight-Mega</span> <span class="col typecol"><img src="https://play.pokemonshowdown.com/sprites/types/Flying.png" alt="Flying" height="14" width="32"><img src="https://play.pokemonshowdown.com/sprites/types/Steel.png" alt="Steel" height="14" width="32"></span> <span style="float: left ; min-height: 26px"><span class="col abilitycol">Intimidate</span><span class="col abilitycol"></span></span><span style="float: left ; min-height: 26px"><span class="col statcol"><em>HP</em><br>98</span> <span class="col statcol"><em>Atk</em><br>117</span> <span class="col statcol"><em>Def</em><br>120</span> <span class="col statcol"><em>SpA</em><br>78</span> <span class="col statcol"><em>SpD</em><br>105</span> <span class="col statcol"><em>Spe</em><br>77</span> </span></li><li style="clear: both"></li></ul></div><div class="spacer battle-history"><br></div><div class="battle-history">The opposing Corviknight used <strong>Body Press</strong>!<br></div><div class="battle-history"><small>(Pidgeot lost <abbr title="−71/270">26.3%</abbr> of its health!)</small><br></div><div class="spacer battle-history"><br></div><div class="battle-history">Pidgeot used <strong>Heat Wave</strong>!<br></div><div class="battle-history"><small>It's super effective!</small><br></div><div class="battle-history"><small>(The opposing Corviknight lost 38% of its health!)</small><br></div><div class="spacer battle-history"><br></div><h2 class="battle-history">Turn 5</h2><div class="chat chatmessage-inkbug1 mine"><strong style="color:#e46e0f"><small>☆</small><span class="username" data-name="inkbug1">inkbug1</span>:</strong> <em>NOT YOU</em></div><div class="spacer battle-history"><br></div><div class="battle-history">Pidgeot, come back!<br></div><div class="battle-history">Go! <strong>Sableye</strong>!<br></div><div class="spacer battle-history"><br></div><div class="battle-history">The opposing Corviknight used <strong>Brave Bird</strong>!<br></div><div class="battle-history"><small>(Sableye lost <abbr title="−156/231">67.5%</abbr> of its health!)</small><br></div><div class="battle-history"><small>The opposing Corviknight was damaged by the recoil!</small><br></div><div class="spacer battle-history"><br></div><div class="battle-history"><small>Sableye restored a little HP using its Leftovers!</small><br></div><div class="spacer battle-history"><br></div><h2 class="battle-history">Turn 6</h2><div class="spacer battle-history"><br></div><div class="battle-history">Sableye used <strong>Will-O-Wisp</strong>!<br></div><div class="battle-history"><small>The opposing Corviknight was burned!</small><br></div><div class="spacer battle-history"><br></div><div class="battle-history">The opposing Corviknight used <strong>Brave Bird</strong>!<br></div><div class="battle-history"><small>(Sableye lost <abbr title="−76/231">32.9%</abbr> of its health!)</small><br></div><div class="battle-history"><small>The opposing Corviknight was damaged by the recoil!</small><br></div><div class="spacer battle-history"><br></div><div class="battle-history"><small>Sableye restored a little HP using its Leftovers!</small><br></div><div class="battle-history"><small>The opposing Corviknight was hurt by its burn!</small><br></div><div class="spacer battle-history"><br></div><h2 class="battle-history">Turn 7</h2><div class="spacer battle-history"><br></div><div class="battle-history">Sableye used <strong>Recover</strong>!<br></div><div class="battle-history"><small>Sableye had its HP restored.</small><br></div><div class="spacer battle-history"><br></div><div class="battle-history">The opposing Corviknight used <strong>Roost</strong>!<br></div><div class="battle-history"><small>The opposing Corviknight had its HP restored.</small><br></div><div class="battle-history"><small>(The opposing Corviknight loses Flying type this turn.)</small><br></div><div class="spacer battle-history"><br></div><div class="battle-history"><small>Sableye restored a little HP using its Leftovers!</small><br></div><div class="battle-history"><small>The opposing Corviknight was hurt by its burn!</small><br></div><div class="spacer battle-history"><br></div><h2 class="battle-history">Turn 8</h2><div class="spacer battle-history"><br></div><div class="battle-history">Sableye, come back!<br></div><div class="battle-history">Go! <strong>Floatzel</strong>!<br></div><div class="spacer battle-history"><br></div><div class="battle-history">The opposing Corviknight used <strong>Brave Bird</strong>!<br></div><div class="battle-history"><small>(Floatzel lost <abbr title="−86/293">29.4%</abbr> of its health!)</small><br></div><div class="battle-history"><small>The opposing Corviknight was damaged by the recoil!</small><br></div><div class="spacer battle-history"><br></div><div class="battle-history"><small>The opposing Corviknight was hurt by its burn!</small><br></div><div class="spacer battle-history"><br></div><h2 class="battle-history">Turn 9</h2><div class="spacer battle-history"><br></div><div class="battle-history">Floatzel used <strong>Bulk Up</strong>!<br></div><div class="battle-history"><small>Floatzel's Attack rose!</small><br></div><div class="battle-history"><small>Floatzel's Defense rose!</small><br></div><div class="spacer battle-history"><br></div><div class="battle-history">The opposing Corviknight used <strong>Body Press</strong>!<br></div><div class="battle-history"><small>(Floatzel lost <abbr title="−28/293">9.6%</abbr> of its health!)</small><br></div><div class="spacer battle-history"><br></div><div class="battle-history"><small>The opposing Corviknight was hurt by its burn!</small><br></div><div class="battle-history"><small>The opposing team's Reflect wore off!</small><br></div><div class="spacer battle-history"><br></div><h2 class="battle-history">Turn 10</h2><div class="spacer battle-history"><br></div><div class="battle-history">Floatzel used <strong>Liquidation</strong>!<br></div><div class="battle-history"><small>(The opposing Corviknight lost 50% of its health!)</small><br></div><div class="battle-history"><small>Floatzel lost some of its HP!</small><br></div><div class="spacer battle-history"><br></div><div class="battle-history">The opposing Corviknight fainted!<br></div><div class="spacer battle-history"><br></div><div class="battle-history">BotwNerd745 sent out <strong>Cresselia</strong>!<br></div><div class="spacer battle-history"><br></div><h2 class="battle-history">Turn 11</h2><div class="spacer battle-history"><br></div><div class="battle-history">Floatzel used <strong>Liquidation</strong>!<br></div><div class="battle-history"><small>(The opposing Cresselia lost 44% of its health!)</small><br></div><div class="battle-history"><small>Floatzel lost some of its HP!</small><br></div><div class="spacer battle-history"><br></div><div class="battle-history">The opposing Cresselia used <strong>Toxic</strong>!<br></div><div class="battle-history"><small>Floatzel was badly poisoned!</small><br></div><div class="spacer battle-history"><br></div><div class="battle-history"><small>The opposing Cresselia restored a little HP using its Leftovers!</small><br></div><div class="battle-history"><small>Floatzel was hurt by poison!</small><br></div><div class="spacer battle-history"><br></div><h2 class="battle-history">Turn 12</h2><div class="spacer battle-history"><br></div><div class="battle-history">Floatzel, come back!<br></div><div class="battle-history">Go! <strong>Girafarig</strong>!<br></div><div class="spacer battle-history"><br></div><div class="battle-history">The opposing Cresselia used <strong>Psychic</strong>!<br></div><div class="battle-history"><small>It doesn't affect Girafarig...</small><br></div><div class="spacer battle-history"><br></div><div class="battle-history"><small>The opposing Cresselia restored a little HP using its Leftovers!</small><br></div><div class="spacer battle-history"><br></div><h2 class="battle-history">Turn 13</h2><div class="spacer battle-history"><br></div><div class="battle-history">Girafarig used <strong>Nasty Plot</strong>!<br></div><div class="battle-history"><small>Girafarig's Sp. Atk rose sharply!</small><br></div><div class="spacer battle-history"><br></div><div class="battle-history">The opposing Cresselia used <strong>Toxic</strong>!<br></div><div class="battle-history"><small>Girafarig was badly poisoned!</small><br></div><div class="spacer battle-history"><br></div><div class="battle-history"><small>The opposing Cresselia restored a little HP using its Leftovers!</small><br></div><div class="battle-history"><small>Girafarig was hurt by poison!</small><br></div><div class="spacer battle-history"><br></div><h2 class="battle-history">Turn 14</h2><div class="chat chatmessage-botwnerd745"><strong style="color:#9835de"><small>☆</small><span class="username" data-name="BotwNerd745">BotwNerd745</span>:</strong> <em>How is it immune</em></div><div class="chat chatmessage-inkbug1 mine"><strong style="color:#e46e0f"><small>☆</small><span class="username" data-name="inkbug1">inkbug1</span>:</strong> <em>:thinking:</em></div><div class="chat chatmessage-botwnerd745"><strong style="color:#9835de"><small>☆</small><span class="username" data-name="BotwNerd745">BotwNerd745</span>:</strong> <em>also this is my last match</em></div><div class="chat chatmessage-inkbug1 mine"><strong style="color:#e46e0f"><small>☆</small><span class="username" data-name="inkbug1">inkbug1</span>:</strong> <em>ok!</em></div><div class="chat chatmessage-inkbug1 mine"><strong style="color:#e46e0f"><small>☆</small><span class="username" data-name="inkbug1">inkbug1</span>:</strong> <em>ty for offering to play i had fun : D</em></div><div class="spacer battle-history"><br></div><div class="battle-history">Girafarig used <strong>Dark Pulse</strong>!<br></div><div class="battle-history"><small>It's super effective!</small><br></div><div class="battle-history"><small>(The opposing Cresselia lost 74% of its health!)</small><br></div><div class="battle-history"><small>Girafarig lost some of its HP!</small><br></div><div class="spacer battle-history"><br></div><div class="battle-history">The opposing Cresselia fainted!<br></div><div class="spacer battle-history"><br></div><div class="battle-history"><small>Girafarig was hurt by poison!</small><br></div><div class="chat chatmessage-inkbug1 mine"><strong style="color:#e46e0f"><small>☆</small><span class="username" data-name="inkbug1">inkbug1</span>:</strong> <em>i hope u did also</em></div><div class="spacer battle-history"><br></div><div class="battle-history">BotwNerd745 sent out <strong>Skuntank</strong>!<br></div><div class="spacer battle-history"><br></div><h2 class="battle-history">Turn 15</h2><div class="chat chatmessage-botwnerd745"><strong style="color:#9835de"><small>☆</small><span class="username" data-name="BotwNerd745">BotwNerd745</span>:</strong> <em>Yea</em></div><div class="chat chatmessage-botwnerd745"><strong style="color:#9835de"><small>☆</small><span class="username" data-name="BotwNerd745">BotwNerd745</span>:</strong> <em>i gotta play jackbox with my cousins so</em></div><div class="spacer battle-history"><br></div><div class="battle-history">Girafarig used <strong>Focus Blast</strong>!<br></div><div class="battle-history"><small>(The opposing Skuntank lost 100% of its health!)</small><br></div><div class="battle-history"><small>Girafarig lost some of its HP!</small><br></div><div class="spacer battle-history"><br></div><div class="battle-history">The opposing Skuntank fainted!<br></div><div class="spacer battle-history"><br></div><div class="battle-history"><small>Girafarig was hurt by poison!</small><br></div><div class="chat chatmessage-inkbug1 mine"><strong style="color:#e46e0f"><small>☆</small><span class="username" data-name="inkbug1">inkbug1</span>:</strong> <em>omg have fun</em></div><div class="spacer battle-history"><br></div><div class="battle-history">BotwNerd745 sent out <strong>Sandslash</strong>!<br></div><div class="spacer battle-history"><br></div><h2 class="battle-history">Turn 16</h2><div class="chat chatmessage-inkbug1 mine"><strong style="color:#e46e0f"><small>☆</small><span class="username" data-name="inkbug1">inkbug1</span>:</strong> <em>say hi to them for me :D </em></div><div class="spacer battle-history"><br></div><div class="battle-history">Girafarig used <strong>Dark Pulse</strong>!<br></div><div class="battle-history"><small>(The opposing Sandslash lost 100% of its health!)</small><br></div><div class="battle-history"><small>Girafarig lost some of its HP!</small><br></div><div class="spacer battle-history"><br></div><div class="battle-history">The opposing Sandslash fainted!<br></div><div class="spacer battle-history"><br></div><div class="battle-history"><small>Girafarig was hurt by poison!</small><br></div><div class="chat chatmessage-inkbug1 mine"><strong style="color:#e46e0f"><small>☆</small><span class="username" data-name="inkbug1">inkbug1</span>:</strong> <em>also this is a zoroark</em></div><div class="chat chatmessage-inkbug1 mine"><strong style="color:#e46e0f"><small>☆</small><span class="username" data-name="inkbug1">inkbug1</span>:</strong> <em>for the record</em></div><div class="chat chatmessage-botwnerd745"><strong style="color:#9835de"><small>☆</small><span class="username" data-name="BotwNerd745">BotwNerd745</span>:</strong> <em>oh</em></div><div class="spacer battle-history"><br></div><div class="battle-history">BotwNerd745 sent out <strong>Whimsicott</strong>!<br></div><div class="spacer battle-history"><br></div><h2 class="battle-history">Turn 17</h2><div class="spacer battle-history"><br></div><div class="battle-history">The opposing Whimsicott used <strong>Moonblast</strong>!<br></div><div class="battle-history"><small>It's super effective!</small><br></div><div class="battle-history"><small>(Girafarig lost <abbr title="−27/249">10.8%</abbr> of its health!)</small><br></div><div class="battle-history"><small>Zoroark's illusion wore off!</small><br></div><div class="spacer battle-history"><br></div><div class="battle-history">Zoroark fainted!<br></div><div class="chat chatmessage-botwnerd745"><strong style="color:#9835de"><small>☆</small><span class="username" data-name="BotwNerd745">BotwNerd745</span>:</strong> <em>that makes sense</em></div><div class="chat chatmessage-inkbug1 mine"><strong style="color:#e46e0f"><small>☆</small><span class="username" data-name="inkbug1">inkbug1</span>:</strong> <em>:'D </em></div><div class="chat chatmessage-botwnerd745"><strong style="color:#9835de"><small>☆</small><span class="username" data-name="BotwNerd745">BotwNerd745</span>:</strong> <em>gg</em></div><div class="spacer battle-history"><br></div><div class="battle-history">Go! Pidgeot (<strong>Pidgeot-Mega</strong>)!<br></div><div class="spacer battle-history"><br></div><h2 class="battle-history">Turn 18</h2><div class="spacer battle-history"><br></div><div class="battle-history">The opposing Whimsicott used <strong>Moonblast</strong>!<br></div><div class="battle-history"><small>(Pidgeot lost <abbr title="−96/270">35.6%</abbr> of its health!)</small><br></div><div class="spacer battle-history"><br></div><div class="battle-history">Pidgeot is paralyzed! It can't move!<br></div><div class="spacer battle-history"><br></div><h2 class="battle-history">Turn 19</h2><div class="spacer battle-history"><br></div><div class="battle-history">The opposing Whimsicott used <strong>Moonblast</strong>!<br></div><div class="battle-history"><small>(Pidgeot lost <abbr title="−7/270">2.6%</abbr> of its health!)</small><br></div><div class="spacer battle-history"><br></div><div class="battle-history">Pidgeot fainted!<br></div><div class="spacer battle-history"><br></div><div class="battle-history">Go! <strong>Girafarig</strong>!<br></div><div class="spacer battle-history"><br></div><h2 class="battle-history">Turn 20</h2><div class="spacer battle-history"><br></div><div class="battle-history">The opposing Whimsicott used <strong>Moonblast</strong>!<br></div><div class="battle-history"><small>(Girafarig lost <abbr title="−102/266">38.3%</abbr> of its health!)</small><br></div><div class="spacer battle-history"><br></div><div class="battle-history">Girafarig used <strong>Psychic</strong>!<br></div><div class="battle-history"><small>(The opposing Whimsicott lost 41% of its health!)</small><br></div><div class="spacer battle-history"><br></div><div class="battle-history"><small>The opposing Whimsicott restored a little HP using its Leftovers!</small><br></div><div class="battle-history"><small>Girafarig restored a little HP using its Leftovers!</small><br></div><div class="spacer battle-history"><br></div><h2 class="battle-history">Turn 21</h2><div class="spacer battle-history"><br></div><div class="battle-history">The opposing Whimsicott used <strong>Moonblast</strong>!<br></div><div class="battle-history"><small>(Girafarig lost <abbr title="−109/266">41.0%</abbr> of its health!)</small><br></div><div class="spacer battle-history"><br></div><div class="battle-history">Girafarig used <strong>Psychic</strong>!<br></div><div class="battle-history"><small>(The opposing Whimsicott lost 46% of its health!)</small><br></div><div class="spacer battle-history"><br></div><div class="battle-history"><small>The opposing Whimsicott restored a little HP using its Leftovers!</small><br></div><div class="battle-history"><small>Girafarig restored a little HP using its Leftovers!</small><br></div><div class="spacer battle-history"><br></div><h2 class="battle-history">Turn 22</h2><div class="spacer battle-history"><br></div><div class="battle-history">The opposing Whimsicott used <strong>Moonblast</strong>!<br></div><div class="battle-history"><small>(Girafarig lost <abbr title="−87/266">32.7%</abbr> of its health!)</small><br></div><div class="spacer battle-history"><br></div><div class="battle-history">Girafarig fainted!<br></div><div class="spacer battle-history"><br></div><div class="battle-history"><small>The opposing Whimsicott restored a little HP using its Leftovers!</small><br></div><div class="spacer battle-history"><br></div><div class="battle-history">Go! <strong>Dhelmise</strong>!<br></div><div class="spacer battle-history"><br></div><h2 class="battle-history">Turn 23</h2><div class="chat chatmessage-botwnerd745"><strong style="color:#9835de"><small>☆</small><span class="username" data-name="BotwNerd745">BotwNerd745</span>:</strong> <em>Whimsicott carry</em></div><div class="spacer battle-history"><br></div><div class="battle-history">The opposing Whimsicott used <strong>Moonblast</strong>!<br></div><div class="battle-history"><small>(Dhelmise lost <abbr title="−94/261">36.0%</abbr> of its health!)</small><br></div><div class="spacer battle-history"><br></div><div class="battle-history">Dhelmise used <strong>Anchor Shot</strong>!<br></div><div class="battle-history"><small>It's super effective!</small><br></div><div class="battle-history"><small>(The opposing Whimsicott lost 31% of its health!)</small><br></div><div class="spacer battle-history"><br></div><div class="battle-history">The opposing Whimsicott fainted!<br></div><div class="spacer battle-history"><br></div><div class="battle-history"><strong>inkbug1</strong> won the battle!<br></div><div class="chat chatmessage-inkbug1 mine"><strong style="color:#e46e0f"><small>☆</small><span class="username" data-name="inkbug1">inkbug1</span>:</strong> <em>its jsut a litl  cotton baby</em></div><div class="chat chatmessage-botwnerd745"><strong style="color:#9835de"><small>☆</small><span class="username" data-name="BotwNerd745">BotwNerd745</span>:</strong> <em>gg</em></div><div class="chat chatmessage-inkbug1 mine"><strong style="color:#e46e0f"><small>☆</small><span class="username" data-name="inkbug1">inkbug1</span>:</strong> <em>gg</em></div><div class="chat"><small>☆BotwNerd745 left</small></div><div class="chat chatmessage-inkbug1 mine"><strong style="color:#e46e0f"><small>☆</small><span class="username" data-name="inkbug1">inkbug1</span>:</strong> <em>and have fun w ur cousins!! </em></div></div><div class="inner-preempt message-log"></div></div></div>
</div>
<script>
let daily = Math.floor(Date.now()/1000/60/60/24);document.write('<script src="https://dragonheaven.herokuapp.com/js/replay-embed.js?version'+daily+'"></'+'script>');
</script>
