<!DOCTYPE html>
<meta charset="utf-8" />
<!-- version 1 -->
<title>[Gen 8] Megas for All replay: H2OPulse vs. inkbug1</title>
<style>
html,body {font-family:Verdana, sans-serif;font-size:10pt;margin:0;padding:0;}body{padding:12px 0;} .battle-log {font-family:Verdana, sans-serif;font-size:10pt;} .battle-log-inline {border:1px solid #AAAAAA;background:#EEF2F5;color:black;max-width:640px;margin:0 auto 80px;padding-bottom:5px;} .battle-log .inner {padding:4px 8px 0px 8px;} .battle-log .inner-preempt {padding:0 8px 4px 8px;} .battle-log .inner-after {margin-top:0.5em;} .battle-log h2 {margin:0.5em -8px;padding:4px 8px;border:1px solid #AAAAAA;background:#E0E7EA;border-left:0;border-right:0;font-family:Verdana, sans-serif;font-size:13pt;} .battle-log .chat {vertical-align:middle;padding:3px 0 3px 0;font-size:8pt;} .battle-log .chat strong {color:#40576A;} .battle-log .chat em {padding:1px 4px 1px 3px;color:#000000;font-style:normal;} .chat.mine {background:rgba(0,0,0,0.05);margin-left:-8px;margin-right:-8px;padding-left:8px;padding-right:8px;} .spoiler {color:#BBBBBB;background:#BBBBBB;padding:0px 3px;} .spoiler:hover, .spoiler:active, .spoiler-shown {color:#000000;background:#E2E2E2;padding:0px 3px;} .spoiler a {color:#BBBBBB;} .spoiler:hover a, .spoiler:active a, .spoiler-shown a {color:#2288CC;} .chat code, .chat .spoiler:hover code, .chat .spoiler:active code, .chat .spoiler-shown code {border:1px solid #C0C0C0;background:#EEEEEE;color:black;padding:0 2px;} .chat .spoiler code {border:1px solid #CCCCCC;background:#CCCCCC;color:#CCCCCC;} .battle-log .rated {padding:3px 4px;} .battle-log .rated strong {color:white;background:#89A;padding:1px 4px;border-radius:4px;} .spacer {margin-top:0.5em;} .message-announce {background:#6688AA;color:white;padding:1px 4px 2px;} .message-announce a, .broadcast-green a, .broadcast-blue a, .broadcast-red a {color:#DDEEFF;} .broadcast-green {background-color:#559955;color:white;padding:2px 4px;} .broadcast-blue {background-color:#6688AA;color:white;padding:2px 4px;} .infobox {border:1px solid #6688AA;padding:2px 4px;} .infobox-limited {max-height:200px;overflow:auto;overflow-x:hidden;} .broadcast-red {background-color:#AA5544;color:white;padding:2px 4px;} .message-learn-canlearn {font-weight:bold;color:#228822;text-decoration:underline;} .message-learn-cannotlearn {font-weight:bold;color:#CC2222;text-decoration:underline;} .message-effect-weak {font-weight:bold;color:#CC2222;} .message-effect-resist {font-weight:bold;color:#6688AA;} .message-effect-immune {font-weight:bold;color:#666666;} .message-learn-list {margin-top:0;margin-bottom:0;} .message-throttle-notice, .message-error {color:#992222;} .message-overflow, .chat small.message-overflow {font-size:0pt;} .message-overflow::before {font-size:9pt;content:'...';} .subtle {color:#3A4A66;}
</style>
<div class="wrapper replay-wrapper" style="max-width:1180px;margin:0 auto">
<input type="hidden" name="replayid" value="dragonheaven-gen8megasforall-5138" />
<div class="battle"></div><div class="battle-log"></div><div class="replay-controls"></div><div class="replay-controls-2"></div>
<h1 style="font-weight:normal;text-align:center"><strong>[Gen 8] Megas for All</strong><br /><a href="http://pokemonshowdown.com/users/h2opulse" class="subtle" target="_blank">H2OPulse</a> vs. <a href="http://pokemonshowdown.com/users/inkbug1" class="subtle" target="_blank">inkbug1</a></h1>
<script type="text/plain" class="battle-log-data">|j|☆H2OPulse
|j|☆inkbug1


|player|p1|H2OPulse|aetherfoundation|


|player|p2|inkbug1|burgh|
|teamsize|p1|6
|teamsize|p2|6
|gametype|singles
|gen|8
|tier|[Gen 8] Megas for All
|clearpoke
|poke|p1|Slowking, M|
|poke|p1|Cobalion|
|poke|p1|Muk-Alola, F|
|poke|p1|Hoopa-Unbound|
|poke|p1|Salamence, F|
|poke|p1|Rotom-Heat|
|poke|p2|Archeops, F|
|poke|p2|Vaporeon, M|
|poke|p2|Durant, F|
|poke|p2|Scrafty, F|
|poke|p2|Eelektross, M|
|poke|p2|Talonflame, M|
|rule|HP Percentage Mod: HP is shown in percentages
|rule|Endless Battle Clause: Forcing endless battles is banned
|rule|OHKO Clause: OHKO moves are banned
|rule|Evasion Moves Clause: Evasion moves are banned
|rule|Species Clause: Limit one of each Pokémon
|rule|Dynamax Clause: You cannot dynamax
|rule|Sleep Clause Mod: Limit one foe put to sleep
|teampreview


|c|☆H2OPulse|OH that looks fun!!!


|c|☆H2OPulse|I have no idea which of these is Mega I--


|c|☆inkbug1|asdasda


|c|☆H2OPulse|This will be fun :'D


|
|start
|switch|p1a: Delph|Cobalion|100\/100
|switch|p2a: Roxie|Archeops, F|291\/291
|turn|1


|j| Coppersmith


|c|☆inkbug1|immediately i remember one of the issues with this team ajhsgdajs


|
|move|p2a: Roxie|Brave Bird|p1a: Delph
|-damage|p1a: Delph|41\/100
|-damage|p2a: Roxie|243\/291|[from] item: Rocky Helmet|[of] p1a: Delph
|-damage|p2a: Roxie|179\/291|[from] Recoil
|move|p1a: Delph|Iron Head|p2a: Roxie
|-supereffective|p2a: Roxie
|-damage|p2a: Roxie|0 fnt
|faint|p2a: Roxie
|
|upkeep


|c| Coppersmith|good luck folks]


|
|switch|p2a: Sharpe|Talonflame, M|360\/360
|turn|2


|c|☆H2OPulse|Thanks : D


|
|move|p1a: Delph|Volt Switch|p2a: Sharpe
|-supereffective|p2a: Sharpe
|-damage|p2a: Sharpe|246\/360


|c|☆inkbug1|im not sure i changed his evs 


|c|☆inkbug1|hm


|c|☆inkbug1|ah well


|c|☆H2OPulse|Oh that was


|c|☆H2OPulse|slower and bulkier than expected


|c|☆H2OPulse|interesting!


|
|switch|p1a: Wheat|Rotom-Heat|100\/100|[from]move: Volt Switch
|move|p2a: Sharpe|Heat Wave|p1a: Wheat
|-resisted|p1a: Wheat
|-damage|p1a: Wheat|88\/100
|
|upkeep
|turn|3


|
|switch|p2a: Butterknife|Eelektross, M|374\/374
|move|p1a: Wheat|Nasty Plot|p1a: Wheat
|-boost|p1a: Wheat|spa|2
|
|upkeep
|turn|4


|
|move|p1a: Wheat|Overheat|p2a: Butterknife
|-damage|p2a: Butterknife|8\/374
|-unboost|p1a: Wheat|spa|2
|move|p2a: Butterknife|Dragon Tail|p1a: Wheat
|-damage|p1a: Wheat|67\/100
|drag|p1a: Moss Rose|Slowking, M|100\/100
|
|upkeep
|turn|5


|
|switch|p1a: Delph|Cobalion|41\/100
|move|p2a: Butterknife|Zap Cannon|p1a: Delph
|-damage|p1a: Delph|0 fnt
|faint|p1a: Delph
|
|upkeep


|c|☆H2OPulse|Oh I see


|c| Coppersmith|0_0


|
|switch|p1a: Wheat|Rotom-Heat|67\/100
|turn|6


|c| Coppersmith|eelektross is so cool uwu


|c|☆inkbug1|i half wish that had missed ot be honest because now i lose to rotom


|
|move|p1a: Wheat|Volt Switch|p2a: Butterknife
|-resisted|p2a: Butterknife
|-damage|p2a: Butterknife|0 fnt
|faint|p2a: Butterknife


|c|☆H2OPulse|I have no idea why I made that switch fdhkd


|c|☆H2OPulse|Haha fair


|
|switch|p1a: Hydrangea|Muk-Alola, F|100\/100|[from]move: Volt Switch
|
|upkeep


|
|switch|p2a: Dara|Scrafty, F|334\/334
|-ability|p2a: Dara|Intimidate|boost
|-unboost|p1a: Hydrangea|atk|1
|turn|7


|
|move|p2a: Dara|Drain Punch|p1a: Hydrangea
|-damage|p1a: Hydrangea|35\/100
|-enditem|p1a: Hydrangea|Figy Berry|[eat]
|-heal|p1a: Hydrangea|68\/100|[from] item: Figy Berry
|move|p1a: Hydrangea|Toxic|p2a: Dara
|-status|p2a: Dara|tox
|
|-damage|p2a: Dara|314\/334 tox|[from] psn
|upkeep
|turn|8


|c|☆H2OPulse|tHAT DID SO MUCH MORE THAN I EXPECTD


|c|☆H2OPulse|*ED


|c|☆H2OPulse|can't type ;;


|c|☆inkbug1|ajsdgj


|
|switch|p1a: Strelitzia|Salamence, F|100\/100
|-ability|p1a: Strelitzia|Intimidate|boost
|-unboost|p2a: Dara|atk|1
|move|p2a: Dara|Drain Punch|p1a: Strelitzia
|-resisted|p1a: Strelitzia
|-damage|p1a: Strelitzia|84\/100
|-heal|p2a: Dara|334\/334 tox|[from] drain|[of] p1a: Strelitzia
|
|-damage|p2a: Dara|294\/334 tox|[from] psn
|upkeep
|turn|9


|
|switch|p2a: Sharpe|Talonflame, M|246\/360
|move|p1a: Strelitzia|Wish|p1a: Strelitzia
|
|upkeep
|turn|10


|
|switch|p1a: Wheat|Rotom-Heat|67\/100
|detailschange|p2a: Sharpe|Talonflame-Mega, M
|-mega|p2a: Sharpe|Talonflame|Talonflite
|move|p2a: Sharpe|Brave Bird|p1a: Wheat
|-resisted|p1a: Wheat
|-damage|p1a: Wheat|41\/100
|-damage|p2a: Sharpe|220\/360|[from] Recoil
|
|-heal|p1a: Wheat|100\/100|[from] move: Wish|[wisher] Strelitzia
|upkeep
|turn|11


|c|☆inkbug1|dammit


|c|☆inkbug1|get back here


|c|☆H2OPulse|__huh__


|c| Coppersmith|tryna trap mence?


|c|☆H2OPulse|My money was on Vaporeon :'D


|c|☆H2OPulse|and yeah I guess so hahah


|
|move|p2a: Sharpe|U-turn|p1a: Wheat
|-resisted|p1a: Wheat
|-damage|p1a: Wheat|90\/100


|c|☆inkbug1|i got no answers for this w\/o archeops oops 


|j| kakaks


|
|switch|p2a: Finnigan|Vaporeon, M|464\/464
|move|p1a: Wheat|Nasty Plot|p1a: Wheat
|-boost|p1a: Wheat|spa|2
|
|upkeep
|turn|12


|c| Coppersmith|haha


|
|move|p1a: Wheat|Volt Switch|p2a: Finnigan
|-supereffective|p2a: Finnigan
|-damage|p2a: Finnigan|156\/464


|
|switch|p1a: Hydrangea|Muk-Alola, F|68\/100|[from]move: Volt Switch
|move|p2a: Finnigan|Heal Bell|p2a: Finnigan
|-activate|p2a: Finnigan|move: Heal Bell
|-curestatus|p2: Dara|tox|[msg]
|
|upkeep
|turn|13


|
|move|p1a: Hydrangea|Pursuit|p2a: Finnigan
|-damage|p2a: Finnigan|80\/464
|move|p2a: Finnigan|Wish|p2a: Finnigan
|
|upkeep
|turn|14


|
|move|p1a: Hydrangea|Knock Off|p2a: Finnigan
|-damage|p2a: Finnigan|0 fnt
|faint|p2a: Finnigan
|
|upkeep


|
|switch|p2a: Dara|Scrafty, F|294\/334
|-ability|p2a: Dara|Intimidate|boost
|-unboost|p1a: Hydrangea|atk|1
|turn|15


|
|-singleturn|p2a: Dara|move: Focus Punch
|switch|p1a: Strelitzia|Salamence, F|84\/100
|-ability|p1a: Strelitzia|Intimidate|boost
|-unboost|p2a: Dara|atk|1
|move|p2a: Dara|Focus Punch|p1a: Strelitzia
|-resisted|p1a: Strelitzia
|-damage|p1a: Strelitzia|47\/100
|
|upkeep
|turn|16


|c| Coppersmith|does wish pass after fainting guess noy


|c| Coppersmith|not


|c|☆H2OPulse|Not if you faint on the turn it was supposed to come true


|c|☆inkbug1|i think it does if they faint the turn they use wish


|c|☆H2OPulse|but yeah that ^


|c| Coppersmith|huh


|
|switch|p2a: Sharpe|Talonflame-Mega, M|220\/360
|move|p1a: Strelitzia|Toxic|p2a: Sharpe
|-status|p2a: Sharpe|tox
|
|-damage|p2a: Sharpe|198\/360 tox|[from] psn
|upkeep
|turn|17


|c| Coppersmith|well


|
|move|p2a: Sharpe|Brave Bird|p1a: Strelitzia
|-damage|p1a: Strelitzia|0 fnt
|-damage|p2a: Sharpe|137\/360 tox|[from] Recoil
|faint|p1a: Strelitzia
|
|-damage|p2a: Sharpe|93\/360 tox|[from] psn
|upkeep


|
|switch|p1a: Moss Rose|Slowking, M|100\/100
|turn|18


|c| Coppersmith|oh bird of prey is soooo sick


|j| aausma


|
|move|p2a: Sharpe|U-turn|p1a: Moss Rose
|-supereffective|p1a: Moss Rose
|-damage|p1a: Moss Rose|74\/100


|
|switch|p2a: Celia|Durant, F|257\/257
|move|p1a: Moss Rose|Nasty Plot|p1a: Moss Rose
|-boost|p1a: Moss Rose|spa|2
|
|upkeep
|turn|19


|c|☆H2OPulse|hmmmmm fear


|
|switch|p1a: Wheat|Rotom-Heat|90\/100
|move|p2a: Celia|First Impression|p1a: Wheat
|-resisted|p1a: Wheat
|-damage|p1a: Wheat|57\/100
|
|upkeep
|turn|20


|c|☆H2OPulse|w h e w


|c|☆H2OPulse|yeah definitely had to switch there


|
|move|p2a: Celia|Hone Claws|p2a: Celia
|-boost|p2a: Celia|atk|1
|-boost|p2a: Celia|accuracy|1
|move|p1a: Wheat|Overheat|p2a: Celia
|-supereffective|p2a: Celia
|-damage|p2a: Celia|0 fnt
|-unboost|p1a: Wheat|spa|2
|faint|p2a: Celia
|
|upkeep


|c|☆inkbug1|whoops


|c|☆inkbug1|was banking on nasty plot tbh


|
|switch|p2a: Dara|Scrafty, F|294\/334
|-ability|p2a: Dara|Intimidate|boost
|-unboost|p1a: Wheat|atk|1
|turn|21


|
|move|p1a: Wheat|Volt Switch|p2a: Dara
|-damage|p2a: Dara|258\/334


|
|switch|p1a: Moss Rose|Slowking, M|100\/100|[from]move: Volt Switch
|move|p2a: Dara|Drain Punch|p1a: Moss Rose
|-resisted|p1a: Moss Rose
|-damage|p1a: Moss Rose|82\/100
|-heal|p2a: Dara|294\/334|[from] drain|[of] p1a: Moss Rose
|
|upkeep
|turn|22


|
|switch|p2a: Sharpe|Talonflame-Mega, M|93\/360 tox
|move|p1a: Moss Rose|Scald|p2a: Sharpe
|-supereffective|p2a: Sharpe
|-damage|p2a: Sharpe|0 fnt
|faint|p2a: Sharpe
|
|upkeep


|c|☆inkbug1|hmmm


|
|switch|p2a: Dara|Scrafty, F|294\/334
|-ability|p2a: Dara|Intimidate|boost
|-unboost|p1a: Moss Rose|atk|1
|turn|23


|
|detailschange|p1a: Moss Rose|Slowking-Mega, M
|-mega|p1a: Moss Rose|Slowking|Slowkinite
|-activate|p1a: Moss Rose|ability: Counter-Clockwise Spiral|p1a: Moss Rose
|-fieldstart|move: Trick Room|[of] p1a: Moss Rose
|move|p2a: Dara|Knock Off|p1a: Moss Rose
|-supereffective|p1a: Moss Rose
|-damage|p1a: Moss Rose|21\/100
|move|p1a: Moss Rose|Scald|p2a: Dara
|-damage|p2a: Dara|176\/334
|
|upkeep
|turn|24


|c|☆H2OPulse|yeah I figured I wouldn't be able to outspeed


|c|☆H2OPulse|darn :'D


|
|move|p2a: Dara|Knock Off|p1a: Moss Rose
|-supereffective|p1a: Moss Rose
|-damage|p1a: Moss Rose|0 fnt
|faint|p1a: Moss Rose
|-fieldend|move: Trick Room
|
|upkeep


|c|☆inkbug1|fair :'D 


|c|☆H2OPulse|Oh but that does mean---


|
|switch|p1a: Malacothrix|Hoopa-Unbound|100\/100
|turn|25


|
|move|p1a: Malacothrix|Drain Punch|p2a: Dara
|-supereffective|p2a: Dara
|-damage|p2a: Dara|0 fnt
|faint|p2a: Dara
|
|win|H2OPulse


|c|☆inkbug1|yep


|c|☆inkbug1|gg ! 


|c|☆H2OPulse|Good game!!!
</script>
</div>
<div class="battle-log battle-log-inline"><div class="inner"><div class="battle-options"><div style="padding-top: 3px; padding-right: 3px; text-align: right"><button class="icon button" name="openBattleOptions" title="Options">Battle Options</button></div></div><div class="inner message-log"><div class="chat"><small>☆H2OPulse and ☆inkbug1 joined</small></div><div class=""><small>Format:</small> <br><strong>[Gen 8] Megas for All</strong></div><div class=""><small><em>HP Percentage Mod:</em> HP is shown in percentages</small></div><div class=""><small><em>Endless Battle Clause:</em> Forcing endless battles is banned</small></div><div class=""><small><em>OHKO Clause:</em> OHKO moves are banned</small></div><div class=""><small><em>Evasion Moves Clause:</em> Evasion moves are banned</small></div><div class=""><small><em>Species Clause:</em> Limit one of each Pokémon</small></div><div class=""><small><em>Dynamax Clause:</em> You cannot dynamax</small></div><div class=""><small><em>Sleep Clause Mod:</em> Limit one foe put to sleep</small></div><div class="chat battle-history"><strong>inkbug1's team:</strong> <em style="color:#445566;display:block;">Archeops / Vaporeon / Durant / Scrafty / Eelektross / Talonflame</em></div><div class="chat battle-history"><strong>H2OPulse's team:</strong> <em style="color:#445566;display:block;">Slowking / Cobalion / Muk-Alola / Hoopa-Unbound / Salamence / Rotom-Heat</em></div><div class="chat chatmessage-h2opulse"><strong style="color:#6e8c2b"><small>☆</small><span class="username" data-name="H2OPulse">H2OPulse</span>:</strong> <em>OH that looks fun!!!</em></div><div class="chat chatmessage-h2opulse"><strong style="color:#6e8c2b"><small>☆</small><span class="username" data-name="H2OPulse">H2OPulse</span>:</strong> <em>I have no idea which of these is Mega I--</em></div><div class="chat chatmessage-inkbug1 mine"><strong style="color:#e46e0f"><small>☆</small><span class="username" data-name="inkbug1">inkbug1</span>:</strong> <em>asdasda</em></div><div class="chat chatmessage-h2opulse"><strong style="color:#6e8c2b"><small>☆</small><span class="username" data-name="H2OPulse">H2OPulse</span>:</strong> <em>This will be fun :'D</em></div><div class="spacer battle-history"><br></div><div class="battle-history">Battle started between H2OPulse and inkbug1!<br></div><div class="spacer battle-history"><br></div><div class="battle-history">H2OPulse sent out Delph (<strong>Cobalion</strong>)!<br></div><div class="spacer battle-history"><br></div><div class="battle-history">Go! Roxie (<strong>Archeops</strong>)!<br></div><div class="spacer battle-history"><br></div><h2 class="battle-history">Turn 1</h2><div class="chat"><small> Coppersmith joined</small></div><div class="chat chatmessage-inkbug1 mine"><strong style="color:#e46e0f"><small>☆</small><span class="username" data-name="inkbug1">inkbug1</span>:</strong> <em>immediately i remember one of the issues with this team ajhsgdajs</em></div><div class="spacer battle-history"><br></div><div class="battle-history">Roxie used <strong>Brave Bird</strong>!<br></div><div class="battle-history"><small>(The opposing Delph lost 59% of its health!)</small><br></div><div class="battle-history"><small>Roxie was hurt by the Rocky Helmet!</small><br></div><div class="battle-history"><small>Roxie was damaged by the recoil!</small><br></div><div class="spacer battle-history"><br></div><div class="battle-history">The opposing Delph used <strong>Iron Head</strong>!<br></div><div class="battle-history"><small>It's super effective!</small><br></div><div class="battle-history"><small>(Roxie lost <abbr title="−179/291">61.5%</abbr> of its health!)</small><br></div><div class="spacer battle-history"><br></div><div class="battle-history">Roxie fainted!<br></div><div class="chat chatmessage-coppersmith"><strong style="color:#0aa445"><small> </small><span class="username" data-name="Coppersmith">Coppersmith</span>:</strong> <em>good luck folks]</em></div><div class="spacer battle-history"><br></div><div class="battle-history">Go! Sharpe (<strong>Talonflame</strong>)!<br></div><div class="spacer battle-history"><br></div><h2 class="battle-history">Turn 2</h2><div class="chat chatmessage-h2opulse"><strong style="color:#6e8c2b"><small>☆</small><span class="username" data-name="H2OPulse">H2OPulse</span>:</strong> <em>Thanks : D</em></div><div class="spacer battle-history"><br></div><div class="battle-history">The opposing Delph used <strong>Volt Switch</strong>!<br></div><div class="battle-history"><small>It's super effective!</small><br></div><div class="battle-history"><small>(Sharpe lost <abbr title="−114/360">31.7%</abbr> of its health!)</small><br></div><div class="chat chatmessage-inkbug1 mine"><strong style="color:#e46e0f"><small>☆</small><span class="username" data-name="inkbug1">inkbug1</span>:</strong> <em>im not sure i changed his evs </em></div><div class="chat chatmessage-inkbug1 mine"><strong style="color:#e46e0f"><small>☆</small><span class="username" data-name="inkbug1">inkbug1</span>:</strong> <em>hm</em></div><div class="chat chatmessage-inkbug1 mine"><strong style="color:#e46e0f"><small>☆</small><span class="username" data-name="inkbug1">inkbug1</span>:</strong> <em>ah well</em></div><div class="chat chatmessage-h2opulse"><strong style="color:#6e8c2b"><small>☆</small><span class="username" data-name="H2OPulse">H2OPulse</span>:</strong> <em>Oh that was</em></div><div class="chat chatmessage-h2opulse"><strong style="color:#6e8c2b"><small>☆</small><span class="username" data-name="H2OPulse">H2OPulse</span>:</strong> <em>slower and bulkier than expected</em></div><div class="chat chatmessage-h2opulse"><strong style="color:#6e8c2b"><small>☆</small><span class="username" data-name="H2OPulse">H2OPulse</span>:</strong> <em>interesting!</em></div><div class="spacer battle-history"><br></div><div class="battle-history">The opposing Delph went back to H2OPulse!<br></div><div class="battle-history">H2OPulse sent out Wheat (<strong>Rotom-Heat</strong>)!<br></div><div class="spacer battle-history"><br></div><div class="battle-history">Sharpe used <strong>Heat Wave</strong>!<br></div><div class="battle-history"><small>It's not very effective...</small><br></div><div class="battle-history"><small>(The opposing Wheat lost 12% of its health!)</small><br></div><div class="spacer battle-history"><br></div><h2 class="battle-history">Turn 3</h2><div class="spacer battle-history"><br></div><div class="battle-history">Sharpe, come back!<br></div><div class="battle-history">Go! Butterknife (<strong>Eelektross</strong>)!<br></div><div class="spacer battle-history"><br></div><div class="battle-history">The opposing Wheat used <strong>Nasty Plot</strong>!<br></div><div class="battle-history"><small>The opposing Wheat's Sp. Atk rose sharply!</small><br></div><div class="spacer battle-history"><br></div><h2 class="battle-history">Turn 4</h2><div class="spacer battle-history"><br></div><div class="battle-history">The opposing Wheat used <strong>Overheat</strong>!<br></div><div class="battle-history"><small>(Butterknife lost <abbr title="−366/374">97.9%</abbr> of its health!)</small><br></div><div class="battle-history"><small>The opposing Wheat's Sp. Atk fell harshly!</small><br></div><div class="spacer battle-history"><br></div><div class="battle-history">Butterknife used <strong>Dragon Tail</strong>!<br></div><div class="battle-history"><small>(The opposing Wheat lost 21% of its health!)</small><br></div><div class="spacer battle-history"><br></div><div class="battle-history">Moss Rose (<strong>Slowking</strong>) was dragged out!<br></div><div class="spacer battle-history"><br></div><h2 class="battle-history">Turn 5</h2><div class="spacer battle-history"><br></div><div class="battle-history">H2OPulse withdrew Moss Rose!<br></div><div class="battle-history">H2OPulse sent out Delph (<strong>Cobalion</strong>)!<br></div><div class="spacer battle-history"><br></div><div class="battle-history">Butterknife used <strong>Zap Cannon</strong>!<br></div><div class="battle-history"><small>(The opposing Delph lost 41% of its health!)</small><br></div><div class="spacer battle-history"><br></div><div class="battle-history">The opposing Delph fainted!<br></div><div class="chat chatmessage-h2opulse"><strong style="color:#6e8c2b"><small>☆</small><span class="username" data-name="H2OPulse">H2OPulse</span>:</strong> <em>Oh I see</em></div><div class="chat chatmessage-coppersmith"><strong style="color:#0aa445"><small> </small><span class="username" data-name="Coppersmith">Coppersmith</span>:</strong> <em>0_0</em></div><div class="spacer battle-history"><br></div><div class="battle-history">H2OPulse sent out Wheat (<strong>Rotom-Heat</strong>)!<br></div><div class="spacer battle-history"><br></div><h2 class="battle-history">Turn 6</h2><div class="chat chatmessage-coppersmith"><strong style="color:#0aa445"><small> </small><span class="username" data-name="Coppersmith">Coppersmith</span>:</strong> <em>eelektross is so cool uwu</em></div><div class="chat chatmessage-inkbug1 mine"><strong style="color:#e46e0f"><small>☆</small><span class="username" data-name="inkbug1">inkbug1</span>:</strong> <em>i half wish that had missed ot be honest because now i lose to rotom</em></div><div class="spacer battle-history"><br></div><div class="battle-history">The opposing Wheat used <strong>Volt Switch</strong>!<br></div><div class="battle-history"><small>It's not very effective...</small><br></div><div class="battle-history"><small>(Butterknife lost <abbr title="−8/374">2.1%</abbr> of its health!)</small><br></div><div class="spacer battle-history"><br></div><div class="battle-history">Butterknife fainted!<br></div><div class="chat chatmessage-h2opulse"><strong style="color:#6e8c2b"><small>☆</small><span class="username" data-name="H2OPulse">H2OPulse</span>:</strong> <em>I have no idea why I made that switch fdhkd</em></div><div class="chat chatmessage-h2opulse"><strong style="color:#6e8c2b"><small>☆</small><span class="username" data-name="H2OPulse">H2OPulse</span>:</strong> <em>Haha fair</em></div><div class="spacer battle-history"><br></div><div class="battle-history">The opposing Wheat went back to H2OPulse!<br></div><div class="battle-history">H2OPulse sent out Hydrangea (<strong>Muk-Alola</strong>)!<br></div><div class="spacer battle-history"><br></div><div class="battle-history">Go! Dara (<strong>Scrafty</strong>)!<br></div><div class="battle-history">[Dara's Intimidate]<br></div><div class="battle-history"><small>The opposing Hydrangea's Attack fell!</small><br></div><div class="spacer battle-history"><br></div><h2 class="battle-history">Turn 7</h2><div class="spacer battle-history"><br></div><div class="battle-history">Dara used <strong>Drain Punch</strong>!<br></div><div class="battle-history"><small>(The opposing Hydrangea lost 65% of its health!)</small><br></div><div class="battle-history"><small>(The opposing Hydrangea ate its Figy Berry!)</small><br></div><div class="battle-history"><small>The opposing Hydrangea restored HP using its Figy Berry!</small><br></div><div class="spacer battle-history"><br></div><div class="battle-history">The opposing Hydrangea used <strong>Toxic</strong>!<br></div><div class="battle-history"><small>Dara was badly poisoned!</small><br></div><div class="spacer battle-history"><br></div><div class="battle-history"><small>Dara was hurt by poison!</small><br></div><div class="spacer battle-history"><br></div><h2 class="battle-history">Turn 8</h2><div class="chat chatmessage-h2opulse"><strong style="color:#6e8c2b"><small>☆</small><span class="username" data-name="H2OPulse">H2OPulse</span>:</strong> <em>tHAT DID SO MUCH MORE THAN I EXPECTD</em></div><div class="chat chatmessage-h2opulse"><strong style="color:#6e8c2b"><small>☆</small><span class="username" data-name="H2OPulse">H2OPulse</span>:</strong> <em>*ED</em></div><div class="chat chatmessage-h2opulse"><strong style="color:#6e8c2b"><small>☆</small><span class="username" data-name="H2OPulse">H2OPulse</span>:</strong> <em>can't type ;;</em></div><div class="chat chatmessage-inkbug1 mine"><strong style="color:#e46e0f"><small>☆</small><span class="username" data-name="inkbug1">inkbug1</span>:</strong> <em>ajsdgj</em></div><div class="spacer battle-history"><br></div><div class="battle-history">H2OPulse withdrew Hydrangea!<br></div><div class="battle-history">H2OPulse sent out Strelitzia (<strong>Salamence</strong>)!<br></div><div class="battle-history">[The opposing Strelitzia's Intimidate]<br></div><div class="battle-history"><small>Dara's Attack fell!</small><br></div><div class="spacer battle-history"><br></div><div class="battle-history">Dara used <strong>Drain Punch</strong>!<br></div><div class="battle-history"><small>It's not very effective...</small><br></div><div class="battle-history"><small>(The opposing Strelitzia lost 16% of its health!)</small><br></div><div class="battle-history"><small>The opposing Strelitzia had its energy drained!</small><br></div><div class="spacer battle-history"><br></div><div class="battle-history"><small>Dara was hurt by poison!</small><br></div><div class="spacer battle-history"><br></div><h2 class="battle-history">Turn 9</h2><div class="spacer battle-history"><br></div><div class="battle-history">Dara, come back!<br></div><div class="battle-history">Go! Sharpe (<strong>Talonflame</strong>)!<br></div><div class="spacer battle-history"><br></div><div class="battle-history">The opposing Strelitzia used <strong>Wish</strong>!<br></div><div class="spacer battle-history"><br></div><h2 class="battle-history">Turn 10</h2><div class="spacer battle-history"><br></div><div class="battle-history">H2OPulse withdrew Strelitzia!<br></div><div class="battle-history">H2OPulse sent out Wheat (<strong>Rotom-Heat</strong>)!<br></div><div class="spacer battle-history"><br></div><div class="battle-history"><small>Sharpe's Talonflite is reacting to the Key Stone!</small><br>Sharpe has Mega Evolved into Mega Talonflame!<br></div><div class="spacer battle-history"><br></div><div class="battle-history">Sharpe used <strong>Brave Bird</strong>!<br></div><div class="battle-history"><small>It's not very effective...</small><br></div><div class="battle-history"><small>(The opposing Wheat lost 26% of its health!)</small><br></div><div class="battle-history"><small>Sharpe was damaged by the recoil!</small><br></div><div class="spacer battle-history"><br></div><div class="battle-history"><small>Strelitzia's wish came true!</small><br></div><div class="spacer battle-history"><br></div><h2 class="battle-history">Turn 11</h2><div class="chat chatmessage-inkbug1 mine"><strong style="color:#e46e0f"><small>☆</small><span class="username" data-name="inkbug1">inkbug1</span>:</strong> <em>dammit</em></div><div class="chat chatmessage-inkbug1 mine"><strong style="color:#e46e0f"><small>☆</small><span class="username" data-name="inkbug1">inkbug1</span>:</strong> <em>get back here</em></div><div class="chat chatmessage-h2opulse"><strong style="color:#6e8c2b"><small>☆</small><span class="username" data-name="H2OPulse">H2OPulse</span>:</strong> <em><i>huh</i></em></div><div class="chat chatmessage-coppersmith"><strong style="color:#0aa445"><small> </small><span class="username" data-name="Coppersmith">Coppersmith</span>:</strong> <em>tryna trap mence?</em></div><div class="chat chatmessage-h2opulse"><strong style="color:#6e8c2b"><small>☆</small><span class="username" data-name="H2OPulse">H2OPulse</span>:</strong> <em>My money was on Vaporeon :'D</em></div><div class="chat chatmessage-h2opulse"><strong style="color:#6e8c2b"><small>☆</small><span class="username" data-name="H2OPulse">H2OPulse</span>:</strong> <em>and yeah I guess so hahah</em></div><div class="spacer battle-history"><br></div><div class="battle-history">Sharpe used <strong>U-turn</strong>!<br></div><div class="battle-history"><small>It's not very effective...</small><br></div><div class="battle-history"><small>(The opposing Wheat lost 10% of its health!)</small><br></div><div class="chat chatmessage-inkbug1 mine"><strong style="color:#e46e0f"><small>☆</small><span class="username" data-name="inkbug1">inkbug1</span>:</strong> <em>i got no answers for this w/o archeops oops </em></div><div class="chat"><small> kakaks joined</small></div><div class="spacer battle-history"><br></div><div class="battle-history">Sharpe went back to inkbug1!<br></div><div class="battle-history">Go! Finnigan (<strong>Vaporeon</strong>)!<br></div><div class="spacer battle-history"><br></div><div class="battle-history">The opposing Wheat used <strong>Nasty Plot</strong>!<br></div><div class="battle-history"><small>The opposing Wheat's Sp. Atk rose sharply!</small><br></div><div class="spacer battle-history"><br></div><h2 class="battle-history">Turn 12</h2><div class="chat chatmessage-coppersmith"><strong style="color:#0aa445"><small> </small><span class="username" data-name="Coppersmith">Coppersmith</span>:</strong> <em>haha</em></div><div class="spacer battle-history"><br></div><div class="battle-history">The opposing Wheat used <strong>Volt Switch</strong>!<br></div><div class="battle-history"><small>It's super effective!</small><br></div><div class="battle-history"><small>(Finnigan lost <abbr title="−308/464">66.4%</abbr> of its health!)</small><br></div><div class="spacer battle-history"><br></div><div class="battle-history">The opposing Wheat went back to H2OPulse!<br></div><div class="battle-history">H2OPulse sent out Hydrangea (<strong>Muk-Alola</strong>)!<br></div><div class="spacer battle-history"><br></div><div class="battle-history">Finnigan used <strong>Heal Bell</strong>!<br></div><div class="battle-history"><small>A bell chimed!</small><br></div><div class="battle-history"><small>Dara was cured of its poisoning!</small><br></div><div class="spacer battle-history"><br></div><h2 class="battle-history">Turn 13</h2><div class="spacer battle-history"><br></div><div class="battle-history">The opposing Hydrangea used <strong>Pursuit</strong>!<br></div><div class="battle-history"><small>(Finnigan lost <abbr title="−76/464">16.4%</abbr> of its health!)</small><br></div><div class="spacer battle-history"><br></div><div class="battle-history">Finnigan used <strong>Wish</strong>!<br></div><div class="spacer battle-history"><br></div><h2 class="battle-history">Turn 14</h2><div class="spacer battle-history"><br></div><div class="battle-history">The opposing Hydrangea used <strong>Knock Off</strong>!<br></div><div class="battle-history"><small>(Finnigan lost <abbr title="−80/464">17.2%</abbr> of its health!)</small><br></div><div class="spacer battle-history"><br></div><div class="battle-history">Finnigan fainted!<br></div><div class="spacer battle-history"><br></div><div class="battle-history">Go! Dara (<strong>Scrafty</strong>)!<br></div><div class="battle-history">[Dara's Intimidate]<br></div><div class="battle-history"><small>The opposing Hydrangea's Attack fell!</small><br></div><div class="spacer battle-history"><br></div><h2 class="battle-history">Turn 15</h2><div class="spacer battle-history"><br></div><div class="battle-history"><small>Dara is tightening its focus!</small><br></div><div class="spacer battle-history"><br></div><div class="battle-history">H2OPulse withdrew Hydrangea!<br></div><div class="battle-history">H2OPulse sent out Strelitzia (<strong>Salamence</strong>)!<br></div><div class="battle-history">[The opposing Strelitzia's Intimidate]<br></div><div class="battle-history"><small>Dara's Attack fell!</small><br></div><div class="spacer battle-history"><br></div><div class="battle-history">Dara used <strong>Focus Punch</strong>!<br></div><div class="battle-history"><small>It's not very effective...</small><br></div><div class="battle-history"><small>(The opposing Strelitzia lost 37% of its health!)</small><br></div><div class="spacer battle-history"><br></div><h2 class="battle-history">Turn 16</h2><div class="chat chatmessage-coppersmith"><strong style="color:#0aa445"><small> </small><span class="username" data-name="Coppersmith">Coppersmith</span>:</strong> <em>does wish pass after fainting guess noy</em></div><div class="chat chatmessage-coppersmith"><strong style="color:#0aa445"><small> </small><span class="username" data-name="Coppersmith">Coppersmith</span>:</strong> <em>not</em></div><div class="chat chatmessage-h2opulse"><strong style="color:#6e8c2b"><small>☆</small><span class="username" data-name="H2OPulse">H2OPulse</span>:</strong> <em>Not if you faint on the turn it was supposed to come true</em></div><div class="chat chatmessage-inkbug1 mine"><strong style="color:#e46e0f"><small>☆</small><span class="username" data-name="inkbug1">inkbug1</span>:</strong> <em>i think it does if they faint the turn they use wish</em></div><div class="chat chatmessage-h2opulse"><strong style="color:#6e8c2b"><small>☆</small><span class="username" data-name="H2OPulse">H2OPulse</span>:</strong> <em>but yeah that ^</em></div><div class="chat chatmessage-coppersmith"><strong style="color:#0aa445"><small> </small><span class="username" data-name="Coppersmith">Coppersmith</span>:</strong> <em>huh</em></div><div class="spacer battle-history"><br></div><div class="battle-history">Dara, come back!<br></div><div class="battle-history">Go! Sharpe (<strong>Talonflame-Mega</strong>)!<br></div><div class="spacer battle-history"><br></div><div class="battle-history">The opposing Strelitzia used <strong>Toxic</strong>!<br></div><div class="battle-history"><small>Sharpe was badly poisoned!</small><br></div><div class="spacer battle-history"><br></div><div class="battle-history"><small>Sharpe was hurt by poison!</small><br></div><div class="spacer battle-history"><br></div><h2 class="battle-history">Turn 17</h2><div class="chat chatmessage-coppersmith"><strong style="color:#0aa445"><small> </small><span class="username" data-name="Coppersmith">Coppersmith</span>:</strong> <em>well</em></div><div class="spacer battle-history"><br></div><div class="battle-history">Sharpe used <strong>Brave Bird</strong>!<br></div><div class="battle-history"><small>(The opposing Strelitzia lost 47% of its health!)</small><br></div><div class="battle-history"><small>Sharpe was damaged by the recoil!</small><br></div><div class="spacer battle-history"><br></div><div class="battle-history">The opposing Strelitzia fainted!<br></div><div class="spacer battle-history"><br></div><div class="battle-history"><small>Sharpe was hurt by poison!</small><br></div><div class="spacer battle-history"><br></div><div class="battle-history">H2OPulse sent out Moss Rose (<strong>Slowking</strong>)!<br></div><div class="spacer battle-history"><br></div><h2 class="battle-history">Turn 18</h2><div class="chat chatmessage-coppersmith"><strong style="color:#0aa445"><small> </small><span class="username" data-name="Coppersmith">Coppersmith</span>:</strong> <em>oh bird of prey is soooo sick</em></div><div class="chat"><small> aausma joined</small></div><div class="spacer battle-history"><br></div><div class="battle-history">Sharpe used <strong>U-turn</strong>!<br></div><div class="battle-history"><small>It's super effective!</small><br></div><div class="battle-history"><small>(The opposing Moss Rose lost 26% of its health!)</small><br></div><div class="spacer battle-history"><br></div><div class="battle-history">Sharpe went back to inkbug1!<br></div><div class="battle-history">Go! Celia (<strong>Durant</strong>)!<br></div><div class="spacer battle-history"><br></div><div class="battle-history">The opposing Moss Rose used <strong>Nasty Plot</strong>!<br></div><div class="battle-history"><small>The opposing Moss Rose's Sp. Atk rose sharply!</small><br></div><div class="spacer battle-history"><br></div><h2 class="battle-history">Turn 19</h2><div class="chat chatmessage-h2opulse"><strong style="color:#6e8c2b"><small>☆</small><span class="username" data-name="H2OPulse">H2OPulse</span>:</strong> <em>hmmmmm fear</em></div><div class="spacer battle-history"><br></div><div class="battle-history">H2OPulse withdrew Moss Rose!<br></div><div class="battle-history">H2OPulse sent out Wheat (<strong>Rotom-Heat</strong>)!<br></div><div class="spacer battle-history"><br></div><div class="battle-history">Celia used <strong>First Impression</strong>!<br></div><div class="battle-history"><small>It's not very effective...</small><br></div><div class="battle-history"><small>(The opposing Wheat lost 33% of its health!)</small><br></div><div class="spacer battle-history"><br></div><h2 class="battle-history">Turn 20</h2><div class="chat chatmessage-h2opulse"><strong style="color:#6e8c2b"><small>☆</small><span class="username" data-name="H2OPulse">H2OPulse</span>:</strong> <em>w h e w</em></div><div class="chat chatmessage-h2opulse"><strong style="color:#6e8c2b"><small>☆</small><span class="username" data-name="H2OPulse">H2OPulse</span>:</strong> <em>yeah definitely had to switch there</em></div><div class="spacer battle-history"><br></div><div class="battle-history">Celia used <strong>Hone Claws</strong>!<br></div><div class="battle-history"><small>Celia's Attack rose!</small><br></div><div class="battle-history"><small>Celia's accuracy rose!</small><br></div><div class="spacer battle-history"><br></div><div class="battle-history">The opposing Wheat used <strong>Overheat</strong>!<br></div><div class="battle-history"><small>It's super effective!</small><br></div><div class="battle-history"><small>(Celia lost <abbr title="−257/257">100%</abbr> of its health!)</small><br></div><div class="battle-history"><small>The opposing Wheat's Sp. Atk fell harshly!</small><br></div><div class="spacer battle-history"><br></div><div class="battle-history">Celia fainted!<br></div><div class="chat chatmessage-inkbug1 mine"><strong style="color:#e46e0f"><small>☆</small><span class="username" data-name="inkbug1">inkbug1</span>:</strong> <em>whoops</em></div><div class="chat chatmessage-inkbug1 mine"><strong style="color:#e46e0f"><small>☆</small><span class="username" data-name="inkbug1">inkbug1</span>:</strong> <em>was banking on nasty plot tbh</em></div><div class="spacer battle-history"><br></div><div class="battle-history">Go! Dara (<strong>Scrafty</strong>)!<br></div><div class="battle-history">[Dara's Intimidate]<br></div><div class="battle-history"><small>The opposing Wheat's Attack fell!</small><br></div><div class="spacer battle-history"><br></div><h2 class="battle-history">Turn 21</h2><div class="spacer battle-history"><br></div><div class="battle-history">The opposing Wheat used <strong>Volt Switch</strong>!<br></div><div class="battle-history"><small>(Dara lost <abbr title="−36/334">10.8%</abbr> of its health!)</small><br></div><div class="spacer battle-history"><br></div><div class="battle-history">The opposing Wheat went back to H2OPulse!<br></div><div class="battle-history">H2OPulse sent out Moss Rose (<strong>Slowking</strong>)!<br></div><div class="spacer battle-history"><br></div><div class="battle-history">Dara used <strong>Drain Punch</strong>!<br></div><div class="battle-history"><small>It's not very effective...</small><br></div><div class="battle-history"><small>(The opposing Moss Rose lost 18% of its health!)</small><br></div><div class="battle-history"><small>The opposing Moss Rose had its energy drained!</small><br></div><div class="spacer battle-history"><br></div><h2 class="battle-history">Turn 22</h2><div class="spacer battle-history"><br></div><div class="battle-history">Dara, come back!<br></div><div class="battle-history">Go! Sharpe (<strong>Talonflame-Mega</strong>)!<br></div><div class="spacer battle-history"><br></div><div class="battle-history">The opposing Moss Rose used <strong>Scald</strong>!<br></div><div class="battle-history"><small>It's super effective!</small><br></div><div class="battle-history"><small>(Sharpe lost <abbr title="−93/360">25.8%</abbr> of its health!)</small><br></div><div class="spacer battle-history"><br></div><div class="battle-history">Sharpe fainted!<br></div><div class="chat chatmessage-inkbug1 mine"><strong style="color:#e46e0f"><small>☆</small><span class="username" data-name="inkbug1">inkbug1</span>:</strong> <em>hmmm</em></div><div class="spacer battle-history"><br></div><div class="battle-history">Go! Dara (<strong>Scrafty</strong>)!<br></div><div class="battle-history">[Dara's Intimidate]<br></div><div class="battle-history"><small>The opposing Moss Rose's Attack fell!</small><br></div><div class="spacer battle-history"><br></div><h2 class="battle-history">Turn 23</h2><div class="spacer battle-history"><br></div><div class="battle-history"><small>The opposing Moss Rose's Slowkinite is reacting to the Key Stone!</small><br>The opposing Moss Rose has Mega Evolved into Mega Slowking!<br></div><div class="battle-history">[The opposing Moss Rose's Counter-Clockwise Spiral]<br></div><div class="battle-history"><small>The opposing Moss Rose twisted the dimensions!</small><br></div><div class="spacer battle-history"><br></div><div class="battle-history">Dara used <strong>Knock Off</strong>!<br></div><div class="battle-history"><small>It's super effective!</small><br></div><div class="battle-history"><small>(The opposing Moss Rose lost 61% of its health!)</small><br></div><div class="spacer battle-history"><br></div><div class="battle-history">The opposing Moss Rose used <strong>Scald</strong>!<br></div><div class="battle-history"><small>(Dara lost <abbr title="−118/334">35.3%</abbr> of its health!)</small><br></div><div class="spacer battle-history"><br></div><h2 class="battle-history">Turn 24</h2><div class="chat chatmessage-h2opulse"><strong style="color:#6e8c2b"><small>☆</small><span class="username" data-name="H2OPulse">H2OPulse</span>:</strong> <em>yeah I figured I wouldn't be able to outspeed</em></div><div class="chat chatmessage-h2opulse"><strong style="color:#6e8c2b"><small>☆</small><span class="username" data-name="H2OPulse">H2OPulse</span>:</strong> <em>darn :'D</em></div><div class="spacer battle-history"><br></div><div class="battle-history">Dara used <strong>Knock Off</strong>!<br></div><div class="battle-history"><small>It's super effective!</small><br></div><div class="battle-history"><small>(The opposing Moss Rose lost 21% of its health!)</small><br></div><div class="spacer battle-history"><br></div><div class="battle-history">The opposing Moss Rose fainted!<br></div><div class="battle-history"><small>The twisted dimensions returned to normal!</small><br></div><div class="chat chatmessage-inkbug1 mine"><strong style="color:#e46e0f"><small>☆</small><span class="username" data-name="inkbug1">inkbug1</span>:</strong> <em>fair :'D </em></div><div class="chat chatmessage-h2opulse"><strong style="color:#6e8c2b"><small>☆</small><span class="username" data-name="H2OPulse">H2OPulse</span>:</strong> <em>Oh but that does mean---</em></div><div class="spacer battle-history"><br></div><div class="battle-history">H2OPulse sent out Malacothrix (<strong>Hoopa-Unbound</strong>)!<br></div><div class="spacer battle-history"><br></div><h2 class="battle-history">Turn 25</h2><div class="spacer battle-history"><br></div><div class="battle-history">The opposing Malacothrix used <strong>Drain Punch</strong>!<br></div><div class="battle-history"><small>It's super effective!</small><br></div><div class="battle-history"><small>(Dara lost <abbr title="−176/334">52.7%</abbr> of its health!)</small><br></div><div class="spacer battle-history"><br></div><div class="battle-history">Dara fainted!<br></div><div class="spacer battle-history"><br></div><div class="battle-history"><strong>H2OPulse</strong> won the battle!<br></div><div class="chat chatmessage-inkbug1 mine"><strong style="color:#e46e0f"><small>☆</small><span class="username" data-name="inkbug1">inkbug1</span>:</strong> <em>yep</em></div><div class="chat chatmessage-inkbug1 mine"><strong style="color:#e46e0f"><small>☆</small><span class="username" data-name="inkbug1">inkbug1</span>:</strong> <em>gg ! </em></div><div class="chat chatmessage-h2opulse"><strong style="color:#6e8c2b"><small>☆</small><span class="username" data-name="H2OPulse">H2OPulse</span>:</strong> <em>Good game!!!</em></div></div><div class="inner-preempt message-log"></div></div></div>
</div>
<script>
let daily = Math.floor(Date.now()/1000/60/60/24);document.write('<script src="https://play.pokemonshowdown.com/js/replay-embed.js?version'+daily+'"></'+'script>');
</script>
