<!DOCTYPE html>
<meta charset="utf-8" />
<!-- version 1 -->
<title>[Gen 8] Megas For All replay: H2OPulse vs. BotwNerd745</title>
<style>
html,body {font-family:Verdana, sans-serif;font-size:10pt;margin:0;padding:0;}body{padding:12px 0;} .battle-log {font-family:Verdana, sans-serif;font-size:10pt;} .battle-log-inline {border:1px solid #AAAAAA;background:#EEF2F5;color:black;max-width:640px;margin:0 auto 80px;padding-bottom:5px;} .battle-log .inner {padding:4px 8px 0px 8px;} .battle-log .inner-preempt {padding:0 8px 4px 8px;} .battle-log .inner-after {margin-top:0.5em;} .battle-log h2 {margin:0.5em -8px;padding:4px 8px;border:1px solid #AAAAAA;background:#E0E7EA;border-left:0;border-right:0;font-family:Verdana, sans-serif;font-size:13pt;} .battle-log .chat {vertical-align:middle;padding:3px 0 3px 0;font-size:8pt;} .battle-log .chat strong {color:#40576A;} .battle-log .chat em {padding:1px 4px 1px 3px;color:#000000;font-style:normal;} .chat.mine {background:rgba(0,0,0,0.05);margin-left:-8px;margin-right:-8px;padding-left:8px;padding-right:8px;} .spoiler {color:#BBBBBB;background:#BBBBBB;padding:0px 3px;} .spoiler:hover, .spoiler:active, .spoiler-shown {color:#000000;background:#E2E2E2;padding:0px 3px;} .spoiler a {color:#BBBBBB;} .spoiler:hover a, .spoiler:active a, .spoiler-shown a {color:#2288CC;} .chat code, .chat .spoiler:hover code, .chat .spoiler:active code, .chat .spoiler-shown code {border:1px solid #C0C0C0;background:#EEEEEE;color:black;padding:0 2px;} .chat .spoiler code {border:1px solid #CCCCCC;background:#CCCCCC;color:#CCCCCC;} .battle-log .rated {padding:3px 4px;} .battle-log .rated strong {color:white;background:#89A;padding:1px 4px;border-radius:4px;} .spacer {margin-top:0.5em;} .message-announce {background:#6688AA;color:white;padding:1px 4px 2px;} .message-announce a, .broadcast-green a, .broadcast-blue a, .broadcast-red a {color:#DDEEFF;} .broadcast-green {background-color:#559955;color:white;padding:2px 4px;} .broadcast-blue {background-color:#6688AA;color:white;padding:2px 4px;} .infobox {border:1px solid #6688AA;padding:2px 4px;} .infobox-limited {max-height:200px;overflow:auto;overflow-x:hidden;} .broadcast-red {background-color:#AA5544;color:white;padding:2px 4px;} .message-learn-canlearn {font-weight:bold;color:#228822;text-decoration:underline;} .message-learn-cannotlearn {font-weight:bold;color:#CC2222;text-decoration:underline;} .message-effect-weak {font-weight:bold;color:#CC2222;} .message-effect-resist {font-weight:bold;color:#6688AA;} .message-effect-immune {font-weight:bold;color:#666666;} .message-learn-list {margin-top:0;margin-bottom:0;} .message-throttle-notice, .message-error {color:#992222;} .message-overflow, .chat small.message-overflow {font-size:0pt;} .message-overflow::before {font-size:9pt;content:'...';} .subtle {color:#3A4A66;}
</style>
<div class="wrapper replay-wrapper" style="max-width:1180px;margin:0 auto">
<input type="hidden" name="replayid" value="dragonheaven-gen8megasforall-4632" />
<div class="battle"></div><div class="battle-log"></div><div class="replay-controls"></div><div class="replay-controls-2"></div>
<h1 style="font-weight:normal;text-align:center"><strong>[Gen 8] Megas For All</strong><br /><a href="http://pokemonshowdown.com/users/h2opulse" class="subtle" target="_blank">H2OPulse</a> vs. <a href="http://pokemonshowdown.com/users/botwnerd745" class="subtle" target="_blank">BotwNerd745</a></h1>
<script type="text/plain" class="battle-log-data">|j|☆H2OPulse
|j|☆BotwNerd745
|player|p1|H2OPulse|aetherfoundation|
|player|p2|BotwNerd745|lyra|
|teamsize|p1|6
|teamsize|p2|6
|gametype|singles
|gen|8
|tier|[Gen 8] Megas For All
|clearpoke
|poke|p1|Kommo-o, M|
|poke|p1|Tapu Fini|
|poke|p1|Celesteela|
|poke|p1|Grimmsnarl, M|
|poke|p1|Delphox, M|
|poke|p1|Gliscor, M|
|poke|p2|Rillaboom, M|
|poke|p2|Golem-Alola, M|
|poke|p2|Gardevoir, F|
|poke|p2|Incineroar, M|
|poke|p2|Scyther, F|
|poke|p2|Pyukumuku, F|
|rule|HP Percentage Mod: HP is shown in percentages
|rule|Endless Battle Clause: Forcing endless battles is banned
|rule|OHKO Clause: OHKO moves are banned
|rule|Evasion Moves Clause: Evasion moves are banned
|rule|Species Clause: Limit one of each Pokémon
|rule|Dynamax Clause: You cannot dynamax
|rule|Sleep Clause Mod: Limit one foe put to sleep
|teampreview
|j| inkbug1


|c|☆H2OPulse|AAA


|c|☆H2OPulse|This looks like __fun!!!__


|c|☆H2OPulse|__also is that a Mega Rillaboom__


|c|☆H2OPulse|yesssss


|
|start
|switch|p1a: Thyrsiflora|Tapu Fini, shiny|100\/100
|switch|p2a: Bonky|Rillaboom, M|100\/100
|-fieldstart|move: Misty Terrain|[from] ability: Misty Surge|[of] p1a: Thyrsiflora
|-fieldstart|move: Grassy Terrain|[from] ability: Grassy Surge|[of] p2a: Bonky
|turn|1


|c|☆H2OPulse|I mean in this case


|c|☆H2OPulse|definitely more like noooooo than yessssss


|c| inkbug1|my god, fini rly does look like a weird shark from behind


|c|☆H2OPulse|but


|c| inkbug1|i love that


|
|switch|p1a: Glove|Delphox, M|100\/100
|detailschange|p2a: Bonky|Rillaboom-Mega, M
|-mega|p2a: Bonky|Rillaboom|Rillaboomite
|-fieldend|move: Grassy Terrain
|-fieldstart|move: Grassy Terrain|[from] ability: Arena Rock|[of] p2a: Bonky
|move|p2a: Bonky|Swords Dance|p2a: Bonky
|-boost|p2a: Bonky|atk|2
|
|upkeep
|turn|2


|j| aausma


|
|move|p1a: Glove|Will-O-Wisp|p2a: Bonky
|-status|p2a: Bonky|brn
|move|p2a: Bonky|Earthquake|p1a: Glove
|-supereffective|p1a: Glove
|-damage|p1a: Glove|53\/100
|
|-heal|p1a: Glove|59\/100|[from] Grassy Terrain
|-damage|p2a: Bonky|94\/100 brn|[from] brn
|upkeep
|turn|3


|c| inkbug1|oh boy go off


|
|switch|p1a: Phace|Gliscor, M|100\/100
|move|p2a: Bonky|Jungle Healing|p2a: Bonky
|-heal|p2a: Bonky|100\/100 brn
|-curestatus|p2a: Bonky|brn|[msg]
|
|-status|p1a: Phace|tox|[from] item: Toxic Orb
|upkeep
|turn|4


|c| inkbug1|oh i


|c| inkbug1|forgot


|c| inkbug1|that did that


|c|☆H2OPulse|I FORGOT I GAVE IT THAT


|
|move|p2a: Bonky|Grassy Glide|p1a: Phace
|-damage|p1a: Phace|17\/100 tox
|move|p1a: Phace|U-turn|p2a: Bonky
|-supereffective|p2a: Bonky
|-damage|p2a: Bonky|69\/100


|c| inkbug1|WOAH


|c|☆BotwNerd745|ehierbhre WHAT


|c| inkbug1|GO OFF ! 


|
|switch|p1a: Waimeae|Kommo-o, M|100\/100|[from]move: U-turn
|
|-heal|p2a: Bonky|75\/100|[from] Grassy Terrain
|upkeep
|turn|5


|c|☆H2OPulse|h


|c|☆H2OPulse|hm


|c|☆H2OPulse|I shouldn't


|c|☆H2OPulse|should I


|c|☆H2OPulse|let's see


|
|move|p2a: Bonky|Grassy Glide|p1a: Waimeae
|-resisted|p1a: Waimeae
|-damage|p1a: Waimeae|48\/100
|move|p1a: Waimeae|Swords Dance|p1a: Waimeae
|-boost|p1a: Waimeae|atk|2
|
|-heal|p1a: Waimeae|54\/100|[from] Grassy Terrain
|-heal|p2a: Bonky|82\/100|[from] Grassy Terrain
|upkeep
|turn|6


|c|☆H2OPulse|okay perfect actually


|
|detailschange|p1a: Waimeae|Kommo-o-Mega, M
|-mega|p1a: Waimeae|Kommo-o|Kommo-onite
|move|p2a: Bonky|Grassy Glide|p1a: Waimeae
|-resisted|p1a: Waimeae
|-damage|p1a: Waimeae|11\/100
|-ability|p1a: Waimeae|Weak Armor|boost
|-unboost|p1a: Waimeae|def|1
|-boost|p1a: Waimeae|spe|2
|move|p1a: Waimeae|Dragon Claw|p2a: Bonky
|-damage|p2a: Bonky|14\/100
|
|-heal|p1a: Waimeae|17\/100|[from] Grassy Terrain
|-heal|p2a: Bonky|20\/100|[from] Grassy Terrain
|upkeep
|turn|7


|c| inkbug1|RIP


|c|☆H2OPulse|__nope I lied not perfect__


|c| inkbug1|god what a matchip


|
|move|p2a: Bonky|Grassy Glide|p1a: Waimeae
|-resisted|p1a: Waimeae
|-damage|p1a: Waimeae|0 fnt
|faint|p1a: Waimeae
|
|-heal|p2a: Bonky|26\/100|[from] Grassy Terrain
|upkeep


|
|switch|p1a: Glove|Delphox, M|59\/100
|turn|8


|c|☆BotwNerd745|This is 5e first time I’ve actualy used mega rillaboom


|c| inkbug1|yeah i think intel just pulverized him last time


|c|☆H2OPulse|(please let this KO)


|
|move|p1a: Glove|Psychic|p2a: Bonky
|-damage|p2a: Bonky|0 fnt
|faint|p2a: Bonky
|-heal|p1a: Glove|65\/100|[from] Grassy Terrain
|-fieldend|move: Grassy Terrain
|
|upkeep


|c|☆H2OPulse|(I can't use my Fire STAB yettt)


|c|☆H2OPulse|okay good


|c| inkbug1|nice okay 


|c|☆H2OPulse|phew


|c| inkbug1|hehehehh


|c|☆H2OPulse|And nice!!!!


|
|switch|p2a: Grapefruit|Golem-Alola, M|100\/100
|turn|9


|c|☆H2OPulse|I made Mega Rillaboom :D I'm so happy it went well this time!!!


|
|move|p1a: Glove|Will-O-Wisp|p2a: Grapefruit|[miss]
|-miss|p1a: Glove|p2a: Grapefruit
|move|p2a: Grapefruit|Stone Edge|p1a: Glove
|-supereffective|p1a: Glove
|-damage|p1a: Glove|0 fnt
|faint|p1a: Glove
|
|upkeep


|c|☆H2OPulse|Oof


|c| inkbug1|oof. 


|
|switch|p1a: Phace|Gliscor, M|17\/100 tox
|turn|10


|
|move|p1a: Phace|Earthquake|p2a: Grapefruit
|-supereffective|p2a: Grapefruit
|-enditem|p2a: Grapefruit|Focus Sash
|-damage|p2a: Grapefruit|1\/100
|move|p2a: Grapefruit|Roar|p1a: Phace
|drag|p1a: Longiflora|Celesteela|100\/100
|
|upkeep
|turn|11


|c| inkbug1|oh ajhsgajshgd


|c| inkbug1|wheeze


|c| inkbug1|power mvoe


|c|☆H2OPulse|it would actually be really funny if this were Magnet Pull huh


|c|☆BotwNerd745|Should’ve seen that coming and countered lol


|c|☆H2OPulse|I can't tell but I'm not gonna find out because I don't want to switch at the moment


|c|☆H2OPulse|Fair :'D


|
|move|p2a: Grapefruit|Return|p1a: Longiflora
|-supereffective|p1a: Longiflora
|-damage|p1a: Longiflora|13\/100
|move|p1a: Longiflora|Heavy Slam|p2a: Grapefruit
|-damage|p2a: Grapefruit|0 fnt
|faint|p2a: Grapefruit
|-ability|p1a: Longiflora|Beast Boost|boost
|-boost|p1a: Longiflora|spd|1
|
|-heal|p1a: Longiflora|19\/100|[from] item: Leftovers
|upkeep


|c| inkbug1|well now u kow


|c|☆H2OPulse|ow yeah it is not Magnet Pull


|c|☆H2OPulse|indeed


|
|switch|p2a: Gardevoir|Gardevoir, F|100\/100
|-ability|p2a: Gardevoir|Beast Boost|[from] ability: Trace|[of] p1a: Longiflora
|turn|12


|c| inkbug1|oh shit


|c|☆H2OPulse|man I wish my cleric didn't faint a moment a gOH FUN


|c| inkbug1|get the ko get the ko get it


|
|switch|p1a: Thyrsiflora|Tapu Fini, shiny|100\/100
|-fieldstart|move: Misty Terrain|[from] ability: Misty Surge|[of] p1a: Thyrsiflora
|move|p2a: Gardevoir|Mystical Fire|p1a: Thyrsiflora
|-resisted|p1a: Thyrsiflora
|-damage|p1a: Thyrsiflora|91\/100
|-unboost|p1a: Thyrsiflora|spa|1
|
|-heal|p1a: Thyrsiflora|97\/100|[from] item: Leftovers
|upkeep
|turn|13


|c| inkbug1|aw


|
|move|p1a: Thyrsiflora|Nature's Madness|p2a: Gardevoir
|-damage|p2a: Gardevoir|51\/100
|move|p2a: Gardevoir|Moonblast|p1a: Thyrsiflora
|-damage|p1a: Thyrsiflora|62\/100
|
|-heal|p1a: Thyrsiflora|68\/100|[from] item: Leftovers
|upkeep
|turn|14


|c| inkbug1|i. forgot yours isnt scarfed


|
|move|p1a: Thyrsiflora|Nature's Madness|p2a: Gardevoir
|-damage|p2a: Gardevoir|26\/100
|move|p2a: Gardevoir|Moonblast|p1a: Thyrsiflora
|-damage|p1a: Thyrsiflora|33\/100
|
|-heal|p1a: Thyrsiflora|39\/100|[from] item: Leftovers
|upkeep
|turn|15


|
|move|p1a: Thyrsiflora|Scald|p2a: Gardevoir
|-damage|p2a: Gardevoir|8\/100
|move|p2a: Gardevoir|Moonblast|p1a: Thyrsiflora
|-damage|p1a: Thyrsiflora|5\/100
|-unboost|p1a: Thyrsiflora|spa|1
|
|-heal|p1a: Thyrsiflora|11\/100|[from] item: Leftovers
|upkeep
|turn|16


|c|☆H2OPulse|gosh Scald does nothing huh :'D


|c|☆H2OPulse|oh right I had a debuff oops


|
|move|p1a: Thyrsiflora|Scald|p2a: Gardevoir
|-damage|p2a: Gardevoir|0 fnt
|faint|p2a: Gardevoir
|
|-heal|p1a: Thyrsiflora|17\/100|[from] item: Leftovers
|-fieldend|Misty Terrain
|upkeep


|
|switch|p2a: Slashy|Scyther, F|100\/100
|turn|17


|
|move|p2a: Slashy|Dual Wingbeat|p1a: Thyrsiflora
|-damage|p1a: Thyrsiflora|0 fnt
|-hitcount|p1a: Thyrsiflora|1
|faint|p1a: Thyrsiflora
|
|upkeep


|c| inkbug1|im actualy amazed that did 8% 


|
|switch|p1a: Longiflora|Celesteela|19\/100
|turn|18


|
|move|p1a: Longiflora|Protect|p1a: Longiflora
|-singleturn|p1a: Longiflora|Protect
|move|p2a: Slashy|Brick Break|p1a: Longiflora
|-activate|p1a: Longiflora|move: Protect
|
|-heal|p1a: Longiflora|25\/100|[from] item: Leftovers
|upkeep
|turn|19


|c| inkbug1|it was 18% last time so that was probably a range, esp with the extra spa debuff :'D 


|
|move|p2a: Slashy|Brick Break|p1a: Longiflora
|-damage|p1a: Longiflora|4\/100
|move|p1a: Longiflora|Flamethrower|p2a: Slashy
|-supereffective|p2a: Slashy
|-damage|p2a: Slashy|44\/100
|
|-heal|p1a: Longiflora|10\/100|[from] item: Leftovers
|upkeep
|turn|20


|
|move|p1a: Longiflora|Protect|p1a: Longiflora
|-singleturn|p1a: Longiflora|Protect
|move|p2a: Slashy|Dual Wingbeat|p1a: Longiflora
|-activate|p1a: Longiflora|move: Protect
|
|-heal|p1a: Longiflora|16\/100|[from] item: Leftovers
|upkeep
|turn|21


|c|☆H2OPulse|Nah, even if 18.0 were a max roll, the least it would do after the other debuff is ~11.4


|c|☆H2OPulse|I think


|c| inkbug1|ok fair


|
|move|p2a: Slashy|Dual Wingbeat|p1a: Longiflora
|-resisted|p1a: Longiflora
|-damage|p1a: Longiflora|4\/100
|-resisted|p1a: Longiflora
|-damage|p1a: Longiflora|0 fnt
|-hitcount|p1a: Longiflora|2
|faint|p1a: Longiflora
|
|upkeep


|
|switch|p1a: Sinensis|Grimmsnarl, M|100\/100
|turn|22


|
|move|p2a: Slashy|Dual Wingbeat|p1a: Sinensis
|-damage|p1a: Sinensis|63\/100
|-damage|p1a: Sinensis|31\/100
|-hitcount|p1a: Sinensis|2
|move|p1a: Sinensis|Darkest Lariat|p2a: Slashy
|-damage|p2a: Slashy|0 fnt
|faint|p2a: Slashy
|
|upkeep


|
|switch|p2a: Mittens|Incineroar, M|100\/100
|-ability|p2a: Mittens|Intimidate|boost
|-unboost|p1a: Sinensis|atk|1
|turn|23


|
|move|p2a: Mittens|Blaze Kick|p1a: Sinensis
|-damage|p1a: Sinensis|0 fnt
|faint|p1a: Sinensis
|
|upkeep


|
|switch|p1a: Phace|Gliscor, M|17\/100 tox
|turn|24


|c|☆H2OPulse|Good game!!!!


|
|move|p1a: Phace|Earthquake|p2a: Mittens
|-supereffective|p2a: Mittens
|-damage|p2a: Mittens|31\/100
|move|p2a: Mittens|Darkest Lariat|p1a: Phace
|-damage|p1a: Phace|0 fnt
|faint|p1a: Phace
|
|win|BotwNerd745


|c|☆BotwNerd745|gg


|c| inkbug1|yea gg wow ! 
</script>
</div>
<div class="battle-log battle-log-inline"><div class="inner"><div class="battle-options"><div style="padding-top: 3px; padding-right: 3px; text-align: right"><button class="icon button" name="openBattleOptions" title="Options">Battle Options</button></div></div><div class="inner message-log"><div class="chat"><small>☆H2OPulse and ☆BotwNerd745 joined</small></div><div class=""><small>Format:</small> <br><strong>[Gen 8] Megas For All</strong></div><div class=""><small><em>HP Percentage Mod:</em> HP is shown in percentages</small></div><div class=""><small><em>Endless Battle Clause:</em> Forcing endless battles is banned</small></div><div class=""><small><em>OHKO Clause:</em> OHKO moves are banned</small></div><div class=""><small><em>Evasion Moves Clause:</em> Evasion moves are banned</small></div><div class=""><small><em>Species Clause:</em> Limit one of each Pokémon</small></div><div class=""><small><em>Dynamax Clause:</em> You cannot dynamax</small></div><div class=""><small><em>Sleep Clause Mod:</em> Limit one foe put to sleep</small></div><div class="chat battle-history"><strong>H2OPulse's team:</strong> <em style="color:#445566;display:block;">Kommo-o / Tapu Fini / Celesteela / Grimmsnarl / Delphox / Gliscor</em></div><div class="chat battle-history"><strong>BotwNerd745's team:</strong> <em style="color:#445566;display:block;">Rillaboom / Golem-Alola / Gardevoir / Incineroar / Scyther / Pyukumuku</em></div><div class="chat"><small> inkbug1 joined</small></div><div class="chat chatmessage-h2opulse"><strong style="color:#6e8c2b"><small>☆</small><span class="username" data-name="H2OPulse">H2OPulse</span>:</strong> <em>AAA</em></div><div class="chat chatmessage-h2opulse"><strong style="color:#6e8c2b"><small>☆</small><span class="username" data-name="H2OPulse">H2OPulse</span>:</strong> <em>This looks like <i>fun!!!</i></em></div><div class="chat chatmessage-h2opulse"><strong style="color:#6e8c2b"><small>☆</small><span class="username" data-name="H2OPulse">H2OPulse</span>:</strong> <em><i>also is that a Mega Rillaboom</i></em></div><div class="chat chatmessage-h2opulse"><strong style="color:#6e8c2b"><small>☆</small><span class="username" data-name="H2OPulse">H2OPulse</span>:</strong> <em>yesssss</em></div><div class="spacer battle-history"><br></div><div class="battle-history">Battle started between H2OPulse and BotwNerd745!<br></div><div class="spacer battle-history"><br></div><div class="battle-history">Go! Thyrsiflora (<strong>Tapu Fini</strong>)!<br></div><div class="spacer battle-history"><br></div><div class="battle-history">BotwNerd745 sent out Bonky (<strong>Rillaboom</strong>)!<br></div><div class="battle-history">[Thyrsiflora's Misty Surge]<br><small>Mist swirled around the battlefield!</small><br></div><div class="battle-history">[The opposing Bonky's Grassy Surge]<br><small>Grass grew to cover the battlefield!</small><br></div><div class="spacer battle-history"><br></div><h2 class="battle-history">Turn 1</h2><div class="chat chatmessage-h2opulse"><strong style="color:#6e8c2b"><small>☆</small><span class="username" data-name="H2OPulse">H2OPulse</span>:</strong> <em>I mean in this case</em></div><div class="chat chatmessage-h2opulse"><strong style="color:#6e8c2b"><small>☆</small><span class="username" data-name="H2OPulse">H2OPulse</span>:</strong> <em>definitely more like noooooo than yessssss</em></div><div class="chat chatmessage-inkbug1 mine"><strong style="color:#e46e0f"><small> </small><span class="username" data-name="inkbug1">inkbug1</span>:</strong> <em>my god, fini rly does look like a weird shark from behind</em></div><div class="chat chatmessage-h2opulse"><strong style="color:#6e8c2b"><small>☆</small><span class="username" data-name="H2OPulse">H2OPulse</span>:</strong> <em>but</em></div><div class="chat chatmessage-inkbug1 mine"><strong style="color:#e46e0f"><small> </small><span class="username" data-name="inkbug1">inkbug1</span>:</strong> <em>i love that</em></div><div class="spacer battle-history"><br></div><div class="battle-history">Thyrsiflora, come back!<br></div><div class="battle-history">Go! Glove (<strong>Delphox</strong>)!<br></div><div class="spacer battle-history"><br></div><div class="battle-history"><small>The opposing Bonky's Rillaboomite is reacting to the Key Stone!</small><br>The opposing Bonky has Mega Evolved into Mega Rillaboom!<br></div><div class="battle-history"><small>The grass disappeared from the battlefield.</small><br></div><div class="battle-history">[The opposing Bonky's Arena Rock]<br><small>Grass grew to cover the battlefield!</small><br></div><div class="spacer battle-history"><br></div><div class="battle-history">The opposing Bonky used <strong>Swords Dance</strong>!<br></div><div class="battle-history"><small>The opposing Bonky's Attack rose sharply!</small><br></div><div class="spacer battle-history"><br></div><h2 class="battle-history">Turn 2</h2><div class="chat"><small> aausma joined</small></div><div class="spacer battle-history"><br></div><div class="battle-history">Glove used <strong>Will-O-Wisp</strong>!<br></div><div class="battle-history"><small>The opposing Bonky was burned!</small><br></div><div class="spacer battle-history"><br></div><div class="battle-history">The opposing Bonky used <strong>Earthquake</strong>!<br></div><div class="battle-history"><small>It's super effective!</small><br></div><div class="battle-history"><small>(Glove lost 47% of its health!)</small><br></div><div class="spacer battle-history"><br></div><div class="battle-history"><small>Glove's HP was restored.</small><br></div><div class="battle-history"><small>The opposing Bonky was hurt by its burn!</small><br></div><div class="spacer battle-history"><br></div><h2 class="battle-history">Turn 3</h2><div class="chat chatmessage-inkbug1 mine"><strong style="color:#e46e0f"><small> </small><span class="username" data-name="inkbug1">inkbug1</span>:</strong> <em>oh boy go off</em></div><div class="spacer battle-history"><br></div><div class="battle-history">Glove, come back!<br></div><div class="battle-history">Go! Phace (<strong>Gliscor</strong>)!<br></div><div class="spacer battle-history"><br></div><div class="battle-history">The opposing Bonky used <strong>Jungle Healing</strong>!<br></div><div class="battle-history"><small>The opposing Bonky had its HP restored.</small><br></div><div class="battle-history"><small>The opposing Bonky's burn was healed!</small><br></div><div class="spacer battle-history"><br></div><div class="battle-history"><small>Phace was badly poisoned!</small><br></div><div class="spacer battle-history"><br></div><h2 class="battle-history">Turn 4</h2><div class="chat chatmessage-inkbug1 mine"><strong style="color:#e46e0f"><small> </small><span class="username" data-name="inkbug1">inkbug1</span>:</strong> <em>oh i</em></div><div class="chat chatmessage-inkbug1 mine"><strong style="color:#e46e0f"><small> </small><span class="username" data-name="inkbug1">inkbug1</span>:</strong> <em>forgot</em></div><div class="chat chatmessage-inkbug1 mine"><strong style="color:#e46e0f"><small> </small><span class="username" data-name="inkbug1">inkbug1</span>:</strong> <em>that did that</em></div><div class="chat chatmessage-h2opulse"><strong style="color:#6e8c2b"><small>☆</small><span class="username" data-name="H2OPulse">H2OPulse</span>:</strong> <em>I FORGOT I GAVE IT THAT</em></div><div class="spacer battle-history"><br></div><div class="battle-history">The opposing Bonky used <strong>Grassy Glide</strong>!<br></div><div class="battle-history"><small>(Phace lost 83% of its health!)</small><br></div><div class="spacer battle-history"><br></div><div class="battle-history">Phace used <strong>U-turn</strong>!<br></div><div class="battle-history"><small>It's super effective!</small><br></div><div class="battle-history"><small>(The opposing Bonky lost 31% of its health!)</small><br></div><div class="chat chatmessage-inkbug1 mine"><strong style="color:#e46e0f"><small> </small><span class="username" data-name="inkbug1">inkbug1</span>:</strong> <em>WOAH</em></div><div class="chat chatmessage-botwnerd745"><strong style="color:#9835de"><small>☆</small><span class="username" data-name="BotwNerd745">BotwNerd745</span>:</strong> <em>ehierbhre WHAT</em></div><div class="chat chatmessage-inkbug1 mine"><strong style="color:#e46e0f"><small> </small><span class="username" data-name="inkbug1">inkbug1</span>:</strong> <em>GO OFF ! </em></div><div class="spacer battle-history"><br></div><div class="battle-history">Phace went back to H2OPulse!<br></div><div class="battle-history">Go! Waimeae (<strong>Kommo-o</strong>)!<br></div><div class="spacer battle-history"><br></div><div class="battle-history"><small>The opposing Bonky's HP was restored.</small><br></div><div class="spacer battle-history"><br></div><h2 class="battle-history">Turn 5</h2><div class="chat chatmessage-h2opulse"><strong style="color:#6e8c2b"><small>☆</small><span class="username" data-name="H2OPulse">H2OPulse</span>:</strong> <em>h</em></div><div class="chat chatmessage-h2opulse"><strong style="color:#6e8c2b"><small>☆</small><span class="username" data-name="H2OPulse">H2OPulse</span>:</strong> <em>hm</em></div><div class="chat chatmessage-h2opulse"><strong style="color:#6e8c2b"><small>☆</small><span class="username" data-name="H2OPulse">H2OPulse</span>:</strong> <em>I shouldn't</em></div><div class="chat chatmessage-h2opulse"><strong style="color:#6e8c2b"><small>☆</small><span class="username" data-name="H2OPulse">H2OPulse</span>:</strong> <em>should I</em></div><div class="chat chatmessage-h2opulse"><strong style="color:#6e8c2b"><small>☆</small><span class="username" data-name="H2OPulse">H2OPulse</span>:</strong> <em>let's see</em></div><div class="spacer battle-history"><br></div><div class="battle-history">The opposing Bonky used <strong>Grassy Glide</strong>!<br></div><div class="battle-history"><small>It's not very effective...</small><br></div><div class="battle-history"><small>(Waimeae lost 52% of its health!)</small><br></div><div class="spacer battle-history"><br></div><div class="battle-history">Waimeae used <strong>Swords Dance</strong>!<br></div><div class="battle-history"><small>Waimeae's Attack rose sharply!</small><br></div><div class="spacer battle-history"><br></div><div class="battle-history"><small>Waimeae's HP was restored.</small><br></div><div class="battle-history"><small>The opposing Bonky's HP was restored.</small><br></div><div class="spacer battle-history"><br></div><h2 class="battle-history">Turn 6</h2><div class="chat chatmessage-h2opulse"><strong style="color:#6e8c2b"><small>☆</small><span class="username" data-name="H2OPulse">H2OPulse</span>:</strong> <em>okay perfect actually</em></div><div class="spacer battle-history"><br></div><div class="battle-history"><small>Waimeae's Kommo-onite is reacting to the Key Stone!</small><br>Waimeae has Mega Evolved into Mega Kommo-o!<br></div><div class="spacer battle-history"><br></div><div class="battle-history">The opposing Bonky used <strong>Grassy Glide</strong>!<br></div><div class="battle-history"><small>It's not very effective...</small><br></div><div class="battle-history"><small>(Waimeae lost 43% of its health!)</small><br></div><div class="battle-history">[Waimeae's Weak Armor]<br></div><div class="battle-history"><small>Waimeae's Defense fell!</small><br></div><div class="battle-history"><small>Waimeae's Speed rose sharply!</small><br></div><div class="spacer battle-history"><br></div><div class="battle-history">Waimeae used <strong>Dragon Claw</strong>!<br></div><div class="battle-history"><small>(The opposing Bonky lost 68% of its health!)</small><br></div><div class="spacer battle-history"><br></div><div class="battle-history"><small>Waimeae's HP was restored.</small><br></div><div class="battle-history"><small>The opposing Bonky's HP was restored.</small><br></div><div class="spacer battle-history"><br></div><h2 class="battle-history">Turn 7</h2><div class="chat chatmessage-inkbug1 mine"><strong style="color:#e46e0f"><small> </small><span class="username" data-name="inkbug1">inkbug1</span>:</strong> <em>RIP</em></div><div class="chat chatmessage-h2opulse"><strong style="color:#6e8c2b"><small>☆</small><span class="username" data-name="H2OPulse">H2OPulse</span>:</strong> <em><i>nope I lied not perfect</i></em></div><div class="chat chatmessage-inkbug1 mine"><strong style="color:#e46e0f"><small> </small><span class="username" data-name="inkbug1">inkbug1</span>:</strong> <em>god what a matchip</em></div><div class="spacer battle-history"><br></div><div class="battle-history">The opposing Bonky used <strong>Grassy Glide</strong>!<br></div><div class="battle-history"><small>It's not very effective...</small><br></div><div class="battle-history"><small>(Waimeae lost 17% of its health!)</small><br></div><div class="spacer battle-history"><br></div><div class="battle-history">Waimeae fainted!<br></div><div class="spacer battle-history"><br></div><div class="battle-history"><small>The opposing Bonky's HP was restored.</small><br></div><div class="spacer battle-history"><br></div><div class="battle-history">Go! Glove (<strong>Delphox</strong>)!<br></div><div class="spacer battle-history"><br></div><h2 class="battle-history">Turn 8</h2><div class="chat chatmessage-botwnerd745"><strong style="color:#9835de"><small>☆</small><span class="username" data-name="BotwNerd745">BotwNerd745</span>:</strong> <em>This is 5e first time I’ve actualy used mega rillaboom</em></div><div class="chat chatmessage-inkbug1 mine"><strong style="color:#e46e0f"><small> </small><span class="username" data-name="inkbug1">inkbug1</span>:</strong> <em>yeah i think intel just pulverized him last time</em></div><div class="chat chatmessage-h2opulse"><strong style="color:#6e8c2b"><small>☆</small><span class="username" data-name="H2OPulse">H2OPulse</span>:</strong> <em>(please let this KO)</em></div><div class="spacer battle-history"><br></div><div class="battle-history">Glove used <strong>Psychic</strong>!<br></div><div class="battle-history"><small>(The opposing Bonky lost 26% of its health!)</small><br></div><div class="spacer battle-history"><br></div><div class="battle-history">The opposing Bonky fainted!<br></div><div class="battle-history"><small>Glove's HP was restored.</small><br></div><div class="battle-history"><small>The grass disappeared from the battlefield.</small><br></div><div class="chat chatmessage-h2opulse"><strong style="color:#6e8c2b"><small>☆</small><span class="username" data-name="H2OPulse">H2OPulse</span>:</strong> <em>(I can't use my Fire STAB yettt)</em></div><div class="chat chatmessage-h2opulse"><strong style="color:#6e8c2b"><small>☆</small><span class="username" data-name="H2OPulse">H2OPulse</span>:</strong> <em>okay good</em></div><div class="chat chatmessage-inkbug1 mine"><strong style="color:#e46e0f"><small> </small><span class="username" data-name="inkbug1">inkbug1</span>:</strong> <em>nice okay </em></div><div class="chat chatmessage-h2opulse"><strong style="color:#6e8c2b"><small>☆</small><span class="username" data-name="H2OPulse">H2OPulse</span>:</strong> <em>phew</em></div><div class="chat chatmessage-inkbug1 mine"><strong style="color:#e46e0f"><small> </small><span class="username" data-name="inkbug1">inkbug1</span>:</strong> <em>hehehehh</em></div><div class="chat chatmessage-h2opulse"><strong style="color:#6e8c2b"><small>☆</small><span class="username" data-name="H2OPulse">H2OPulse</span>:</strong> <em>And nice!!!!</em></div><div class="spacer battle-history"><br></div><div class="battle-history">BotwNerd745 sent out Grapefruit (<strong>Golem-Alola</strong>)!<br></div><div class="spacer battle-history"><br></div><h2 class="battle-history">Turn 9</h2><div class="chat chatmessage-h2opulse"><strong style="color:#6e8c2b"><small>☆</small><span class="username" data-name="H2OPulse">H2OPulse</span>:</strong> <em>I made Mega Rillaboom :D I'm so happy it went well this time!!!</em></div><div class="spacer battle-history"><br></div><div class="battle-history">Glove used <strong>Will-O-Wisp</strong>!<br></div><div class="battle-history"><small>The opposing Grapefruit avoided the attack!</small><br></div><div class="spacer battle-history"><br></div><div class="battle-history">The opposing Grapefruit used <strong>Stone Edge</strong>!<br></div><div class="battle-history"><small>It's super effective!</small><br></div><div class="battle-history"><small>(Glove lost 65% of its health!)</small><br></div><div class="spacer battle-history"><br></div><div class="battle-history">Glove fainted!<br></div><div class="chat chatmessage-h2opulse"><strong style="color:#6e8c2b"><small>☆</small><span class="username" data-name="H2OPulse">H2OPulse</span>:</strong> <em>Oof</em></div><div class="chat chatmessage-inkbug1 mine"><strong style="color:#e46e0f"><small> </small><span class="username" data-name="inkbug1">inkbug1</span>:</strong> <em>oof. </em></div><div class="spacer battle-history"><br></div><div class="battle-history">Go! Phace (<strong>Gliscor</strong>)!<br></div><div class="spacer battle-history"><br></div><h2 class="battle-history">Turn 10</h2><div class="spacer battle-history"><br></div><div class="battle-history">Phace used <strong>Earthquake</strong>!<br></div><div class="battle-history"><small>It's super effective!</small><br></div><div class="battle-history"><small>The opposing Grapefruit hung on using its Focus Sash!</small><br></div><div class="battle-history"><small>(The opposing Grapefruit lost 99% of its health!)</small><br></div><div class="spacer battle-history"><br></div><div class="battle-history">The opposing Grapefruit used <strong>Roar</strong>!<br></div><div class="spacer battle-history"><br></div><div class="battle-history">Longiflora (<strong>Celesteela</strong>) was dragged out!<br></div><div class="spacer battle-history"><br></div><h2 class="battle-history">Turn 11</h2><div class="chat chatmessage-inkbug1 mine"><strong style="color:#e46e0f"><small> </small><span class="username" data-name="inkbug1">inkbug1</span>:</strong> <em>oh ajhsgajshgd</em></div><div class="chat chatmessage-inkbug1 mine"><strong style="color:#e46e0f"><small> </small><span class="username" data-name="inkbug1">inkbug1</span>:</strong> <em>wheeze</em></div><div class="chat chatmessage-inkbug1 mine"><strong style="color:#e46e0f"><small> </small><span class="username" data-name="inkbug1">inkbug1</span>:</strong> <em>power mvoe</em></div><div class="chat chatmessage-h2opulse"><strong style="color:#6e8c2b"><small>☆</small><span class="username" data-name="H2OPulse">H2OPulse</span>:</strong> <em>it would actually be really funny if this were Magnet Pull huh</em></div><div class="chat chatmessage-botwnerd745"><strong style="color:#9835de"><small>☆</small><span class="username" data-name="BotwNerd745">BotwNerd745</span>:</strong> <em>Should’ve seen that coming and countered lol</em></div><div class="chat chatmessage-h2opulse"><strong style="color:#6e8c2b"><small>☆</small><span class="username" data-name="H2OPulse">H2OPulse</span>:</strong> <em>I can't tell but I'm not gonna find out because I don't want to switch at the moment</em></div><div class="chat chatmessage-h2opulse"><strong style="color:#6e8c2b"><small>☆</small><span class="username" data-name="H2OPulse">H2OPulse</span>:</strong> <em>Fair :'D</em></div><div class="spacer battle-history"><br></div><div class="battle-history">The opposing Grapefruit used <strong>Return</strong>!<br></div><div class="battle-history"><small>It's super effective!</small><br></div><div class="battle-history"><small>(Longiflora lost 87% of its health!)</small><br></div><div class="spacer battle-history"><br></div><div class="battle-history">Longiflora used <strong>Heavy Slam</strong>!<br></div><div class="battle-history"><small>(The opposing Grapefruit lost 1% of its health!)</small><br></div><div class="spacer battle-history"><br></div><div class="battle-history">The opposing Grapefruit fainted!<br></div><div class="battle-history">[Longiflora's Beast Boost]<br></div><div class="battle-history"><small>Longiflora's Sp. Def rose!</small><br></div><div class="spacer battle-history"><br></div><div class="battle-history"><small>Longiflora restored a little HP using its Leftovers!</small><br></div><div class="chat chatmessage-inkbug1 mine"><strong style="color:#e46e0f"><small> </small><span class="username" data-name="inkbug1">inkbug1</span>:</strong> <em>well now u kow</em></div><div class="chat chatmessage-h2opulse"><strong style="color:#6e8c2b"><small>☆</small><span class="username" data-name="H2OPulse">H2OPulse</span>:</strong> <em>ow yeah it is not Magnet Pull</em></div><div class="chat chatmessage-h2opulse"><strong style="color:#6e8c2b"><small>☆</small><span class="username" data-name="H2OPulse">H2OPulse</span>:</strong> <em>indeed</em></div><div class="spacer battle-history"><br></div><div class="battle-history">BotwNerd745 sent out <strong>Gardevoir</strong>!<br></div><div class="battle-history">[The opposing Gardevoir's Trace]<br>[The opposing Gardevoir's Beast Boost]<br><small>The opposing Gardevoir traced Longiflora's Beast Boost!</small><br></div><div class="spacer battle-history"><br></div><h2 class="battle-history">Turn 12</h2><div class="chat chatmessage-inkbug1 mine"><strong style="color:#e46e0f"><small> </small><span class="username" data-name="inkbug1">inkbug1</span>:</strong> <em>oh shit</em></div><div class="chat chatmessage-h2opulse"><strong style="color:#6e8c2b"><small>☆</small><span class="username" data-name="H2OPulse">H2OPulse</span>:</strong> <em>man I wish my cleric didn't faint a moment a gOH FUN</em></div><div class="chat chatmessage-inkbug1 mine"><strong style="color:#e46e0f"><small> </small><span class="username" data-name="inkbug1">inkbug1</span>:</strong> <em>get the ko get the ko get it</em></div><div class="spacer battle-history"><br></div><div class="battle-history">Longiflora, come back!<br></div><div class="battle-history">Go! Thyrsiflora (<strong>Tapu Fini</strong>)!<br></div><div class="battle-history">[Thyrsiflora's Misty Surge]<br><small>Mist swirled around the battlefield!</small><br></div><div class="spacer battle-history"><br></div><div class="battle-history">The opposing Gardevoir used <strong>Mystical Fire</strong>!<br></div><div class="battle-history"><small>It's not very effective...</small><br></div><div class="battle-history"><small>(Thyrsiflora lost 9% of its health!)</small><br></div><div class="battle-history"><small>Thyrsiflora's Sp. Atk fell!</small><br></div><div class="spacer battle-history"><br></div><div class="battle-history"><small>Thyrsiflora restored a little HP using its Leftovers!</small><br></div><div class="spacer battle-history"><br></div><h2 class="battle-history">Turn 13</h2><div class="chat chatmessage-inkbug1 mine"><strong style="color:#e46e0f"><small> </small><span class="username" data-name="inkbug1">inkbug1</span>:</strong> <em>aw</em></div><div class="spacer battle-history"><br></div><div class="battle-history">Thyrsiflora used <strong>Nature's Madness</strong>!<br></div><div class="battle-history"><small>(The opposing Gardevoir lost 49% of its health!)</small><br></div><div class="spacer battle-history"><br></div><div class="battle-history">The opposing Gardevoir used <strong>Moonblast</strong>!<br></div><div class="battle-history"><small>(Thyrsiflora lost 35% of its health!)</small><br></div><div class="spacer battle-history"><br></div><div class="battle-history"><small>Thyrsiflora restored a little HP using its Leftovers!</small><br></div><div class="spacer battle-history"><br></div><h2 class="battle-history">Turn 14</h2><div class="chat chatmessage-inkbug1 mine"><strong style="color:#e46e0f"><small> </small><span class="username" data-name="inkbug1">inkbug1</span>:</strong> <em>i. forgot yours isnt scarfed</em></div><div class="spacer battle-history"><br></div><div class="battle-history">Thyrsiflora used <strong>Nature's Madness</strong>!<br></div><div class="battle-history"><small>(The opposing Gardevoir lost 25% of its health!)</small><br></div><div class="spacer battle-history"><br></div><div class="battle-history">The opposing Gardevoir used <strong>Moonblast</strong>!<br></div><div class="battle-history"><small>(Thyrsiflora lost 35% of its health!)</small><br></div><div class="spacer battle-history"><br></div><div class="battle-history"><small>Thyrsiflora restored a little HP using its Leftovers!</small><br></div><div class="spacer battle-history"><br></div><h2 class="battle-history">Turn 15</h2><div class="spacer battle-history"><br></div><div class="battle-history">Thyrsiflora used <strong>Scald</strong>!<br></div><div class="battle-history"><small>(The opposing Gardevoir lost 18% of its health!)</small><br></div><div class="spacer battle-history"><br></div><div class="battle-history">The opposing Gardevoir used <strong>Moonblast</strong>!<br></div><div class="battle-history"><small>(Thyrsiflora lost 34% of its health!)</small><br></div><div class="battle-history"><small>Thyrsiflora's Sp. Atk fell!</small><br></div><div class="spacer battle-history"><br></div><div class="battle-history"><small>Thyrsiflora restored a little HP using its Leftovers!</small><br></div><div class="spacer battle-history"><br></div><h2 class="battle-history">Turn 16</h2><div class="chat chatmessage-h2opulse"><strong style="color:#6e8c2b"><small>☆</small><span class="username" data-name="H2OPulse">H2OPulse</span>:</strong> <em>gosh Scald does nothing huh :'D</em></div><div class="chat chatmessage-h2opulse"><strong style="color:#6e8c2b"><small>☆</small><span class="username" data-name="H2OPulse">H2OPulse</span>:</strong> <em>oh right I had a debuff oops</em></div><div class="spacer battle-history"><br></div><div class="battle-history">Thyrsiflora used <strong>Scald</strong>!<br></div><div class="battle-history"><small>(The opposing Gardevoir lost 8% of its health!)</small><br></div><div class="spacer battle-history"><br></div><div class="battle-history">The opposing Gardevoir fainted!<br></div><div class="spacer battle-history"><br></div><div class="battle-history"><small>Thyrsiflora restored a little HP using its Leftovers!</small><br></div><div class="battle-history"><small>The mist disappeared from the battlefield.</small><br></div><div class="spacer battle-history"><br></div><div class="battle-history">BotwNerd745 sent out Slashy (<strong>Scyther</strong>)!<br></div><div class="spacer battle-history"><br></div><h2 class="battle-history">Turn 17</h2><div class="spacer battle-history"><br></div><div class="battle-history">The opposing Slashy used <strong>Dual Wingbeat</strong>!<br></div><div class="battle-history"><small>(Thyrsiflora lost 17% of its health!)</small><br></div><div class="battle-history"><small>The Pokémon was hit 1 time!</small><br></div><div class="spacer battle-history"><br></div><div class="battle-history">Thyrsiflora fainted!<br></div><div class="chat chatmessage-inkbug1 mine"><strong style="color:#e46e0f"><small> </small><span class="username" data-name="inkbug1">inkbug1</span>:</strong> <em>im actualy amazed that did 8% </em></div><div class="spacer battle-history"><br></div><div class="battle-history">Go! Longiflora (<strong>Celesteela</strong>)!<br></div><div class="spacer battle-history"><br></div><h2 class="battle-history">Turn 18</h2><div class="spacer battle-history"><br></div><div class="battle-history">Longiflora used <strong>Protect</strong>!<br></div><div class="battle-history"><small>Longiflora protected itself!</small><br></div><div class="spacer battle-history"><br></div><div class="battle-history">The opposing Slashy used <strong>Brick Break</strong>!<br></div><div class="battle-history"><small>Longiflora protected itself!</small><br></div><div class="spacer battle-history"><br></div><div class="battle-history"><small>Longiflora restored a little HP using its Leftovers!</small><br></div><div class="spacer battle-history"><br></div><h2 class="battle-history">Turn 19</h2><div class="chat chatmessage-inkbug1 mine"><strong style="color:#e46e0f"><small> </small><span class="username" data-name="inkbug1">inkbug1</span>:</strong> <em>it was 18% last time so that was probably a range, esp with the extra spa debuff :'D </em></div><div class="spacer battle-history"><br></div><div class="battle-history">The opposing Slashy used <strong>Brick Break</strong>!<br></div><div class="battle-history"><small>(Longiflora lost 21% of its health!)</small><br></div><div class="spacer battle-history"><br></div><div class="battle-history">Longiflora used <strong>Flamethrower</strong>!<br></div><div class="battle-history"><small>It's super effective!</small><br></div><div class="battle-history"><small>(The opposing Slashy lost 56% of its health!)</small><br></div><div class="spacer battle-history"><br></div><div class="battle-history"><small>Longiflora restored a little HP using its Leftovers!</small><br></div><div class="spacer battle-history"><br></div><h2 class="battle-history">Turn 20</h2><div class="spacer battle-history"><br></div><div class="battle-history">Longiflora used <strong>Protect</strong>!<br></div><div class="battle-history"><small>Longiflora protected itself!</small><br></div><div class="spacer battle-history"><br></div><div class="battle-history">The opposing Slashy used <strong>Dual Wingbeat</strong>!<br></div><div class="battle-history"><small>Longiflora protected itself!</small><br></div><div class="spacer battle-history"><br></div><div class="battle-history"><small>Longiflora restored a little HP using its Leftovers!</small><br></div><div class="spacer battle-history"><br></div><h2 class="battle-history">Turn 21</h2><div class="chat chatmessage-h2opulse"><strong style="color:#6e8c2b"><small>☆</small><span class="username" data-name="H2OPulse">H2OPulse</span>:</strong> <em>Nah, even if 18.0 were a max roll, the least it would do after the other debuff is ~11.4</em></div><div class="chat chatmessage-h2opulse"><strong style="color:#6e8c2b"><small>☆</small><span class="username" data-name="H2OPulse">H2OPulse</span>:</strong> <em>I think</em></div><div class="chat chatmessage-inkbug1 mine"><strong style="color:#e46e0f"><small> </small><span class="username" data-name="inkbug1">inkbug1</span>:</strong> <em>ok fair</em></div><div class="spacer battle-history"><br></div><div class="battle-history">The opposing Slashy used <strong>Dual Wingbeat</strong>!<br></div><div class="battle-history"><small>It's not very effective...</small><br></div><div class="battle-history"><small>(Longiflora lost 12% of its health!)</small><br></div><div class="battle-history"><small>It's not very effective...</small><br></div><div class="battle-history"><small>(Longiflora lost 4% of its health!)</small><br></div><div class="battle-history"><small>The Pokémon was hit 2 times!</small><br></div><div class="spacer battle-history"><br></div><div class="battle-history">Longiflora fainted!<br></div><div class="spacer battle-history"><br></div><div class="battle-history">Go! Sinensis (<strong>Grimmsnarl</strong>)!<br></div><div class="spacer battle-history"><br></div><h2 class="battle-history">Turn 22</h2><div class="spacer battle-history"><br></div><div class="battle-history">The opposing Slashy used <strong>Dual Wingbeat</strong>!<br></div><div class="battle-history"><small>(Sinensis lost 37% of its health!)</small><br></div><div class="battle-history"><small>(Sinensis lost 32% of its health!)</small><br></div><div class="battle-history"><small>The Pokémon was hit 2 times!</small><br></div><div class="spacer battle-history"><br></div><div class="battle-history">Sinensis used <strong>Darkest Lariat</strong>!<br></div><div class="battle-history"><small>(The opposing Slashy lost 44% of its health!)</small><br></div><div class="spacer battle-history"><br></div><div class="battle-history">The opposing Slashy fainted!<br></div><div class="spacer battle-history"><br></div><div class="battle-history">BotwNerd745 sent out Mittens (<strong>Incineroar</strong>)!<br></div><div class="battle-history">[The opposing Mittens's Intimidate]<br></div><div class="battle-history"><small>Sinensis's Attack fell!</small><br></div><div class="spacer battle-history"><br></div><h2 class="battle-history">Turn 23</h2><div class="spacer battle-history"><br></div><div class="battle-history">The opposing Mittens used <strong>Blaze Kick</strong>!<br></div><div class="battle-history"><small>(Sinensis lost 31% of its health!)</small><br></div><div class="spacer battle-history"><br></div><div class="battle-history">Sinensis fainted!<br></div><div class="spacer battle-history"><br></div><div class="battle-history">Go! Phace (<strong>Gliscor</strong>)!<br></div><div class="spacer battle-history"><br></div><h2 class="battle-history">Turn 24</h2><div class="chat chatmessage-h2opulse"><strong style="color:#6e8c2b"><small>☆</small><span class="username" data-name="H2OPulse">H2OPulse</span>:</strong> <em>Good game!!!!</em></div><div class="spacer battle-history"><br></div><div class="battle-history">Phace used <strong>Earthquake</strong>!<br></div><div class="battle-history"><small>It's super effective!</small><br></div><div class="battle-history"><small>(The opposing Mittens lost 69% of its health!)</small><br></div><div class="spacer battle-history"><br></div><div class="battle-history">The opposing Mittens used <strong>Darkest Lariat</strong>!<br></div><div class="battle-history"><small>(Phace lost 17% of its health!)</small><br></div><div class="spacer battle-history"><br></div><div class="battle-history">Phace fainted!<br></div><div class="spacer battle-history"><br></div><div class="battle-history"><strong>BotwNerd745</strong> won the battle!<br></div><div class="chat chatmessage-botwnerd745"><strong style="color:#9835de"><small>☆</small><span class="username" data-name="BotwNerd745">BotwNerd745</span>:</strong> <em>gg</em></div><div class="chat chatmessage-inkbug1 mine"><strong style="color:#e46e0f"><small> </small><span class="username" data-name="inkbug1">inkbug1</span>:</strong> <em>yea gg wow ! </em></div></div><div class="inner-preempt message-log"></div></div></div>
</div>
<script>
let daily = Math.floor(Date.now()/1000/60/60/24);document.write('<script src="https://play.pokemonshowdown.com/js/replay-embed.js?version'+daily+'"></'+'script>');
</script>
