<!DOCTYPE html>
<meta charset="utf-8" />
<!-- version 1 -->
<title>[Gen 8] M4A Monotype replay: okispokisSUB vs. Mossy Sandwich</title>
<style>
html,body {font-family:Verdana, sans-serif;font-size:10pt;margin:0;padding:0;}body{padding:12px 0;} .battle-log {font-family:Verdana, sans-serif;font-size:10pt;} .battle-log-inline {border:1px solid #AAAAAA;background:#EEF2F5;color:black;max-width:640px;margin:0 auto 80px;padding-bottom:5px;} .battle-log .inner {padding:4px 8px 0px 8px;} .battle-log .inner-preempt {padding:0 8px 4px 8px;} .battle-log .inner-after {margin-top:0.5em;} .battle-log h2 {margin:0.5em -8px;padding:4px 8px;border:1px solid #AAAAAA;background:#E0E7EA;border-left:0;border-right:0;font-family:Verdana, sans-serif;font-size:13pt;} .battle-log .chat {vertical-align:middle;padding:3px 0 3px 0;font-size:8pt;} .battle-log .chat strong {color:#40576A;} .battle-log .chat em {padding:1px 4px 1px 3px;color:#000000;font-style:normal;} .chat.mine {background:rgba(0,0,0,0.05);margin-left:-8px;margin-right:-8px;padding-left:8px;padding-right:8px;} .spoiler {color:#BBBBBB;background:#BBBBBB;padding:0px 3px;} .spoiler:hover, .spoiler:active, .spoiler-shown {color:#000000;background:#E2E2E2;padding:0px 3px;} .spoiler a {color:#BBBBBB;} .spoiler:hover a, .spoiler:active a, .spoiler-shown a {color:#2288CC;} .chat code, .chat .spoiler:hover code, .chat .spoiler:active code, .chat .spoiler-shown code {border:1px solid #C0C0C0;background:#EEEEEE;color:black;padding:0 2px;} .chat .spoiler code {border:1px solid #CCCCCC;background:#CCCCCC;color:#CCCCCC;} .battle-log .rated {padding:3px 4px;} .battle-log .rated strong {color:white;background:#89A;padding:1px 4px;border-radius:4px;} .spacer {margin-top:0.5em;} .message-announce {background:#6688AA;color:white;padding:1px 4px 2px;} .message-announce a, .broadcast-green a, .broadcast-blue a, .broadcast-red a {color:#DDEEFF;} .broadcast-green {background-color:#559955;color:white;padding:2px 4px;} .broadcast-blue {background-color:#6688AA;color:white;padding:2px 4px;} .infobox {border:1px solid #6688AA;padding:2px 4px;} .infobox-limited {max-height:200px;overflow:auto;overflow-x:hidden;} .broadcast-red {background-color:#AA5544;color:white;padding:2px 4px;} .message-learn-canlearn {font-weight:bold;color:#228822;text-decoration:underline;} .message-learn-cannotlearn {font-weight:bold;color:#CC2222;text-decoration:underline;} .message-effect-weak {font-weight:bold;color:#CC2222;} .message-effect-resist {font-weight:bold;color:#6688AA;} .message-effect-immune {font-weight:bold;color:#666666;} .message-learn-list {margin-top:0;margin-bottom:0;} .message-throttle-notice, .message-error {color:#992222;} .message-overflow, .chat small.message-overflow {font-size:0pt;} .message-overflow::before {font-size:9pt;content:'...';} .subtle {color:#3A4A66;}
</style>
<div class="wrapper replay-wrapper" style="max-width:1180px;margin:0 auto">
<input type="hidden" name="replayid" value="dragonheaven-gen8m4amonotype-925" />
<div class="battle"></div><div class="battle-log"></div><div class="replay-controls"></div><div class="replay-controls-2"></div>
<h1 style="font-weight:normal;text-align:center"><strong>[Gen 8] M4A Monotype</strong><br /><a href="http://pokemonshowdown.com/users/okispokissub" class="subtle" target="_blank">okispokisSUB</a> vs. <a href="http://pokemonshowdown.com/users/mossysandwich" class="subtle" target="_blank">Mossy Sandwich</a></h1>
<script type="text/plain" class="battle-log-data">|j|☆okispokisSUB
|j|☆Mossy Sandwich
|t:|1609286963
|player|p1|okispokisSUB|2|
|player|p2|Mossy Sandwich|265|
|teamsize|p1|6
|teamsize|p2|6
|gametype|singles
|gen|8
|tier|[Gen 8] M4A Monotype
|rule|Same Type Clause: Pokémon in a team must share a type
|clearpoke
|poke|p1|Mandibuzz, F|
|poke|p1|Spiritomb, F|
|poke|p1|Tyranitar, M|
|poke|p1|Urshifu-*, M|
|poke|p1|Drapion, M|
|poke|p1|Greninja, M|
|poke|p2|Spectrier|
|poke|p2|Blacephalon|
|poke|p2|Dhelmise|
|poke|p2|Aegislash, M|
|poke|p2|Palossand, F|
|poke|p2|Gengar, M|
|rule|HP Percentage Mod: HP is shown in percentages
|rule|Endless Battle Clause: Forcing endless battles is banned
|rule|OHKO Clause: OHKO moves are banned
|rule|Evasion Moves Clause: Evasion moves are banned
|rule|Species Clause: Limit one of each Pokémon
|rule|Dynamax Clause: You cannot dynamax
|rule|Sleep Clause Mod: Limit one foe put to sleep
|rule|Freeze Clause Mod: Limit one foe frozen
|teampreview
|c|☆Mossy Sandwich|gl hf
|c|☆okispokisSUB|glhf
|j| BlaueBrause
|
|t:|1609286984
|start
|switch|p1a: Not Godzilla|Tyranitar, M|100\/100
|switch|p2a: Aegislash|Aegislash, M|100\/100
|-weather|Sandstorm|[from] ability: Sand Stream|[of] p1a: Not Godzilla
|turn|1
|
|t:|1609287002
|-formechange|p2a: Aegislash|Aegislash-Blade||[from] ability: Stance Change
|move|p2a: Aegislash|Close Combat|p1a: Not Godzilla
|-supereffective|p1a: Not Godzilla
|-damage|p1a: Not Godzilla|0 fnt
|-unboost|p2a: Aegislash|def|1
|-unboost|p2a: Aegislash|spd|1
|-damage|p2a: Aegislash|91\/100|[from] item: Life Orb
|faint|p1a: Not Godzilla
|
|-weather|Sandstorm|[upkeep]
|upkeep
|
|t:|1609287015
|switch|p1a: Watchlist|Mandibuzz, F|100\/100
|turn|2
|
|t:|1609287021
|switch|p2a: Palossand|Palossand, F|100\/100
|move|p1a: Watchlist|Brave Bird|p2a: Palossand
|-damage|p2a: Palossand|81\/100
|-damage|p1a: Watchlist|95\/100|[from] Recoil
|
|-weather|Sandstorm|[upkeep]
|-heal|p2a: Palossand|87\/100|[from] item: Leftovers
|upkeep
|turn|3
|
|t:|1609287034
|move|p1a: Watchlist|Toxic|p2a: Palossand
|-status|p2a: Palossand|tox
|move|p2a: Palossand|Toxic|p1a: Watchlist
|-status|p1a: Watchlist|tox
|
|-weather|Sandstorm|[upkeep]
|-heal|p2a: Palossand|94\/100 tox|[from] item: Leftovers
|-damage|p1a: Watchlist|89\/100 tox|[from] psn
|-damage|p2a: Palossand|87\/100 tox|[from] psn
|upkeep
|turn|4
|j| inkbug1

|
|t:|1609287052
|move|p1a: Watchlist|Brave Bird|p2a: Palossand
|-damage|p2a: Palossand|69\/100 tox
|-damage|p1a: Watchlist|83\/100 tox|[from] Recoil
|move|p2a: Palossand|Stealth Rock|p1a: Watchlist
|-sidestart|p1: okispokisSUB|move: Stealth Rock
|
|-weather|Sandstorm|[upkeep]
|-heal|p2a: Palossand|75\/100 tox|[from] item: Leftovers
|-damage|p1a: Watchlist|71\/100 tox|[from] psn
|-damage|p2a: Palossand|63\/100 tox|[from] psn
|upkeep
|turn|5
|
|t:|1609287063
|switch|p2a: Dhelmise|Dhelmise|100\/100
|move|p1a: Watchlist|Defog|p2a: Dhelmise
|-unboost|p2a: Dhelmise|evasion|1
|-sideend|p1: okispokisSUB|Stealth Rock|[from] move: Defog|[of] p1a: Watchlist
|
|-weather|none
|-damage|p1a: Watchlist|53\/100 tox|[from] psn
|upkeep
|turn|6
|
|t:|1609287078
|switch|p1a: Po|Urshifu, M|100\/100
|detailschange|p2a: Dhelmise|Dhelmise-Mega
|-mega|p2a: Dhelmise|Dhelmise|Dhelmite
|-weather|PrimordialSea|[from] ability: Primordial Sea|[of] p2a: Dhelmise
|-start|p2a: Dhelmise|typechange|Ghost\/Steel|[silent]
|raw|<ul class="utilichart"><li class="result"><span class="col pokemonnamecol" style="white-space: nowrap">Dhelmise-Mega<\/span> <span class="col typecol"><img src="https:\/\/play.pokemonshowdown.com\/sprites\/types\/Ghost.png" alt="Ghost" height="14" width="32"><img src="https:\/\/play.pokemonshowdown.com\/sprites\/types\/Steel.png" alt="Steel" height="14" width="32"><\/span> <span style="float: left ; min-height: 26px"><span class="col abilitycol">Primordial Sea<\/span><span class="col abilitycol"><\/span><\/span><span style="float: left ; min-height: 26px"><span class="col statcol"><em>HP<\/em><br>70<\/span> <span class="col statcol"><em>Atk<\/em><br>151<\/span> <span class="col statcol"><em>Def<\/em><br>110<\/span> <span class="col statcol"><em>SpA<\/em><br>86<\/span> <span class="col statcol"><em>SpD<\/em><br>110<\/span> <span class="col statcol"><em>Spe<\/em><br>90<\/span> <\/span><\/li><li style="clear: both"><\/li><\/ul>
|move|p2a: Dhelmise|Rapid Spin|p1a: Po
|-damage|p1a: Po|81\/100
|-boost|p2a: Dhelmise|spe|1
|
|-weather|PrimordialSea|[upkeep]
|upkeep
|turn|7
|
|t:|1609287087
|move|p2a: Dhelmise|Flip Turn|p1a: Po
|-damage|p1a: Po|41\/100
|
|t:|1609287090
|-weather|none
|switch|p2a: Palossand|Palossand, F|63\/100 tox|[from]move: Flip Turn
|move|p1a: Po|Wicked Blow|p2a: Palossand
|-supereffective|p2a: Palossand
|-crit|p2a: Palossand
|-damage|p2a: Palossand|0 fnt
|faint|p2a: Palossand
|
|upkeep
|
|t:|1609287099
|switch|p2a: Blacephalon|Blacephalon|100\/100
|turn|8
|
|t:|1609287108
|switch|p1a: Esidisi|Greninja, M, shiny|100\/100
|move|p2a: Blacephalon|Substitute|p2a: Blacephalon
|-start|p2a: Blacephalon|Substitute
|-damage|p2a: Blacephalon|76\/100
|
|-heal|p2a: Blacephalon|82\/100|[from] item: Leftovers
|upkeep
|turn|9
|
|t:|1609287117
|move|p1a: Esidisi|Extrasensory|p2a: Blacephalon
|-start|p1a: Esidisi|typechange|Psychic|[from] ability: Protean
|-end|p2a: Blacephalon|Substitute
|move|p2a: Blacephalon|Flamethrower|p1a: Esidisi
|-damage|p1a: Esidisi|23\/100
|
|-heal|p2a: Blacephalon|88\/100|[from] item: Leftovers
|upkeep
|turn|10
|
|t:|1609287125
|move|p1a: Esidisi|Hydro Pump|p2a: Blacephalon
|-start|p1a: Esidisi|typechange|Water|[from] ability: Protean
|-supereffective|p2a: Blacephalon
|-damage|p2a: Blacephalon|0 fnt
|faint|p2a: Blacephalon
|
|upkeep
|
|t:|1609287128
|switch|p2a: Spectrier|Spectrier|100\/100
|turn|11
|
|t:|1609287138
|switch|p1a: Scorpion|Drapion, M, shiny|100\/100
|move|p2a: Spectrier|Hex|p1a: Scorpion
|-resisted|p1a: Scorpion
|-damage|p1a: Scorpion|71\/100
|
|upkeep
|turn|12
|
|t:|1609287146
|switch|p2a: Dhelmise|Dhelmise-Mega|100\/100
|-start|p2a: Dhelmise|typechange|Ghost\/Steel|[silent]
|-weather|PrimordialSea|[from] ability: Primordial Sea|[of] p2a: Dhelmise
|move|p1a: Scorpion|Knock Off|p2a: Dhelmise
|-supereffective|p2a: Dhelmise
|-damage|p2a: Dhelmise|42\/100
|
|-weather|PrimordialSea|[upkeep]
|upkeep
|turn|13
|
|t:|1609287153
|move|p1a: Scorpion|Knock Off|p2a: Dhelmise
|-supereffective|p2a: Dhelmise
|-damage|p2a: Dhelmise|0 fnt
|faint|p2a: Dhelmise
|-weather|none
|
|upkeep
|
|t:|1609287156
|switch|p2a: Gengar|Gengar, M|100\/100
|turn|14
|
|t:|1609287175
|switch|p1a: Watchlist|Mandibuzz, F|53\/100 tox
|-zpower|p2a: Gengar
|move|p2a: Gengar|All-Out Pummeling|p1a: Watchlist|[zeffect]
|-damage|p1a: Watchlist|0 fnt
|faint|p1a: Watchlist
|
|upkeep
|
|t:|1609287189
|switch|p1a: Esidisi|Greninja, M, shiny|23\/100
|turn|15
|
|t:|1609287194
|move|p1a: Esidisi|Extrasensory|p2a: Gengar
|-start|p1a: Esidisi|typechange|Psychic|[from] ability: Protean
|-supereffective|p2a: Gengar
|-damage|p2a: Gengar|0 fnt
|-start|p1a: Esidisi|Disable|Extrasensory|[from] ability: Cursed Body|[of] p2a: Gengar
|faint|p2a: Gengar
|
|upkeep
|
|t:|1609287196
|switch|p2a: Aegislash|Aegislash, M|91\/100
|turn|16
|
|t:|1609287212
|switch|p1a: Da Tomb|Spiritomb, F, shiny|100\/100
|-ability|p1a: Da Tomb|Pressure
|-formechange|p2a: Aegislash|Aegislash-Blade||[from] ability: Stance Change
|move|p2a: Aegislash|Close Combat|p1a: Da Tomb
|-immune|p1a: Da Tomb
|
|upkeep
|turn|17
|
|t:|1609287223
|detailschange|p1a: Da Tomb|Spiritomb-Mega, F, shiny
|-mega|p1a: Da Tomb|Spiritomb|Odd Keystone
|-start|p1a: Da Tomb|typechange|Ghost\/Dark|[silent]
|raw|<ul class="utilichart"><li class="result"><span class="col pokemonnamecol" style="white-space: nowrap">Spiritomb-Mega<\/span> <span class="col typecol"><img src="https:\/\/play.pokemonshowdown.com\/sprites\/types\/Ghost.png" alt="Ghost" height="14" width="32"><img src="https:\/\/play.pokemonshowdown.com\/sprites\/types\/Dark.png" alt="Dark" height="14" width="32"><\/span> <span style="float: left ; min-height: 26px"><span class="col abilitycol">Regenerator<\/span><span class="col abilitycol"><\/span><\/span><span style="float: left ; min-height: 26px"><span class="col statcol"><em>HP<\/em><br>50<\/span> <span class="col statcol"><em>Atk<\/em><br>108<\/span> <span class="col statcol"><em>Def<\/em><br>142<\/span> <span class="col statcol"><em>SpA<\/em><br>108<\/span> <span class="col statcol"><em>SpD<\/em><br>142<\/span> <span class="col statcol"><em>Spe<\/em><br>35<\/span> <\/span><\/li><li style="clear: both"><\/li><\/ul>
|move|p2a: Aegislash|Shadow Claw|p1a: Da Tomb
|-damage|p1a: Da Tomb|56\/100
|-damage|p2a: Aegislash|81\/100|[from] item: Life Orb
|move|p1a: Da Tomb|Will-O-Wisp|p2a: Aegislash
|-status|p2a: Aegislash|brn
|
|-damage|p2a: Aegislash|75\/100 brn|[from] brn
|upkeep
|turn|18
|
|t:|1609287239
|move|p2a: Aegislash|Shadow Claw|p1a: Da Tomb
|-crit|p1a: Da Tomb
|-damage|p1a: Da Tomb|19\/100
|-damage|p2a: Aegislash|65\/100 brn|[from] item: Life Orb
|move|p1a: Da Tomb|Parting Shot|p2a: Aegislash
|-unboost|p2a: Aegislash|atk|1
|-unboost|p2a: Aegislash|spa|1
|
|t:|1609287251
|switch|p1a: Po|Urshifu, M|41\/100|[from]move: Parting Shot
|
|-damage|p2a: Aegislash|59\/100 brn|[from] brn
|upkeep
|turn|19
|
|t:|1609287256
|move|p1a: Po|Wicked Blow|p2a: Aegislash
|-supereffective|p2a: Aegislash
|-crit|p2a: Aegislash
|-damage|p2a: Aegislash|0 fnt
|faint|p2a: Aegislash
|
|upkeep
|
|t:|1609287258
|switch|p2a: Spectrier|Spectrier|100\/100
|turn|20
|
|t:|1609287275
|move|p2a: Spectrier|Shadow Ball|p1a: Po
|-resisted|p1a: Po
|-damage|p1a: Po|6\/100
|move|p1a: Po|Wicked Blow|p2a: Spectrier
|-supereffective|p2a: Spectrier
|-crit|p2a: Spectrier
|-damage|p2a: Spectrier|0 fnt
|faint|p2a: Spectrier
|
|win|okispokisSUB
|c|☆Mossy Sandwich|gg
|l| BlaueBrause
|l|☆Mossy Sandwich
|c|☆okispokisSUB|gg</script>
</div>
<div class="battle-log battle-log-inline"><div class="inner"><div class="battle-options"><div style="padding-top: 3px; padding-right: 3px; text-align: right"><button class="icon button" name="openBattleOptions" title="Options">Battle Options</button></div></div><div class="inner message-log"><div class="chat"><small>☆okispokisSUB and ☆Mossy Sandwich joined</small></div><div class=""><small>Format:</small> <br><strong>[Gen 8] M4A Monotype</strong></div><div class=""><small><em>Same Type Clause:</em> Pokémon in a team must share a type</small></div><div class=""><small><em>HP Percentage Mod:</em> HP is shown in percentages</small></div><div class=""><small><em>Endless Battle Clause:</em> Forcing endless battles is banned</small></div><div class=""><small><em>OHKO Clause:</em> OHKO moves are banned</small></div><div class=""><small><em>Evasion Moves Clause:</em> Evasion moves are banned</small></div><div class=""><small><em>Species Clause:</em> Limit one of each Pokémon</small></div><div class=""><small><em>Dynamax Clause:</em> You cannot dynamax</small></div><div class=""><small><em>Sleep Clause Mod:</em> Limit one foe put to sleep</small></div><div class=""><small><em>Freeze Clause Mod:</em> Limit one foe frozen</small></div><div class="chat battle-history"><strong>okispokisSUB's team:</strong> <em style="color:#445566;display:block;">Mandibuzz / Spiritomb / Tyranitar / Urshifu-* / Drapion / Greninja</em></div><div class="chat battle-history"><strong>Mossy Sandwich's team:</strong> <em style="color:#445566;display:block;">Spectrier / Blacephalon / Dhelmise / Aegislash / Palossand / Gengar</em></div><div class="chat chatmessage-mossysandwich"><strong style="color:#ba49a2"><small>☆</small><span class="username" data-name="Mossy Sandwich">Mossy Sandwich</span>:</strong> <em>gl hf</em></div><div class="chat chatmessage-okispokissub"><strong style="color:#909622"><small>☆</small><span class="username" data-name="okispokisSUB">okispokisSUB</span>:</strong> <em>glhf</em></div><div class="chat"><small> BlaueBrause joined</small></div><div class="spacer battle-history"><br></div><div class="battle-history">Battle started between okispokisSUB and Mossy Sandwich!<br></div><div class="spacer battle-history"><br></div><div class="battle-history">Go! Not Godzilla (<strong>Tyranitar</strong>)!<br></div><div class="spacer battle-history"><br></div><div class="battle-history">Mossy Sandwich sent out <strong>Aegislash</strong>!<br></div><div class="battle-history">[Not Godzilla's Sand Stream]<br><small>A sandstorm kicked up!</small><br></div><div class="spacer battle-history"><br></div><h2 class="battle-history">Turn 1</h2><div class="spacer battle-history"><br></div><div class="battle-history">[The opposing Aegislash's Stance Change]<br>Changed to Blade Forme!<br></div><div class="spacer battle-history"><br></div><div class="battle-history">The opposing Aegislash used <strong>Close Combat</strong>!<br></div><div class="battle-history"><small>It's super effective!</small><br></div><div class="battle-history"><small>(Not Godzilla lost 100% of its health!)</small><br></div><div class="battle-history"><small>The opposing Aegislash's Defense fell!</small><br></div><div class="battle-history"><small>The opposing Aegislash's Sp. Def fell!</small><br></div><div class="battle-history"><small>The opposing Aegislash lost some of its HP!</small><br></div><div class="spacer battle-history"><br></div><div class="battle-history">Not Godzilla fainted!<br></div><div class="spacer battle-history"><br></div><div class="battle-history"><small>(The sandstorm is raging.)</small><br></div><div class="spacer battle-history"><br></div><div class="battle-history">Go! Watchlist (<strong>Mandibuzz</strong>)!<br></div><div class="spacer battle-history"><br></div><h2 class="battle-history">Turn 2</h2><div class="spacer battle-history"><br></div><div class="battle-history">Mossy Sandwich withdrew Aegislash!<br></div><div class="battle-history">Mossy Sandwich sent out <strong>Palossand</strong>!<br></div><div class="spacer battle-history"><br></div><div class="battle-history">Watchlist used <strong>Brave Bird</strong>!<br></div><div class="battle-history"><small>(The opposing Palossand lost 19% of its health!)</small><br></div><div class="battle-history"><small>Watchlist was damaged by the recoil!</small><br></div><div class="spacer battle-history"><br></div><div class="battle-history"><small>(The sandstorm is raging.)</small><br></div><div class="battle-history"><small>The opposing Palossand restored a little HP using its Leftovers!</small><br></div><div class="spacer battle-history"><br></div><h2 class="battle-history">Turn 3</h2><div class="spacer battle-history"><br></div><div class="battle-history">Watchlist used <strong>Toxic</strong>!<br></div><div class="battle-history"><small>The opposing Palossand was badly poisoned!</small><br></div><div class="spacer battle-history"><br></div><div class="battle-history">The opposing Palossand used <strong>Toxic</strong>!<br></div><div class="battle-history"><small>Watchlist was badly poisoned!</small><br></div><div class="spacer battle-history"><br></div><div class="battle-history"><small>(The sandstorm is raging.)</small><br></div><div class="battle-history"><small>The opposing Palossand restored a little HP using its Leftovers!</small><br></div><div class="battle-history"><small>Watchlist was hurt by poison!</small><br></div><div class="battle-history"><small>The opposing Palossand was hurt by poison!</small><br></div><div class="spacer battle-history"><br></div><h2 class="battle-history">Turn 4</h2><div class="chat"><small> inkbug1 joined</small></div><div class="spacer battle-history"><br></div><div class="battle-history">Watchlist used <strong>Brave Bird</strong>!<br></div><div class="battle-history"><small>(The opposing Palossand lost 18% of its health!)</small><br></div><div class="battle-history"><small>Watchlist was damaged by the recoil!</small><br></div><div class="spacer battle-history"><br></div><div class="battle-history">The opposing Palossand used <strong>Stealth Rock</strong>!<br></div><div class="battle-history"><small>Pointed stones float in the air around your team!</small><br></div><div class="spacer battle-history"><br></div><div class="battle-history"><small>(The sandstorm is raging.)</small><br></div><div class="battle-history"><small>The opposing Palossand restored a little HP using its Leftovers!</small><br></div><div class="battle-history"><small>Watchlist was hurt by poison!</small><br></div><div class="battle-history"><small>The opposing Palossand was hurt by poison!</small><br></div><div class="spacer battle-history"><br></div><h2 class="battle-history">Turn 5</h2><div class="spacer battle-history"><br></div><div class="battle-history">Mossy Sandwich withdrew Palossand!<br></div><div class="battle-history">Mossy Sandwich sent out <strong>Dhelmise</strong>!<br></div><div class="spacer battle-history"><br></div><div class="battle-history">Watchlist used <strong>Defog</strong>!<br></div><div class="battle-history"><small>The opposing Dhelmise's evasiveness fell!</small><br></div><div class="battle-history"><small>The pointed stones disappeared from around your team!</small><br></div><div class="spacer battle-history"><br></div><div class="battle-history"><small>The sandstorm subsided.</small><br></div><div class="battle-history"><small>Watchlist was hurt by poison!</small><br></div><div class="spacer battle-history"><br></div><h2 class="battle-history">Turn 6</h2><div class="spacer battle-history"><br></div><div class="battle-history">Watchlist, come back!<br></div><div class="battle-history">Go! Po (<strong>Urshifu</strong>)!<br></div><div class="spacer battle-history"><br></div><div class="battle-history"><small>The opposing Dhelmise's Dhelmite is reacting to the Key Stone!</small><br>The opposing Dhelmise has Mega Evolved into Mega Dhelmise!<br></div><div class="battle-history">[The opposing Dhelmise's Primordial Sea]<br><small>A heavy rain began to fall!</small><br></div><div class="chat"><ul class="utilichart"><li class="result"><span class="col pokemonnamecol" style="white-space: nowrap">Dhelmise-Mega</span> <span class="col typecol"><img src="https://play.pokemonshowdown.com/sprites/types/Ghost.png" alt="Ghost" height="14" width="32"><img src="https://play.pokemonshowdown.com/sprites/types/Steel.png" alt="Steel" height="14" width="32"></span> <span style="float: left ; min-height: 26px"><span class="col abilitycol">Primordial Sea</span><span class="col abilitycol"></span></span><span style="float: left ; min-height: 26px"><span class="col statcol"><em>HP</em><br>70</span> <span class="col statcol"><em>Atk</em><br>151</span> <span class="col statcol"><em>Def</em><br>110</span> <span class="col statcol"><em>SpA</em><br>86</span> <span class="col statcol"><em>SpD</em><br>110</span> <span class="col statcol"><em>Spe</em><br>90</span> </span></li><li style="clear: both"></li></ul></div><div class="spacer battle-history"><br></div><div class="battle-history">The opposing Dhelmise used <strong>Rapid Spin</strong>!<br></div><div class="battle-history"><small>(Po lost 19% of its health!)</small><br></div><div class="battle-history"><small>The opposing Dhelmise's Speed rose!</small><br></div><div class="spacer battle-history"><br></div><h2 class="battle-history">Turn 7</h2><div class="spacer battle-history"><br></div><div class="battle-history">The opposing Dhelmise used <strong>Flip Turn</strong>!<br></div><div class="battle-history"><small>(Po lost 40% of its health!)</small><br></div><div class="spacer battle-history"><br></div><div class="battle-history"><small>The heavy rain has lifted!</small><br></div><div class="spacer battle-history"><br></div><div class="battle-history">Mossy Sandwich withdrew Dhelmise!<br></div><div class="battle-history">Mossy Sandwich sent out <strong>Palossand</strong>!<br></div><div class="spacer battle-history"><br></div><div class="battle-history">Po used <strong>Wicked Blow</strong>!<br></div><div class="battle-history"><small>It's super effective!</small><br></div><div class="battle-history"><small>A critical hit!</small><br></div><div class="battle-history"><small>(The opposing Palossand lost 63% of its health!)</small><br></div><div class="spacer battle-history"><br></div><div class="battle-history">The opposing Palossand fainted!<br></div><div class="spacer battle-history"><br></div><div class="battle-history">Mossy Sandwich sent out <strong>Blacephalon</strong>!<br></div><div class="spacer battle-history"><br></div><h2 class="battle-history">Turn 8</h2><div class="spacer battle-history"><br></div><div class="battle-history">Po, come back!<br></div><div class="battle-history">Go! Esidisi (<strong>Greninja</strong>)!<br></div><div class="spacer battle-history"><br></div><div class="battle-history">The opposing Blacephalon used <strong>Substitute</strong>!<br></div><div class="battle-history"><small>The opposing Blacephalon put in a substitute!</small><br></div><div class="battle-history"><small>(The opposing Blacephalon lost 24% of its health!)</small><br></div><div class="spacer battle-history"><br></div><div class="battle-history"><small>The opposing Blacephalon restored a little HP using its Leftovers!</small><br></div><div class="spacer battle-history"><br></div><h2 class="battle-history">Turn 9</h2><div class="spacer battle-history"><br></div><div class="battle-history">Esidisi used <strong>Extrasensory</strong>!<br></div><div class="spacer battle-history"><br></div><div class="battle-history">[Esidisi's Protean]<br><small>Esidisi's type changed to Psychic!</small><br></div><div class="battle-history"><small>The opposing Blacephalon's substitute faded!</small><br></div><div class="spacer battle-history"><br></div><div class="battle-history">The opposing Blacephalon used <strong>Flamethrower</strong>!<br></div><div class="battle-history"><small>(Esidisi lost 77% of its health!)</small><br></div><div class="spacer battle-history"><br></div><div class="battle-history"><small>The opposing Blacephalon restored a little HP using its Leftovers!</small><br></div><div class="spacer battle-history"><br></div><h2 class="battle-history">Turn 10</h2><div class="spacer battle-history"><br></div><div class="battle-history">Esidisi used <strong>Hydro Pump</strong>!<br></div><div class="spacer battle-history"><br></div><div class="battle-history">[Esidisi's Protean]<br><small>Esidisi's type changed to Water!</small><br></div><div class="battle-history"><small>It's super effective!</small><br></div><div class="battle-history"><small>(The opposing Blacephalon lost 88% of its health!)</small><br></div><div class="spacer battle-history"><br></div><div class="battle-history">The opposing Blacephalon fainted!<br></div><div class="spacer battle-history"><br></div><div class="battle-history">Mossy Sandwich sent out <strong>Spectrier</strong>!<br></div><div class="spacer battle-history"><br></div><h2 class="battle-history">Turn 11</h2><div class="spacer battle-history"><br></div><div class="battle-history">Esidisi, come back!<br></div><div class="battle-history">Go! Scorpion (<strong>Drapion</strong>)!<br></div><div class="spacer battle-history"><br></div><div class="battle-history">The opposing Spectrier used <strong>Hex</strong>!<br></div><div class="battle-history"><small>It's not very effective...</small><br></div><div class="battle-history"><small>(Scorpion lost 29% of its health!)</small><br></div><div class="spacer battle-history"><br></div><h2 class="battle-history">Turn 12</h2><div class="spacer battle-history"><br></div><div class="battle-history">Mossy Sandwich withdrew Spectrier!<br></div><div class="battle-history">Mossy Sandwich sent out Dhelmise (<strong>Dhelmise-Mega</strong>)!<br></div><div class="battle-history">[The opposing Dhelmise's Primordial Sea]<br><small>A heavy rain began to fall!</small><br></div><div class="spacer battle-history"><br></div><div class="battle-history">Scorpion used <strong>Knock Off</strong>!<br></div><div class="battle-history"><small>It's super effective!</small><br></div><div class="battle-history"><small>(The opposing Dhelmise lost 58% of its health!)</small><br></div><div class="spacer battle-history"><br></div><h2 class="battle-history">Turn 13</h2><div class="spacer battle-history"><br></div><div class="battle-history">Scorpion used <strong>Knock Off</strong>!<br></div><div class="battle-history"><small>It's super effective!</small><br></div><div class="battle-history"><small>(The opposing Dhelmise lost 42% of its health!)</small><br></div><div class="spacer battle-history"><br></div><div class="battle-history">The opposing Dhelmise fainted!<br></div><div class="battle-history"><small>The heavy rain has lifted!</small><br></div><div class="spacer battle-history"><br></div><div class="battle-history">Mossy Sandwich sent out <strong>Gengar</strong>!<br></div><div class="spacer battle-history"><br></div><h2 class="battle-history">Turn 14</h2><div class="spacer battle-history"><br></div><div class="battle-history">Scorpion, come back!<br></div><div class="battle-history">Go! Watchlist (<strong>Mandibuzz</strong>)!<br></div><div class="battle-history"><small>The opposing Gengar surrounded itself with its Z-Power!</small><br></div><div class="spacer battle-history"><br></div><div class="battle-history"><small>The opposing Gengar unleashes its full-force Z-Move!</small><br>The opposing Gengar used <strong>All-Out Pummeling</strong>!<br></div><div class="battle-history"><small>(Watchlist lost 53% of its health!)</small><br></div><div class="spacer battle-history"><br></div><div class="battle-history">Watchlist fainted!<br></div><div class="spacer battle-history"><br></div><div class="battle-history">Go! Esidisi (<strong>Greninja</strong>)!<br></div><div class="spacer battle-history"><br></div><h2 class="battle-history">Turn 15</h2><div class="spacer battle-history"><br></div><div class="battle-history">Esidisi used <strong>Extrasensory</strong>!<br></div><div class="spacer battle-history"><br></div><div class="battle-history">[Esidisi's Protean]<br><small>Esidisi's type changed to Psychic!</small><br></div><div class="battle-history"><small>It's super effective!</small><br></div><div class="battle-history"><small>(The opposing Gengar lost 100% of its health!)</small><br></div><div class="battle-history">[The opposing Gengar's Cursed Body]<br><small>Esidisi's Extrasensory was disabled!</small><br></div><div class="spacer battle-history"><br></div><div class="battle-history">The opposing Gengar fainted!<br></div><div class="spacer battle-history"><br></div><div class="battle-history">Mossy Sandwich sent out <strong>Aegislash</strong>!<br></div><div class="spacer battle-history"><br></div><h2 class="battle-history">Turn 16</h2><div class="spacer battle-history"><br></div><div class="battle-history">Esidisi, come back!<br></div><div class="battle-history">Go! Da Tomb (<strong>Spiritomb</strong>)!<br></div><div class="battle-history">[Da Tomb's Pressure]<br><small>Da Tomb is exerting its pressure!</small><br></div><div class="battle-history">[The opposing Aegislash's Stance Change]<br>Changed to Blade Forme!<br></div><div class="spacer battle-history"><br></div><div class="battle-history">The opposing Aegislash used <strong>Close Combat</strong>!<br></div><div class="battle-history"><small>It doesn't affect Da Tomb...</small><br></div><div class="spacer battle-history"><br></div><h2 class="battle-history">Turn 17</h2><div class="spacer battle-history"><br></div><div class="battle-history"><small>Da Tomb's Odd Keystone is reacting to the Key Stone!</small><br>Da Tomb has Mega Evolved into Mega Spiritomb!<br></div><div class="chat"><ul class="utilichart"><li class="result"><span class="col pokemonnamecol" style="white-space: nowrap">Spiritomb-Mega</span> <span class="col typecol"><img src="https://play.pokemonshowdown.com/sprites/types/Ghost.png" alt="Ghost" height="14" width="32"><img src="https://play.pokemonshowdown.com/sprites/types/Dark.png" alt="Dark" height="14" width="32"></span> <span style="float: left ; min-height: 26px"><span class="col abilitycol">Regenerator</span><span class="col abilitycol"></span></span><span style="float: left ; min-height: 26px"><span class="col statcol"><em>HP</em><br>50</span> <span class="col statcol"><em>Atk</em><br>108</span> <span class="col statcol"><em>Def</em><br>142</span> <span class="col statcol"><em>SpA</em><br>108</span> <span class="col statcol"><em>SpD</em><br>142</span> <span class="col statcol"><em>Spe</em><br>35</span> </span></li><li style="clear: both"></li></ul></div><div class="spacer battle-history"><br></div><div class="battle-history">The opposing Aegislash used <strong>Shadow Claw</strong>!<br></div><div class="battle-history"><small>(Da Tomb lost 44% of its health!)</small><br></div><div class="battle-history"><small>The opposing Aegislash lost some of its HP!</small><br></div><div class="spacer battle-history"><br></div><div class="battle-history">Da Tomb used <strong>Will-O-Wisp</strong>!<br></div><div class="battle-history"><small>The opposing Aegislash was burned!</small><br></div><div class="spacer battle-history"><br></div><div class="battle-history"><small>The opposing Aegislash was hurt by its burn!</small><br></div><div class="spacer battle-history"><br></div><h2 class="battle-history">Turn 18</h2><div class="spacer battle-history"><br></div><div class="battle-history">The opposing Aegislash used <strong>Shadow Claw</strong>!<br></div><div class="battle-history"><small>A critical hit!</small><br></div><div class="battle-history"><small>(Da Tomb lost 37% of its health!)</small><br></div><div class="battle-history"><small>The opposing Aegislash lost some of its HP!</small><br></div><div class="spacer battle-history"><br></div><div class="battle-history">Da Tomb used <strong>Parting Shot</strong>!<br></div><div class="battle-history"><small>The opposing Aegislash's Attack fell!</small><br></div><div class="battle-history"><small>The opposing Aegislash's Sp. Atk fell!</small><br></div><div class="spacer battle-history"><br></div><div class="battle-history">Da Tomb, come back!<br></div><div class="battle-history">Go! Po (<strong>Urshifu</strong>)!<br></div><div class="spacer battle-history"><br></div><div class="battle-history"><small>The opposing Aegislash was hurt by its burn!</small><br></div><div class="spacer battle-history"><br></div><h2 class="battle-history">Turn 19</h2><div class="spacer battle-history"><br></div><div class="battle-history">Po used <strong>Wicked Blow</strong>!<br></div><div class="battle-history"><small>It's super effective!</small><br></div><div class="battle-history"><small>A critical hit!</small><br></div><div class="battle-history"><small>(The opposing Aegislash lost 59% of its health!)</small><br></div><div class="spacer battle-history"><br></div><div class="battle-history">The opposing Aegislash fainted!<br></div><div class="spacer battle-history"><br></div><div class="battle-history">Mossy Sandwich sent out <strong>Spectrier</strong>!<br></div><div class="spacer battle-history"><br></div><h2 class="battle-history">Turn 20</h2><div class="spacer battle-history"><br></div><div class="battle-history">The opposing Spectrier used <strong>Shadow Ball</strong>!<br></div><div class="battle-history"><small>It's not very effective...</small><br></div><div class="battle-history"><small>(Po lost 35% of its health!)</small><br></div><div class="spacer battle-history"><br></div><div class="battle-history">Po used <strong>Wicked Blow</strong>!<br></div><div class="battle-history"><small>It's super effective!</small><br></div><div class="battle-history"><small>A critical hit!</small><br></div><div class="battle-history"><small>(The opposing Spectrier lost 100% of its health!)</small><br></div><div class="spacer battle-history"><br></div><div class="battle-history">The opposing Spectrier fainted!<br></div><div class="spacer battle-history"><br></div><div class="battle-history"><strong>okispokisSUB</strong> won the battle!<br></div><div class="chat chatmessage-mossysandwich"><strong style="color:#ba49a2"><small>☆</small><span class="username" data-name="Mossy Sandwich">Mossy Sandwich</span>:</strong> <em>gg</em></div><div class="chat"><small> BlaueBrause and ☆Mossy Sandwich left</small></div><div class="chat chatmessage-okispokissub"><strong style="color:#909622"><small>☆</small><span class="username" data-name="okispokisSUB">okispokisSUB</span>:</strong> <em>gg</em></div></div><div class="inner-preempt message-log"></div></div></div>
</div>
<script>
let daily = Math.floor(Date.now()/1000/60/60/24);document.write('<script src="https://dragonheaven.herokuapp.com/js/replay-embed.js?version'+daily+'"></'+'script>');
</script>
