<!DOCTYPE html>
<meta charset="utf-8" />
<!-- version 1 -->
<title>[Gen 8] M4A Doubles replay: H2OPulse vs. inkbug1</title>
<style>
html,body {font-family:Verdana, sans-serif;font-size:10pt;margin:0;padding:0;}body{padding:12px 0;} .battle-log {font-family:Verdana, sans-serif;font-size:10pt;} .battle-log-inline {border:1px solid #AAAAAA;background:#EEF2F5;color:black;max-width:640px;margin:0 auto 80px;padding-bottom:5px;} .battle-log .inner {padding:4px 8px 0px 8px;} .battle-log .inner-preempt {padding:0 8px 4px 8px;} .battle-log .inner-after {margin-top:0.5em;} .battle-log h2 {margin:0.5em -8px;padding:4px 8px;border:1px solid #AAAAAA;background:#E0E7EA;border-left:0;border-right:0;font-family:Verdana, sans-serif;font-size:13pt;} .battle-log .chat {vertical-align:middle;padding:3px 0 3px 0;font-size:8pt;} .battle-log .chat strong {color:#40576A;} .battle-log .chat em {padding:1px 4px 1px 3px;color:#000000;font-style:normal;} .chat.mine {background:rgba(0,0,0,0.05);margin-left:-8px;margin-right:-8px;padding-left:8px;padding-right:8px;} .spoiler {color:#BBBBBB;background:#BBBBBB;padding:0px 3px;} .spoiler:hover, .spoiler:active, .spoiler-shown {color:#000000;background:#E2E2E2;padding:0px 3px;} .spoiler a {color:#BBBBBB;} .spoiler:hover a, .spoiler:active a, .spoiler-shown a {color:#2288CC;} .chat code, .chat .spoiler:hover code, .chat .spoiler:active code, .chat .spoiler-shown code {border:1px solid #C0C0C0;background:#EEEEEE;color:black;padding:0 2px;} .chat .spoiler code {border:1px solid #CCCCCC;background:#CCCCCC;color:#CCCCCC;} .battle-log .rated {padding:3px 4px;} .battle-log .rated strong {color:white;background:#89A;padding:1px 4px;border-radius:4px;} .spacer {margin-top:0.5em;} .message-announce {background:#6688AA;color:white;padding:1px 4px 2px;} .message-announce a, .broadcast-green a, .broadcast-blue a, .broadcast-red a {color:#DDEEFF;} .broadcast-green {background-color:#559955;color:white;padding:2px 4px;} .broadcast-blue {background-color:#6688AA;color:white;padding:2px 4px;} .infobox {border:1px solid #6688AA;padding:2px 4px;} .infobox-limited {max-height:200px;overflow:auto;overflow-x:hidden;} .broadcast-red {background-color:#AA5544;color:white;padding:2px 4px;} .message-learn-canlearn {font-weight:bold;color:#228822;text-decoration:underline;} .message-learn-cannotlearn {font-weight:bold;color:#CC2222;text-decoration:underline;} .message-effect-weak {font-weight:bold;color:#CC2222;} .message-effect-resist {font-weight:bold;color:#6688AA;} .message-effect-immune {font-weight:bold;color:#666666;} .message-learn-list {margin-top:0;margin-bottom:0;} .message-throttle-notice, .message-error {color:#992222;} .message-overflow, .chat small.message-overflow {font-size:0pt;} .message-overflow::before {font-size:9pt;content:'...';} .subtle {color:#3A4A66;}
</style>
<div class="wrapper replay-wrapper" style="max-width:1180px;margin:0 auto">
<input type="hidden" name="replayid" value="dragonheaven-gen8m4adoubles-5082" />
<div class="battle"></div><div class="battle-log"></div><div class="replay-controls"></div><div class="replay-controls-2"></div>
<h1 style="font-weight:normal;text-align:center"><strong>[Gen 8] M4A Doubles</strong><br /><a href="http://pokemonshowdown.com/users/h2opulse" class="subtle" target="_blank">H2OPulse</a> vs. <a href="http://pokemonshowdown.com/users/inkbug1" class="subtle" target="_blank">inkbug1</a></h1>
<script type="text/plain" class="battle-log-data">|j|‽H2OPulse
|j|‽inkbug1
|player|p1|H2OPulse|aetherfoundation|
|player|p2|inkbug1|burgh|
|teamsize|p1|6
|teamsize|p2|6
|gametype|doubles
|gen|8
|tier|[Gen 8] M4A Doubles
|clearpoke
|poke|p1|Salamence, F|
|poke|p1|Chandelure, M|
|poke|p1|Incineroar, M|
|poke|p1|Torkoal, M|
|poke|p1|Rillaboom, F|
|poke|p1|Metagross|
|poke|p2|Lycanroc, F|
|poke|p2|Tsareena, F|
|poke|p2|Rhyperior, F|
|poke|p2|Audino, F|
|poke|p2|Vivillon-Sun, M|
|poke|p2|Blastoise, F|
|rule|HP Percentage Mod: HP is shown in percentages
|rule|Endless Battle Clause: Forcing endless battles is banned
|rule|OHKO Clause: OHKO moves are banned
|rule|Evasion Moves Clause: Evasion moves are banned
|rule|Species Clause: Limit one of each Pokémon
|rule|Dynamax Clause: You cannot dynamax
|rule|Sleep Clause Mod: Limit one foe put to sleep
|teampreview
|
|start
|switch|p1a: Salamence|Salamence, F|100\/100
|switch|p1b: Incineroar|Incineroar, M|100\/100
|switch|p2a: Vivillon|Vivillon-Sun, M|100\/100
|switch|p2b: Blastoise|Blastoise, F|100\/100
|-ability|p1a: Salamence|Intimidate|boost
|-unboost|p2a: Vivillon|atk|1
|-unboost|p2b: Blastoise|atk|1
|-ability|p1b: Incineroar|Intimidate|boost
|-unboost|p2a: Vivillon|atk|1
|-unboost|p2b: Blastoise|atk|1
|turn|1
|
|move|p2b: Blastoise|Follow Me|p2b: Blastoise
|-singleturn|p2b: Blastoise|move: Follow Me
|move|p2a: Vivillon|Electroweb|p1a: Salamence|[spread] p1a,p1b
|-damage|p1a: Salamence|91\/100
|-damage|p1b: Incineroar|89\/100
|-unboost|p1a: Salamence|spe|1
|-enditem|p1a: Salamence|Eject Pack
|-unboost|p1b: Incineroar|spe|1
|
|switch|p1a: Torkoal|Torkoal, M|100\/100
|-weather|SunnyDay|[from] ability: Drought|[of] p1a: Torkoal
|move|p1b: Incineroar|Knock Off|p2b: Blastoise
|-damage|p2b: Blastoise|83\/100
|-enditem|p2b: Blastoise|Damp Rock|[from] move: Knock Off|[of] p1b: Incineroar
|
|-weather|SunnyDay|[upkeep]
|upkeep
|turn|2
|
|move|p2a: Vivillon|Quiver Dance|p2a: Vivillon
|-boost|p2a: Vivillon|spa|1
|-boost|p2a: Vivillon|spd|1
|-boost|p2a: Vivillon|spe|1
|move|p2b: Blastoise|Rain Dance|p2b: Blastoise
|-weather|RainDance
|move|p1b: Incineroar|Flare Blitz|p2a: Vivillon
|-supereffective|p2a: Vivillon
|-damage|p2a: Vivillon|24\/100
|-damage|p1b: Incineroar|70\/100|[from] Recoil
|move|p1a: Torkoal|Burning Jealousy|p2b: Blastoise|[spread] p2a,p2b
|-supereffective|p2a: Vivillon
|-resisted|p2b: Blastoise
|-damage|p2a: Vivillon|5\/100
|-damage|p2b: Blastoise|80\/100
|-status|p2a: Vivillon|brn
|
|-weather|RainDance|[upkeep]
|-damage|p2a: Vivillon|0 fnt|[from] brn
|faint|p2a: Vivillon
|upkeep
|
|switch|p2a: Rhyperior|Rhyperior, F|100\/100
|turn|3
|
|switch|p1b: Rillaboom|Rillaboom, F|100\/100
|-fieldstart|move: Grassy Terrain|[from] ability: Grassy Surge|[of] p1b: Rillaboom
|switch|p1a: Salamence|Salamence, F|91\/100
|-ability|p1a: Salamence|Intimidate|boost
|-unboost|p2a: Rhyperior|atk|1
|-unboost|p2b: Blastoise|atk|1
|move|p2b: Blastoise|Icy Wind|p1b: Rillaboom|[spread] p1a
|-miss|p2b: Blastoise|p1b: Rillaboom
|-supereffective|p1a: Salamence
|-damage|p1a: Salamence|68\/100
|-unboost|p1a: Salamence|spe|1
|move|p2a: Rhyperior|Rock Slide|p1a: Salamence|[spread] p1a,p1b
|-supereffective|p1a: Salamence
|-damage|p1a: Salamence|22\/100
|-damage|p1b: Rillaboom|79\/100
|
|-weather|RainDance|[upkeep]
|-heal|p1b: Rillaboom|85\/100|[from] Grassy Terrain
|-heal|p2b: Blastoise|86\/100|[from] Grassy Terrain
|upkeep
|turn|4
|
|switch|p2b: Tsareena|Tsareena, F|100\/100
|switch|p1a: Torkoal|Torkoal, M|100\/100
|-weather|SunnyDay|[from] ability: Drought|[of] p1a: Torkoal
|move|p1b: Rillaboom|Grassy Glide||[still]
|cant|p2b: Tsareena|ability: Queenly Majesty|Grassy Glide|[of] p1b: Rillaboom
|move|p2a: Rhyperior|Ice Punch|p1a: Torkoal
|-resisted|p1a: Torkoal
|-damage|p1a: Torkoal|94\/100
|
|-weather|SunnyDay|[upkeep]
|-heal|p1b: Rillaboom|91\/100|[from] Grassy Terrain
|-heal|p1a: Torkoal|99\/100|[from] Grassy Terrain
|upkeep
|turn|5
|
|move|p1b: Rillaboom|U-turn|p2b: Tsareena
|-supereffective|p2b: Tsareena
|-damage|p2b: Tsareena|55\/100
|
|switch|p1b: Salamence|Salamence, F|22\/100|[from]move: U-turn
|-ability|p1b: Salamence|Intimidate|boost
|-unboost|p2a: Rhyperior|atk|1
|-unboost|p2b: Tsareena|atk|1
|-zpower|p2b: Tsareena
|move|p2b: Tsareena|Supersonic Skystrike|p1b: Salamence|[zeffect]
|-damage|p1b: Salamence|0 fnt
|faint|p1b: Salamence
|move|p2a: Rhyperior|Rock Slide|p1a: Torkoal
|-supereffective|p1a: Torkoal
|-damage|p1a: Torkoal|68\/100
|move|p1a: Torkoal|Burning Jealousy|p2a: Rhyperior|[spread] p2a,p2b
|-resisted|p2a: Rhyperior
|-supereffective|p2b: Tsareena
|-damage|p2a: Rhyperior|90\/100
|-damage|p2b: Tsareena|5\/100
|
|-weather|SunnyDay|[upkeep]
|-heal|p2b: Tsareena|11\/100|[from] Grassy Terrain
|-heal|p2a: Rhyperior|96\/100|[from] Grassy Terrain
|-heal|p1a: Torkoal|74\/100|[from] Grassy Terrain
|upkeep
|
|switch|p1b: Chandelure|Chandelure, M|100\/100
|turn|6
|
|switch|p2b: Blastoise|Blastoise, F|86\/100
|switch|p2a: Audino|Audino, F|100\/100
|switch|p1a: Incineroar|Incineroar, M|70\/100
|-ability|p1a: Incineroar|Intimidate|boost
|-unboost|p2a: Audino|atk|1
|-unboost|p2b: Blastoise|atk|1
|detailschange|p1b: Chandelure|Chandelure-Mega, M
|-mega|p1b: Chandelure|Chandelure|Chandelite
|move|p1b: Chandelure|Mind Blown|p2a: Audino|[spread] p1a,p2a,p2b
|-resisted|p1a: Incineroar
|-resisted|p2b: Blastoise
|-damage|p1a: Incineroar|15\/100
|-damage|p2a: Audino|13\/100
|-damage|p2b: Blastoise|36\/100
|-damage|p1b: Chandelure|50\/100|[from] mindblown
|-enditem|p1a: Incineroar|Figy Berry|[eat]
|-heal|p1a: Incineroar|48\/100|[from] item: Figy Berry
|-start|p1a: Incineroar|confusion
|
|-weather|SunnyDay|[upkeep]
|-heal|p1b: Chandelure|57\/100|[from] Grassy Terrain
|-heal|p2b: Blastoise|42\/100|[from] Grassy Terrain
|-heal|p1a: Incineroar|54\/100|[from] Grassy Terrain
|-heal|p2a: Audino|20\/100|[from] Grassy Terrain
|upkeep
|turn|7
|
|-activate|p1a: Incineroar|confusion
|move|p1a: Incineroar|Fake Out|p2b: Blastoise
|-damage|p2b: Blastoise|35\/100
|move|p1b: Chandelure|Heat Wave|p2a: Audino|[spread] p2a,p2b
|-resisted|p2b: Blastoise
|-damage|p2a: Audino|0 fnt
|-damage|p2b: Blastoise|0 fnt
|faint|p2a: Audino
|faint|p2b: Blastoise
|
|-weather|SunnyDay|[upkeep]
|-heal|p1b: Chandelure|63\/100|[from] Grassy Terrain
|-heal|p1a: Incineroar|60\/100|[from] Grassy Terrain
|-fieldend|move: Grassy Terrain
|upkeep
|
|switch|p2b: Rhyperior|Rhyperior, F|96\/100
|switch|p2a: Lycanroc|Lycanroc, F|100\/100
|turn|8
|
|detailschange|p2a: Lycanroc|Lycanroc-Mega, F
|-mega|p2a: Lycanroc|Lycanroc|Midday Lycanite
|-ability|p2a: Lycanroc|Grounded
|move|p1b: Chandelure|Protect|p1b: Chandelure
|-singleturn|p1b: Chandelure|Protect
|move|p2a: Lycanroc|Accelerock|p1b: Chandelure
|-activate|p1b: Chandelure|move: Protect
|-end|p1a: Incineroar|confusion
|move|p1a: Incineroar|Parting Shot|p2a: Lycanroc
|-unboost|p2a: Lycanroc|atk|1
|-unboost|p2a: Lycanroc|spa|1
|
|switch|p1a: Metagross|Metagross, shiny|100\/100|[from]move: Parting Shot
|move|p2b: Rhyperior|Rock Slide|p1b: Chandelure|[spread] p1a
|-activate|p1b: Chandelure|move: Protect
|-resisted|p1a: Metagross
|-damage|p1a: Metagross|88\/100
|
|-weather|SunnyDay|[upkeep]
|upkeep
|turn|9
|
|switch|p2a: Tsareena|Tsareena, F|11\/100
|move|p1b: Chandelure|Heat Wave|p2b: Rhyperior|[spread] p2a,p2b
|-supereffective|p2a: Tsareena
|-resisted|p2b: Rhyperior
|-damage|p2a: Tsareena|0 fnt
|-damage|p2b: Rhyperior|63\/100
|faint|p2a: Tsareena
|move|p1a: Metagross|Meteor Mash|p2b: Rhyperior
|-supereffective|p2b: Rhyperior
|-damage|p2b: Rhyperior|0 fnt
|faint|p2b: Rhyperior
|
|-weather|SunnyDay|[upkeep]
|upkeep
|
|switch|p2b: Lycanroc|Lycanroc-Mega, F|100\/100
|-ability|p2b: Lycanroc|Grounded
|turn|10
|
|move|p1b: Chandelure|Protect|p1b: Chandelure
|-singleturn|p1b: Chandelure|Protect
|move|p1a: Metagross|Bullet Punch|p2b: Lycanroc
|-supereffective|p2b: Lycanroc
|-damage|p2b: Lycanroc|52\/100
|move|p2b: Lycanroc|Drill Run|p1a: Metagross
|-supereffective|p1a: Metagross
|-damage|p1a: Metagross|47\/100
|
|-weather|SunnyDay|[upkeep]
|upkeep
|turn|11
|
|move|p2b: Lycanroc|Accelerock|p1b: Chandelure
|-supereffective|p1b: Chandelure
|-damage|p1b: Chandelure|23\/100
|move|p1a: Metagross|Bullet Punch|p2b: Lycanroc
|-supereffective|p2b: Lycanroc
|-damage|p2b: Lycanroc|6\/100
|move|p1b: Chandelure|Heat Wave|p2b: Lycanroc
|-resisted|p2b: Lycanroc
|-damage|p2b: Lycanroc|0 fnt
|faint|p2b: Lycanroc
|
|win|H2OPulse
</script>
</div>
<div class="battle-log battle-log-inline"><div class="inner"><div class="battle-options"><div style="padding-top: 3px; padding-right: 3px; text-align: right"><button class="icon button" name="openBattleOptions" title="Options">Battle Options</button></div></div><div class="inner message-log"><div class="chat"><small>‽H2OPulse and ‽inkbug1 joined</small></div><div class=""><small>Format:</small> <br><strong>[Gen 8] M4A Doubles</strong></div><div class=""><small><em>HP Percentage Mod:</em> HP is shown in percentages</small></div><div class=""><small><em>Endless Battle Clause:</em> Forcing endless battles is banned</small></div><div class=""><small><em>OHKO Clause:</em> OHKO moves are banned</small></div><div class=""><small><em>Evasion Moves Clause:</em> Evasion moves are banned</small></div><div class=""><small><em>Species Clause:</em> Limit one of each Pokémon</small></div><div class=""><small><em>Dynamax Clause:</em> You cannot dynamax</small></div><div class=""><small><em>Sleep Clause Mod:</em> Limit one foe put to sleep</small></div><div class="chat battle-history"><strong>H2OPulse's team:</strong> <em style="color:#445566;display:block;">Salamence / Chandelure / Incineroar / Torkoal / Rillaboom / Metagross</em></div><div class="chat battle-history"><strong>inkbug1's team:</strong> <em style="color:#445566;display:block;">Lycanroc / Tsareena / Rhyperior / Audino / Vivillon-Sun / Blastoise</em></div><div class="spacer battle-history"><br></div><div class="battle-history">Battle started between H2OPulse and inkbug1!<br></div><div class="spacer battle-history"><br></div><div class="battle-history">Go! <strong>Salamence</strong>!<br></div><div class="spacer battle-history"><br></div><div class="battle-history">Go! <strong>Incineroar</strong>!<br></div><div class="spacer battle-history"><br></div><div class="battle-history">inkbug1 sent out Vivillon (<strong>Vivillon-Sun</strong>)!<br></div><div class="spacer battle-history"><br></div><div class="battle-history">inkbug1 sent out <strong>Blastoise</strong>!<br></div><div class="battle-history">[Salamence's Intimidate]<br></div><div class="battle-history"><small>The opposing Vivillon's Attack fell!</small><br></div><div class="battle-history"><small>The opposing Blastoise's Attack fell!</small><br></div><div class="battle-history">[Incineroar's Intimidate]<br></div><div class="battle-history"><small>The opposing Vivillon's Attack fell!</small><br></div><div class="battle-history"><small>The opposing Blastoise's Attack fell!</small><br></div><div class="spacer battle-history"><br></div><h2 class="battle-history">Turn 1</h2><div class="spacer battle-history"><br></div><div class="battle-history">The opposing Blastoise used <strong>Follow Me</strong>!<br></div><div class="battle-history"><small>The opposing Blastoise became the center of attention!</small><br></div><div class="spacer battle-history"><br></div><div class="battle-history">The opposing Vivillon used <strong>Electroweb</strong>!<br></div><div class="battle-history"><small>(Salamence lost 9% of its health!)</small><br></div><div class="battle-history"><small>(Incineroar lost 11% of its health!)</small><br></div><div class="battle-history"><small>Salamence's Speed fell!</small><br></div><div class="battle-history"><small>(Salamence used its Eject Pack!)</small><br></div><div class="battle-history"><small>Incineroar's Speed fell!</small><br></div><div class="spacer battle-history"><br></div><div class="battle-history">Salamence, come back!<br></div><div class="battle-history">Go! <strong>Torkoal</strong>!<br></div><div class="battle-history">[Torkoal's Drought]<br><small>The sunlight turned harsh!</small><br></div><div class="spacer battle-history"><br></div><div class="battle-history">Incineroar used <strong>Knock Off</strong>!<br></div><div class="battle-history"><small>(The opposing Blastoise lost 17% of its health!)</small><br></div><div class="battle-history"><small>Incineroar knocked off the opposing Blastoise's Damp Rock!</small><br></div><div class="spacer battle-history"><br></div><div class="battle-history"><small>(The sunlight is strong.)</small><br></div><div class="spacer battle-history"><br></div><h2 class="battle-history">Turn 2</h2><div class="spacer battle-history"><br></div><div class="battle-history">The opposing Vivillon used <strong>Quiver Dance</strong>!<br></div><div class="battle-history"><small>The opposing Vivillon's Sp. Atk rose!</small><br></div><div class="battle-history"><small>The opposing Vivillon's Sp. Def rose!</small><br></div><div class="battle-history"><small>The opposing Vivillon's Speed rose!</small><br></div><div class="spacer battle-history"><br></div><div class="battle-history">The opposing Blastoise used <strong>Rain Dance</strong>!<br></div><div class="battle-history"><small>It started to rain!</small><br></div><div class="spacer battle-history"><br></div><div class="battle-history">Incineroar used <strong>Flare Blitz</strong>!<br></div><div class="battle-history"><small>It's super effective!</small><br></div><div class="battle-history"><small>(The opposing Vivillon lost 76% of its health!)</small><br></div><div class="battle-history"><small>Incineroar was damaged by the recoil!</small><br></div><div class="spacer battle-history"><br></div><div class="battle-history">Torkoal used <strong>Burning Jealousy</strong>!<br></div><div class="battle-history"><small>It's super effective on the opposing Vivillon!</small><br></div><div class="battle-history"><small>It's not very effective on the opposing Blastoise.</small><br></div><div class="battle-history"><small>(The opposing Vivillon lost 19% of its health!)</small><br></div><div class="battle-history"><small>(The opposing Blastoise lost 3% of its health!)</small><br></div><div class="battle-history"><small>The opposing Vivillon was burned!</small><br></div><div class="spacer battle-history"><br></div><div class="battle-history"><small>(Rain continues to fall.)</small><br></div><div class="battle-history"><small>The opposing Vivillon was hurt by its burn!</small><br></div><div class="spacer battle-history"><br></div><div class="battle-history">The opposing Vivillon fainted!<br></div><div class="spacer battle-history"><br></div><div class="battle-history">inkbug1 sent out <strong>Rhyperior</strong>!<br></div><div class="spacer battle-history"><br></div><h2 class="battle-history">Turn 3</h2><div class="spacer battle-history"><br></div><div class="battle-history">Incineroar, come back!<br></div><div class="battle-history">Go! <strong>Rillaboom</strong>!<br></div><div class="battle-history">[Rillaboom's Grassy Surge]<br><small>Grass grew to cover the battlefield!</small><br></div><div class="spacer battle-history"><br></div><div class="battle-history">Torkoal, come back!<br></div><div class="battle-history">Go! <strong>Salamence</strong>!<br></div><div class="battle-history">[Salamence's Intimidate]<br></div><div class="battle-history"><small>The opposing Rhyperior's Attack fell!</small><br></div><div class="battle-history"><small>The opposing Blastoise's Attack fell!</small><br></div><div class="spacer battle-history"><br></div><div class="battle-history">The opposing Blastoise used <strong>Icy Wind</strong>!<br></div><div class="battle-history"><small>Rillaboom avoided the attack!</small><br></div><div class="battle-history"><small>It's super effective on Salamence!</small><br></div><div class="battle-history"><small>(Salamence lost 23% of its health!)</small><br></div><div class="battle-history"><small>Salamence's Speed fell!</small><br></div><div class="spacer battle-history"><br></div><div class="battle-history">The opposing Rhyperior used <strong>Rock Slide</strong>!<br></div><div class="battle-history"><small>It's super effective on Salamence!</small><br></div><div class="battle-history"><small>(Salamence lost 46% of its health!)</small><br></div><div class="battle-history"><small>(Rillaboom lost 21% of its health!)</small><br></div><div class="spacer battle-history"><br></div><div class="battle-history"><small>(Rain continues to fall.)</small><br></div><div class="battle-history"><small>Rillaboom's HP was restored.</small><br></div><div class="battle-history"><small>The opposing Blastoise's HP was restored.</small><br></div><div class="spacer battle-history"><br></div><h2 class="battle-history">Turn 4</h2><div class="spacer battle-history"><br></div><div class="battle-history">inkbug1 withdrew Blastoise!<br></div><div class="battle-history">inkbug1 sent out <strong>Tsareena</strong>!<br></div><div class="spacer battle-history"><br></div><div class="battle-history">Salamence, come back!<br></div><div class="battle-history">Go! <strong>Torkoal</strong>!<br></div><div class="battle-history">[Torkoal's Drought]<br><small>The sunlight turned harsh!</small><br></div><div class="spacer battle-history"><br></div><div class="battle-history">Rillaboom used <strong>Grassy Glide</strong>!<br></div><div class="battle-history">[The opposing Tsareena's Queenly Majesty]<br><small>Rillaboom cannot use Grassy Glide!</small><br></div><div class="spacer battle-history"><br></div><div class="battle-history">The opposing Rhyperior used <strong>Ice Punch</strong>!<br></div><div class="battle-history"><small>It's not very effective...</small><br></div><div class="battle-history"><small>(Torkoal lost 6% of its health!)</small><br></div><div class="spacer battle-history"><br></div><div class="battle-history"><small>(The sunlight is strong.)</small><br></div><div class="battle-history"><small>Rillaboom's HP was restored.</small><br></div><div class="battle-history"><small>Torkoal's HP was restored.</small><br></div><div class="spacer battle-history"><br></div><h2 class="battle-history">Turn 5</h2><div class="spacer battle-history"><br></div><div class="battle-history">Rillaboom used <strong>U-turn</strong>!<br></div><div class="battle-history"><small>It's super effective!</small><br></div><div class="battle-history"><small>(The opposing Tsareena lost 45% of its health!)</small><br></div><div class="spacer battle-history"><br></div><div class="battle-history">Rillaboom went back to H2OPulse!<br></div><div class="battle-history">Go! <strong>Salamence</strong>!<br></div><div class="battle-history">[Salamence's Intimidate]<br></div><div class="battle-history"><small>The opposing Rhyperior's Attack fell!</small><br></div><div class="battle-history"><small>The opposing Tsareena's Attack fell!</small><br></div><div class="battle-history"><small>The opposing Tsareena surrounded itself with its Z-Power!</small><br></div><div class="spacer battle-history"><br></div><div class="battle-history"><small>The opposing Tsareena unleashes its full-force Z-Move!</small><br>The opposing Tsareena used <strong>Supersonic Skystrike</strong>!<br></div><div class="battle-history"><small>(Salamence lost 22% of its health!)</small><br></div><div class="spacer battle-history"><br></div><div class="battle-history">Salamence fainted!<br></div><div class="battle-history">The opposing Rhyperior used <strong>Rock Slide</strong>!<br></div><div class="battle-history"><small>It's super effective!</small><br></div><div class="battle-history"><small>(Torkoal lost 31% of its health!)</small><br></div><div class="spacer battle-history"><br></div><div class="battle-history">Torkoal used <strong>Burning Jealousy</strong>!<br></div><div class="battle-history"><small>It's not very effective on the opposing Rhyperior.</small><br></div><div class="battle-history"><small>It's super effective on the opposing Tsareena!</small><br></div><div class="battle-history"><small>(The opposing Rhyperior lost 10% of its health!)</small><br></div><div class="battle-history"><small>(The opposing Tsareena lost 50% of its health!)</small><br></div><div class="spacer battle-history"><br></div><div class="battle-history"><small>(The sunlight is strong.)</small><br></div><div class="battle-history"><small>The opposing Tsareena's HP was restored.</small><br></div><div class="battle-history"><small>The opposing Rhyperior's HP was restored.</small><br></div><div class="battle-history"><small>Torkoal's HP was restored.</small><br></div><div class="spacer battle-history"><br></div><div class="battle-history">Go! <strong>Chandelure</strong>!<br></div><div class="spacer battle-history"><br></div><h2 class="battle-history">Turn 6</h2><div class="spacer battle-history"><br></div><div class="battle-history">inkbug1 withdrew Tsareena!<br></div><div class="battle-history">inkbug1 sent out <strong>Blastoise</strong>!<br></div><div class="spacer battle-history"><br></div><div class="battle-history">inkbug1 withdrew Rhyperior!<br></div><div class="battle-history">inkbug1 sent out <strong>Audino</strong>!<br></div><div class="spacer battle-history"><br></div><div class="battle-history">Torkoal, come back!<br></div><div class="battle-history">Go! <strong>Incineroar</strong>!<br></div><div class="battle-history">[Incineroar's Intimidate]<br></div><div class="battle-history"><small>The opposing Audino's Attack fell!</small><br></div><div class="battle-history"><small>The opposing Blastoise's Attack fell!</small><br></div><div class="spacer battle-history"><br></div><div class="battle-history"><small>Chandelure's Chandelite is reacting to the Key Stone!</small><br>Chandelure has Mega Evolved into Mega Chandelure!<br></div><div class="spacer battle-history"><br></div><div class="battle-history">Chandelure used <strong>Mind Blown</strong>!<br></div><div class="battle-history"><small>It's not very effective on Incineroar.</small><br></div><div class="battle-history"><small>It's not very effective on the opposing Blastoise.</small><br></div><div class="battle-history"><small>(Incineroar lost 55% of its health!)</small><br></div><div class="battle-history"><small>(The opposing Audino lost 87% of its health!)</small><br></div><div class="battle-history"><small>(The opposing Blastoise lost 50% of its health!)</small><br></div><div class="battle-history"><small>(Chandelure cut its own HP to power up its move!)</small><br></div><div class="battle-history"><small>(Incineroar ate its Figy Berry!)</small><br></div><div class="battle-history"><small>Incineroar restored HP using its Figy Berry!</small><br></div><div class="battle-history"><small>Incineroar became confused!</small><br></div><div class="spacer battle-history"><br></div><div class="battle-history"><small>(The sunlight is strong.)</small><br></div><div class="battle-history"><small>Chandelure's HP was restored.</small><br></div><div class="battle-history"><small>The opposing Blastoise's HP was restored.</small><br></div><div class="battle-history"><small>Incineroar's HP was restored.</small><br></div><div class="battle-history"><small>The opposing Audino's HP was restored.</small><br></div><div class="spacer battle-history"><br></div><h2 class="battle-history">Turn 7</h2><div class="spacer battle-history"><br></div><div class="battle-history"><small>Incineroar is confused!</small><br></div><div class="battle-history">Incineroar used <strong>Fake Out</strong>!<br></div><div class="battle-history"><small>(The opposing Blastoise lost 7% of its health!)</small><br></div><div class="spacer battle-history"><br></div><div class="battle-history">Chandelure used <strong>Heat Wave</strong>!<br></div><div class="battle-history"><small>It's not very effective on the opposing Blastoise.</small><br></div><div class="battle-history"><small>(The opposing Audino lost 20% of its health!)</small><br></div><div class="battle-history"><small>(The opposing Blastoise lost 35% of its health!)</small><br></div><div class="spacer battle-history"><br></div><div class="battle-history">The opposing Audino fainted!<br></div><div class="battle-history">The opposing Blastoise fainted!<br></div><div class="spacer battle-history"><br></div><div class="battle-history"><small>(The sunlight is strong.)</small><br></div><div class="battle-history"><small>Chandelure's HP was restored.</small><br></div><div class="battle-history"><small>Incineroar's HP was restored.</small><br></div><div class="battle-history"><small>The grass disappeared from the battlefield.</small><br></div><div class="spacer battle-history"><br></div><div class="battle-history">inkbug1 sent out <strong>Rhyperior</strong>!<br></div><div class="spacer battle-history"><br></div><div class="battle-history">inkbug1 sent out <strong>Lycanroc</strong>!<br></div><div class="spacer battle-history"><br></div><h2 class="battle-history">Turn 8</h2><div class="spacer battle-history"><br></div><div class="battle-history"><small>The opposing Lycanroc's Midday Lycanite is reacting to the Key Stone!</small><br>The opposing Lycanroc has Mega Evolved into Mega Lycanroc!<br></div><div class="battle-history">[The opposing Lycanroc's Grounded]<br></div><div class="spacer battle-history"><br></div><div class="battle-history">Chandelure used <strong>Protect</strong>!<br></div><div class="battle-history"><small>Chandelure protected itself!</small><br></div><div class="spacer battle-history"><br></div><div class="battle-history">The opposing Lycanroc used <strong>Accelerock</strong>!<br></div><div class="battle-history"><small>Chandelure protected itself!</small><br></div><div class="battle-history"><small>Incineroar snapped out of its confusion!</small><br></div><div class="spacer battle-history"><br></div><div class="battle-history">Incineroar used <strong>Parting Shot</strong>!<br></div><div class="battle-history"><small>The opposing Lycanroc's Attack fell!</small><br></div><div class="battle-history"><small>The opposing Lycanroc's Sp. Atk fell!</small><br></div><div class="spacer battle-history"><br></div><div class="battle-history">Incineroar, come back!<br></div><div class="battle-history">Go! <strong>Metagross</strong>!<br></div><div class="spacer battle-history"><br></div><div class="battle-history">The opposing Rhyperior used <strong>Rock Slide</strong>!<br></div><div class="battle-history"><small>Chandelure protected itself!</small><br></div><div class="battle-history"><small>It's not very effective on Metagross.</small><br></div><div class="battle-history"><small>(Metagross lost 12% of its health!)</small><br></div><div class="spacer battle-history"><br></div><div class="battle-history"><small>(The sunlight is strong.)</small><br></div><div class="spacer battle-history"><br></div><h2 class="battle-history">Turn 9</h2><div class="spacer battle-history"><br></div><div class="battle-history">inkbug1 withdrew Lycanroc!<br></div><div class="battle-history">inkbug1 sent out <strong>Tsareena</strong>!<br></div><div class="spacer battle-history"><br></div><div class="battle-history">Chandelure used <strong>Heat Wave</strong>!<br></div><div class="battle-history"><small>It's super effective on the opposing Tsareena!</small><br></div><div class="battle-history"><small>It's not very effective on the opposing Rhyperior.</small><br></div><div class="battle-history"><small>(The opposing Tsareena lost 11% of its health!)</small><br></div><div class="battle-history"><small>(The opposing Rhyperior lost 33% of its health!)</small><br></div><div class="spacer battle-history"><br></div><div class="battle-history">The opposing Tsareena fainted!<br></div><div class="battle-history">Metagross used <strong>Meteor Mash</strong>!<br></div><div class="battle-history"><small>It's super effective!</small><br></div><div class="battle-history"><small>(The opposing Rhyperior lost 63% of its health!)</small><br></div><div class="spacer battle-history"><br></div><div class="battle-history">The opposing Rhyperior fainted!<br></div><div class="spacer battle-history"><br></div><div class="battle-history"><small>(The sunlight is strong.)</small><br></div><div class="spacer battle-history"><br></div><div class="battle-history">inkbug1 sent out Lycanroc (<strong>Lycanroc-Mega</strong>)!<br></div><div class="battle-history">[The opposing Lycanroc's Grounded]<br></div><div class="spacer battle-history"><br></div><h2 class="battle-history">Turn 10</h2><div class="spacer battle-history"><br></div><div class="battle-history">Chandelure used <strong>Protect</strong>!<br></div><div class="battle-history"><small>Chandelure protected itself!</small><br></div><div class="spacer battle-history"><br></div><div class="battle-history">Metagross used <strong>Bullet Punch</strong>!<br></div><div class="battle-history"><small>It's super effective!</small><br></div><div class="battle-history"><small>(The opposing Lycanroc lost 48% of its health!)</small><br></div><div class="spacer battle-history"><br></div><div class="battle-history">The opposing Lycanroc used <strong>Drill Run</strong>!<br></div><div class="battle-history"><small>It's super effective!</small><br></div><div class="battle-history"><small>(Metagross lost 41% of its health!)</small><br></div><div class="spacer battle-history"><br></div><div class="battle-history"><small>(The sunlight is strong.)</small><br></div><div class="spacer battle-history"><br></div><h2 class="battle-history">Turn 11</h2><div class="spacer battle-history"><br></div><div class="battle-history">The opposing Lycanroc used <strong>Accelerock</strong>!<br></div><div class="battle-history"><small>It's super effective!</small><br></div><div class="battle-history"><small>(Chandelure lost 40% of its health!)</small><br></div><div class="spacer battle-history"><br></div><div class="battle-history">Metagross used <strong>Bullet Punch</strong>!<br></div><div class="battle-history"><small>It's super effective!</small><br></div><div class="battle-history"><small>(The opposing Lycanroc lost 46% of its health!)</small><br></div><div class="spacer battle-history"><br></div><div class="battle-history">Chandelure used <strong>Heat Wave</strong>!<br></div><div class="battle-history"><small>It's not very effective...</small><br></div><div class="battle-history"><small>(The opposing Lycanroc lost 6% of its health!)</small><br></div><div class="spacer battle-history"><br></div><div class="battle-history">The opposing Lycanroc fainted!<br></div><div class="spacer battle-history"><br></div><div class="battle-history"><strong>H2OPulse</strong> won the battle!<br></div></div><div class="inner-preempt message-log"></div></div></div>
</div>
<script>
let daily = Math.floor(Date.now()/1000/60/60/24);document.write('<script src="https://play.pokemonshowdown.com/js/replay-embed.js?version'+daily+'"></'+'script>');
</script>
