<!DOCTYPE html>
<meta charset="utf-8" />
<!-- version 1 -->
<title>[Gen 8] M4A Suspect replay: mundo bita vs. BlazingHero657</title>
<style>
html,body {font-family:Verdana, sans-serif;font-size:10pt;margin:0;padding:0;}body{padding:12px 0;} .battle-log {font-family:Verdana, sans-serif;font-size:10pt;} .battle-log-inline {border:1px solid #AAAAAA;background:#EEF2F5;color:black;max-width:640px;margin:0 auto 80px;padding-bottom:5px;} .battle-log .inner {padding:4px 8px 0px 8px;} .battle-log .inner-preempt {padding:0 8px 4px 8px;} .battle-log .inner-after {margin-top:0.5em;} .battle-log h2 {margin:0.5em -8px;padding:4px 8px;border:1px solid #AAAAAA;background:#E0E7EA;border-left:0;border-right:0;font-family:Verdana, sans-serif;font-size:13pt;} .battle-log .chat {vertical-align:middle;padding:3px 0 3px 0;font-size:8pt;} .battle-log .chat strong {color:#40576A;} .battle-log .chat em {padding:1px 4px 1px 3px;color:#000000;font-style:normal;} .chat.mine {background:rgba(0,0,0,0.05);margin-left:-8px;margin-right:-8px;padding-left:8px;padding-right:8px;} .spoiler {color:#BBBBBB;background:#BBBBBB;padding:0px 3px;} .spoiler:hover, .spoiler:active, .spoiler-shown {color:#000000;background:#E2E2E2;padding:0px 3px;} .spoiler a {color:#BBBBBB;} .spoiler:hover a, .spoiler:active a, .spoiler-shown a {color:#2288CC;} .chat code, .chat .spoiler:hover code, .chat .spoiler:active code, .chat .spoiler-shown code {border:1px solid #C0C0C0;background:#EEEEEE;color:black;padding:0 2px;} .chat .spoiler code {border:1px solid #CCCCCC;background:#CCCCCC;color:#CCCCCC;} .battle-log .rated {padding:3px 4px;} .battle-log .rated strong {color:white;background:#89A;padding:1px 4px;border-radius:4px;} .spacer {margin-top:0.5em;} .message-announce {background:#6688AA;color:white;padding:1px 4px 2px;} .message-announce a, .broadcast-green a, .broadcast-blue a, .broadcast-red a {color:#DDEEFF;} .broadcast-green {background-color:#559955;color:white;padding:2px 4px;} .broadcast-blue {background-color:#6688AA;color:white;padding:2px 4px;} .infobox {border:1px solid #6688AA;padding:2px 4px;} .infobox-limited {max-height:200px;overflow:auto;overflow-x:hidden;} .broadcast-red {background-color:#AA5544;color:white;padding:2px 4px;} .message-learn-canlearn {font-weight:bold;color:#228822;text-decoration:underline;} .message-learn-cannotlearn {font-weight:bold;color:#CC2222;text-decoration:underline;} .message-effect-weak {font-weight:bold;color:#CC2222;} .message-effect-resist {font-weight:bold;color:#6688AA;} .message-effect-immune {font-weight:bold;color:#666666;} .message-learn-list {margin-top:0;margin-bottom:0;} .message-throttle-notice, .message-error {color:#992222;} .message-overflow, .chat small.message-overflow {font-size:0pt;} .message-overflow::before {font-size:9pt;content:'...';} .subtle {color:#3A4A66;}
</style>
<div class="wrapper replay-wrapper" style="max-width:1180px;margin:0 auto">
<input type="hidden" name="replayid" value="dragonheaven-gen8m4asuspect-298" />
<div class="battle"></div><div class="battle-log"></div><div class="replay-controls"></div><div class="replay-controls-2"></div>
<h1 style="font-weight:normal;text-align:center"><strong>[Gen 8] M4A Suspect</strong><br /><a href="http://pokemonshowdown.com/users/mundobita" class="subtle" target="_blank">mundo bita</a> vs. <a href="http://pokemonshowdown.com/users/blazinghero657" class="subtle" target="_blank">BlazingHero657</a></h1>
<script type="text/plain" class="battle-log-data">|j|☆mundo bita
|j|☆BlazingHero657
|t:|1624998721
|player|p1|mundo bita|gardenia|
|player|p2|BlazingHero657|birdkeeper-gen4dp|
|teamsize|p1|6
|teamsize|p2|6
|gametype|singles
|gen|8
|tier|[Gen 8] M4A Suspect
|clearpoke
|poke|p1|Blaziken, F|
|poke|p1|Starmie|
|poke|p1|Eelektross, F|
|poke|p1|Ferrothorn, M|
|poke|p1|Mamoswine, M|
|poke|p1|Toxapex, F|
|poke|p2|Clefable, F|
|poke|p2|Heatran, M|
|poke|p2|Landorus-Therian, M|
|poke|p2|Slowking-Galar, F|
|poke|p2|Corviknight, F|
|poke|p2|Garchomp, M|
|rule|HP Percentage Mod: HP is shown in percentages
|rule|Endless Battle Clause: Forcing endless battles is banned
|rule|OHKO Clause: OHKO moves are banned
|rule|Evasion Moves Clause: Evasion moves are banned
|rule|Species Clause: Limit one of each Pokémon
|rule|Dynamax Clause: You cannot dynamax
|rule|Sleep Clause Mod: Limit one foe put to sleep
|rule|Freeze Clause Mod: Limit one foe frozen
|raw|<img src="https:\/\/www.smogon.com\/forums\/attachments\/banner_2-png.302358\/" height="65" width="381">
|-message|Welcome to Megas for All!
|-message|This is a National Dex-based format where we aim to give a new Mega Evolution to every Pokémon.
|-message|Just like any official format, you can still only Mega Evolve one Pokémon per team!
|-message|You can find our thread and metagame resources here:
|-message|https:\/\/www.smogon.com\/forums\/threads\/3671140\/
|teampreview
|j| Sticky Fingaa⌐▨_▨
|c|☆mundo bita|glhf
|c|☆BlazingHero657|Glhf.
|
|t:|1624998773
|start
|switch|p1a: Toxapex|Toxapex, F|100\/100
|switch|p2a: Grebes|Corviknight, F, shiny|100\/100
|-ability|p2a: Grebes|Pressure
|turn|1
|c| Sticky Fingaa⌐▨_▨|glhf both
|
|t:|1624998781
|move|p2a: Grebes|U-turn|p1a: Toxapex
|-resisted|p1a: Toxapex
|-damage|p1a: Toxapex|96\/100
|
|t:|1624998786
|switch|p2a: Athena|Slowking-Galar, F|100\/100|[from]move: U-turn
|move|p1a: Toxapex|Scald|p2a: Athena
|-damage|p2a: Athena|93\/100
|
|-heal|p1a: Toxapex|100\/100|[from] item: Black Sludge
|upkeep
|turn|2
|
|t:|1624998795
|move|p1a: Toxapex|Knock Off|p2a: Athena
|-supereffective|p2a: Athena
|-damage|p2a: Athena|59\/100
|-enditem|p2a: Athena|Assault Vest|[from] move: Knock Off|[of] p1a: Toxapex
|move|p2a: Athena|Future Sight|p1a: Toxapex
|-start|p2a: Athena|move: Future Sight
|
|upkeep
|turn|3
|
|t:|1624998811
|switch|p1a: Starmie|Starmie|100\/100
|switch|p2a: Typhon|Garchomp, M|100\/100
|
|upkeep
|turn|4
|j|+inkbug1

|
|t:|1624998827
|switch|p2a: Athena|Slowking-Galar, F|92\/100
|detailschange|p1a: Starmie|Starmie-Mega
|-mega|p1a: Starmie|Starmie|Starminite
|-ability|p1a: Starmie|Rotation|boost
|-boost|p1a: Starmie|spd|1
|-start|p1a: Starmie|typechange|Water\/Psychic|[silent]
|raw|<ul class="utilichart"><li class="result"><span class="col pokemonnamecol" style="white-space: nowrap">Starmie-Mega<\/span> <span class="col typecol"><img src="https:\/\/play.pokemonshowdown.com\/sprites\/types\/Water.png" alt="Water" height="14" width="32"><img src="https:\/\/play.pokemonshowdown.com\/sprites\/types\/Psychic.png" alt="Psychic" height="14" width="32"><\/span> <span style="float: left ; min-height: 26px"><span class="col abilitycol">Rotation<\/span><span class="col abilitycol"><\/span><\/span><span style="float: left ; min-height: 26px"><span class="col statcol"><em>HP<\/em><br>60<\/span> <span class="col statcol"><em>Atk<\/em><br>75<\/span> <span class="col statcol"><em>Def<\/em><br>105<\/span> <span class="col statcol"><em>SpA<\/em><br>140<\/span> <span class="col statcol"><em>SpD<\/em><br>105<\/span> <span class="col statcol"><em>Spe<\/em><br>135<\/span> <\/span><\/li><li style="clear: both"><\/li><\/ul>
|move|p1a: Starmie|Calm Mind|p1a: Starmie
|-boost|p1a: Starmie|spa|1
|-boost|p1a: Starmie|spd|1
|
|-end|p1a: Starmie|move: Future Sight
|-resisted|p1a: Starmie
|-damage|p1a: Starmie|82\/100
|upkeep
|turn|5
|
|t:|1624998851
|move|p1a: Starmie|Psyshock|p2a: Athena
|-damage|p2a: Athena|24\/100
|move|p2a: Athena|Sludge Bomb|p1a: Starmie
|-damage|p1a: Starmie|52\/100
|-status|p1a: Starmie|psn
|
|-damage|p1a: Starmie|40\/100 psn|[from] psn
|upkeep
|turn|6
|
|t:|1624998865
|switch|p2a: Grebes|Corviknight, F, shiny|100\/100
|-ability|p2a: Grebes|Pressure
|move|p1a: Starmie|Scald|p2a: Grebes
|-damage|p2a: Grebes|41\/100
|-status|p2a: Grebes|brn
|
|-damage|p1a: Starmie|27\/100 psn|[from] psn
|-damage|p2a: Grebes|35\/100 brn|[from] brn
|upkeep
|turn|7
|
|t:|1624998879
|move|p1a: Starmie|Scald|p2a: Grebes
|-damage|p2a: Grebes|0 fnt
|faint|p2a: Grebes
|
|-damage|p1a: Starmie|15\/100 psn|[from] psn
|upkeep
|c| Sticky Fingaa⌐▨_▨|vai q é tua bita
|c|☆mundo bita|:K
|
|t:|1624998897
|switch|p2a: Typhon|Garchomp, M|100\/100
|turn|8
|
|t:|1624998923
|move|p1a: Starmie|Moonblast|p2a: Typhon
|-supereffective|p2a: Typhon
|-damage|p2a: Typhon|0 fnt
|faint|p2a: Typhon
|
|-damage|p1a: Starmie|3\/100 psn|[from] psn
|upkeep
|
|t:|1624998935
|switch|p2a: Nyx|Clefable, F|100\/100
|turn|9
|
|t:|1624998943
|move|p1a: Starmie|Psyshock|p2a: Nyx
|-damage|p2a: Nyx|13\/100
|move|p2a: Nyx|Soft-Boiled|p2a: Nyx
|-heal|p2a: Nyx|63\/100
|
|-damage|p1a: Starmie|0 fnt|[from] psn
|faint|p1a: Starmie
|upkeep
|
|t:|1624998956
|switch|p1a: Toxapex|Toxapex, F|100\/100
|turn|10
|
|t:|1624998966
|switch|p2a: Athena|Slowking-Galar, F|57\/100
|move|p1a: Toxapex|Knock Off|p2a: Athena
|-supereffective|p2a: Athena
|-damage|p2a: Athena|34\/100
|
|upkeep
|turn|11
|
|t:|1624998974
|move|p1a: Toxapex|Knock Off|p2a: Athena
|-supereffective|p2a: Athena
|-damage|p2a: Athena|11\/100
|move|p2a: Athena|Future Sight|p1a: Toxapex
|-start|p2a: Athena|move: Future Sight
|
|upkeep
|turn|12
|
|t:|1624998983
|switch|p2a: Hephaestus|Heatran, M|100\/100
|move|p1a: Toxapex|Knock Off|p2a: Hephaestus
|-damage|p2a: Hephaestus|88\/100
|-enditem|p2a: Hephaestus|Leftovers|[from] move: Knock Off|[of] p1a: Toxapex
|
|upkeep
|turn|13
|
|t:|1624998998
|switch|p1a: Eelektross|Eelektross, F|100\/100
|move|p2a: Hephaestus|Magma Storm|p1a: Eelektross|[miss]
|-miss|p2a: Hephaestus|p1a: Eelektross
|
|-end|p1a: Eelektross|move: Future Sight
|-damage|p1a: Eelektross|34\/100
|-heal|p1a: Eelektross|40\/100|[from] item: Leftovers
|upkeep
|turn|14
|
|t:|1624999008
|move|p2a: Hephaestus|Stealth Rock|p1a: Eelektross
|-sidestart|p1: mundo bita|move: Stealth Rock
|move|p1a: Eelektross|Recover|p1a: Eelektross
|-heal|p1a: Eelektross|90\/100
|
|-heal|p1a: Eelektross|96\/100|[from] item: Leftovers
|upkeep
|turn|15
|j| AllBrakesRise
|
|t:|1624999014
|move|p2a: Hephaestus|Magma Storm|p1a: Eelektross
|-damage|p1a: Eelektross|46\/100
|-activate|p1a: Eelektross|move: Magma Storm|[of] p2a: Hephaestus
|move|p1a: Eelektross|Scald|p2a: Hephaestus
|-supereffective|p2a: Hephaestus
|-damage|p2a: Hephaestus|49\/100
|
|-heal|p1a: Eelektross|53\/100|[from] item: Leftovers
|-damage|p1a: Eelektross|40\/100|[from] move: Magma Storm|[partiallytrapped]
|upkeep
|turn|16
|
|t:|1624999021
|switch|p2a: Athena|Slowking-Galar, F|44\/100
|move|p1a: Eelektross|Scald|p2a: Athena
|-damage|p2a: Athena|22\/100
|
|-heal|p1a: Eelektross|46\/100|[from] item: Leftovers
|-end|p1a: Eelektross|Magma Storm|[partiallytrapped]|[silent]
|upkeep
|turn|17
|l| AllBrakesRise
|
|t:|1624999039
|switch|p2a: Nyx|Clefable, F|63\/100
|move|p1a: Eelektross|Thunderbolt|p2a: Nyx
|-damage|p2a: Nyx|15\/100
|-status|p2a: Nyx|par
|
|-heal|p1a: Eelektross|53\/100|[from] item: Leftovers
|upkeep
|turn|18
|
|t:|1624999045
|detailschange|p2a: Nyx|Clefable-Mega, F
|-mega|p2a: Nyx|Clefable|Clefabite
|-start|p2a: Nyx|typechange|Fairy\/Ghost|[silent]
|raw|<ul class="utilichart"><li class="result"><span class="col pokemonnamecol" style="white-space: nowrap">Clefable-Mega<\/span> <span class="col typecol"><img src="https:\/\/play.pokemonshowdown.com\/sprites\/types\/Fairy.png" alt="Fairy" height="14" width="32"><img src="https:\/\/play.pokemonshowdown.com\/sprites\/types\/Ghost.png" alt="Ghost" height="14" width="32"><\/span> <span style="float: left ; min-height: 26px"><span class="col abilitycol">Prankster<\/span><span class="col abilitycol"><\/span><\/span><span style="float: left ; min-height: 26px"><span class="col statcol"><em>HP<\/em><br>95<\/span> <span class="col statcol"><em>Atk<\/em><br>80<\/span> <span class="col statcol"><em>Def<\/em><br>83<\/span> <span class="col statcol"><em>SpA<\/em><br>125<\/span> <span class="col statcol"><em>SpD<\/em><br>90<\/span> <span class="col statcol"><em>Spe<\/em><br>110<\/span> <\/span><\/li><li style="clear: both"><\/li><\/ul>
|move|p2a: Nyx|Soft-Boiled|p2a: Nyx
|-heal|p2a: Nyx|65\/100 par
|move|p1a: Eelektross|Flamethrower|p2a: Nyx
|-damage|p2a: Nyx|29\/100 par
|
|-heal|p1a: Eelektross|59\/100|[from] item: Leftovers
|upkeep
|turn|19
|
|t:|1624999058
|move|p2a: Nyx|Soft-Boiled|p2a: Nyx
|-heal|p2a: Nyx|79\/100 par
|move|p1a: Eelektross|Thunderbolt|p2a: Nyx
|-damage|p2a: Nyx|32\/100 par
|
|-heal|p1a: Eelektross|65\/100|[from] item: Leftovers
|upkeep
|turn|20
|
|t:|1624999066
|switch|p2a: Athena|Slowking-Galar, F|55\/100
|move|p1a: Eelektross|Thunderbolt|p2a: Athena
|-damage|p2a: Athena|19\/100
|
|-heal|p1a: Eelektross|71\/100|[from] item: Leftovers
|upkeep
|turn|21
|
|t:|1624999077
|switch|p2a: Gaia|Landorus-Therian, M|100\/100
|-ability|p2a: Gaia|Intimidate|boost
|-unboost|p1a: Eelektross|atk|1
|move|p1a: Eelektross|Scald|p2a: Gaia
|-supereffective|p2a: Gaia
|-damage|p2a: Gaia|48\/100
|
|-heal|p2a: Gaia|54\/100|[from] item: Leftovers
|-heal|p1a: Eelektross|77\/100|[from] item: Leftovers
|upkeep
|turn|22
|
|t:|1624999088
|move|p2a: Gaia|Toxic|p1a: Eelektross|[miss]
|-miss|p2a: Gaia|p1a: Eelektross
|move|p1a: Eelektross|Scald|p2a: Gaia
|-supereffective|p2a: Gaia
|-damage|p2a: Gaia|1\/100
|
|-heal|p2a: Gaia|7\/100|[from] item: Leftovers
|-heal|p1a: Eelektross|83\/100|[from] item: Leftovers
|upkeep
|turn|23
|
|t:|1624999095
|move|p2a: Gaia|Toxic|p1a: Eelektross
|-status|p1a: Eelektross|tox
|move|p1a: Eelektross|Scald|p2a: Gaia
|-supereffective|p2a: Gaia
|-damage|p2a: Gaia|0 fnt
|faint|p2a: Gaia
|
|-heal|p1a: Eelektross|90\/100 tox|[from] item: Leftovers
|-damage|p1a: Eelektross|83\/100 tox|[from] psn
|upkeep
|
|t:|1624999099
|switch|p2a: Athena|Slowking-Galar, F|53\/100
|turn|24
|
|t:|1624999103
|move|p1a: Eelektross|Thunderbolt|p2a: Athena
|-damage|p2a: Athena|18\/100
|move|p2a: Athena|Future Sight|p1a: Eelektross
|-start|p2a: Athena|move: Future Sight
|
|-heal|p1a: Eelektross|90\/100 tox|[from] item: Leftovers
|-damage|p1a: Eelektross|77\/100 tox|[from] psn
|upkeep
|turn|25
|
|t:|1624999110
|switch|p2a: Hephaestus|Heatran, M|49\/100
|move|p1a: Eelektross|Thunderbolt|p2a: Hephaestus
|-damage|p2a: Hephaestus|18\/100
|
|-heal|p1a: Eelektross|83\/100 tox|[from] item: Leftovers
|-damage|p1a: Eelektross|65\/100 tox|[from] psn
|upkeep
|turn|26
|
|t:|1624999118
|move|p2a: Hephaestus|Magma Storm|p1a: Eelektross
|-damage|p1a: Eelektross|15\/100 tox
|-activate|p1a: Eelektross|move: Magma Storm|[of] p2a: Hephaestus
|move|p1a: Eelektross|Thunderbolt|p2a: Hephaestus
|-damage|p2a: Hephaestus|0 fnt
|faint|p2a: Hephaestus
|
|-end|p1a: Eelektross|move: Future Sight
|-damage|p1a: Eelektross|0 fnt
|faint|p1a: Eelektross
|upkeep
|
|t:|1624999135
|switch|p2a: Nyx|Clefable-Mega, F|32\/100 par
|switch|p1a: Mamoswine|Mamoswine, M|100\/100
|-damage|p1a: Mamoswine|88\/100|[from] Stealth Rock
|-start|p2a: Nyx|typechange|Fairy\/Ghost|[silent]
|turn|27
|c|☆BlazingHero657|Starmie just went to town on my team
|
|t:|1624999148
|cant|p2a: Nyx|par
|move|p1a: Mamoswine|Earthquake|p2a: Nyx
|-damage|p2a: Nyx|0 fnt
|faint|p2a: Nyx
|
|upkeep
|
|t:|1624999151
|switch|p2a: Athena|Slowking-Galar, F|51\/100
|turn|28
|
|t:|1624999154
|move|p1a: Mamoswine|Earthquake|p2a: Athena
|-supereffective|p2a: Athena
|-damage|p2a: Athena|0 fnt
|faint|p2a: Athena
|
|win|mundo bita
|c|☆BlazingHero657|Gg.
|c|☆mundo bita|ggwp
|c|☆BlazingHero657|Wp 
|c|☆mundo bita|you too
|l|☆mundo bita
|l|☆BlazingHero657
|l| Sticky Fingaa⌐▨_▨
|j| Ninjacid
|l| Ninjacid</script>
</div>
<div class="battle-log battle-log-inline"><div class="inner"><div class="battle-options"><div style="padding-top: 3px; padding-right: 3px; text-align: right"><button class="icon button" name="openBattleOptions" title="Options">Battle Options</button></div></div><div class="inner message-log"><div class="chat"><small>☆mundo bita and ☆BlazingHero657 joined</small></div><div class=""><small>Format:</small> <br><strong>[Gen 8] M4A Suspect</strong></div><div class=""><small><em>HP Percentage Mod:</em> HP is shown in percentages</small></div><div class=""><small><em>Endless Battle Clause:</em> Forcing endless battles is banned</small></div><div class=""><small><em>OHKO Clause:</em> OHKO moves are banned</small></div><div class=""><small><em>Evasion Moves Clause:</em> Evasion moves are banned</small></div><div class=""><small><em>Species Clause:</em> Limit one of each Pokémon</small></div><div class=""><small><em>Dynamax Clause:</em> You cannot dynamax</small></div><div class=""><small><em>Sleep Clause Mod:</em> Limit one foe put to sleep</small></div><div class=""><small><em>Freeze Clause Mod:</em> Limit one foe frozen</small></div><div class="chat"><img src="https://www.smogon.com/forums/attachments/banner_2-png.302358/" height="65" width="381"></div><div class="spacer battle-history"><br></div><div class="battle-history"><small>Welcome to Megas for All!</small><br></div><div class="battle-history"><small>This is a National Dex-based format where we aim to give a new Mega Evolution to every Pokémon.</small><br></div><div class="battle-history"><small>Just like any official format, you can still only Mega Evolve one Pokémon per team!</small><br></div><div class="battle-history"><small>You can find our thread and metagame resources here:</small><br></div><div class="battle-history"><small>https://www.smogon.com/forums/threads/3671140/</small><br></div><div class="chat battle-history"><strong>mundo bita's team:</strong> <em style="color:#445566;display:block;">Blaziken / Starmie / Eelektross / Ferrothorn / Mamoswine / Toxapex</em></div><div class="chat battle-history"><strong>BlazingHero657's team:</strong> <em style="color:#445566;display:block;">Clefable / Heatran / Landorus-Therian / Slowking-Galar / Corviknight / Garchomp</em></div><div class="chat"><small> Sticky Fingaa⌐▨_▨ joined</small></div><div class="chat chatmessage-mundobita"><strong style="color:#0eaa9d"><small>☆</small><span class="username" data-name="mundo bita">mundo bita</span>:</strong> <em>glhf</em></div><div class="chat chatmessage-blazinghero657"><strong style="color:#2e9e35"><small>☆</small><span class="username" data-name="BlazingHero657">BlazingHero657</span>:</strong> <em>Glhf.</em></div><div class="spacer battle-history"><br></div><div class="battle-history">Battle started between mundo bita and BlazingHero657!<br></div><div class="spacer battle-history"><br></div><div class="battle-history">Go! <strong>Toxapex</strong>!<br></div><div class="spacer battle-history"><br></div><div class="battle-history">BlazingHero657 sent out Grebes (<strong>Corviknight</strong>)!<br></div><div class="battle-history">[The opposing Grebes's Pressure]<br><small>The opposing Grebes is exerting its pressure!</small><br></div><div class="spacer battle-history"><br></div><h2 class="battle-history">Turn 1</h2><div class="chat chatmessage-stickyfingaa"><strong style="color:#e76311"><small> </small><span class="username" data-name="Sticky Fingaa⌐▨_▨">Sticky Fingaa⌐▨_▨</span>:</strong> <em>glhf both</em></div><div class="spacer battle-history"><br></div><div class="battle-history">The opposing Grebes used <strong>U-turn</strong>!<br></div><div class="battle-history"><small>It's not very effective...</small><br></div><div class="battle-history"><small>(Toxapex lost 4% of its health!)</small><br></div><div class="spacer battle-history"><br></div><div class="battle-history">The opposing Grebes went back to BlazingHero657!<br></div><div class="battle-history">BlazingHero657 sent out Athena (<strong>Slowking-Galar</strong>)!<br></div><div class="spacer battle-history"><br></div><div class="battle-history">Toxapex used <strong>Scald</strong>!<br></div><div class="battle-history"><small>(The opposing Athena lost 7% of its health!)</small><br></div><div class="spacer battle-history"><br></div><div class="battle-history"><small>Toxapex restored a little HP using its Black Sludge!</small><br></div><div class="spacer battle-history"><br></div><h2 class="battle-history">Turn 2</h2><div class="spacer battle-history"><br></div><div class="battle-history">Toxapex used <strong>Knock Off</strong>!<br></div><div class="battle-history"><small>It's super effective!</small><br></div><div class="battle-history"><small>(The opposing Athena lost 34% of its health!)</small><br></div><div class="battle-history"><small>Toxapex knocked off the opposing Athena's Assault Vest!</small><br></div><div class="spacer battle-history"><br></div><div class="battle-history">The opposing Athena used <strong>Future Sight</strong>!<br></div><div class="battle-history"><small>The opposing Athena foresaw an attack!</small><br></div><div class="spacer battle-history"><br></div><h2 class="battle-history">Turn 3</h2><div class="spacer battle-history"><br></div><div class="battle-history">Toxapex, come back!<br></div><div class="battle-history">Go! <strong>Starmie</strong>!<br></div><div class="spacer battle-history"><br></div><div class="battle-history">BlazingHero657 withdrew Athena!<br></div><div class="battle-history">BlazingHero657 sent out Typhon (<strong>Garchomp</strong>)!<br></div><div class="spacer battle-history"><br></div><h2 class="battle-history">Turn 4</h2><div class="chat"><small>+inkbug1 joined</small></div><div class="spacer battle-history"><br></div><div class="battle-history">BlazingHero657 withdrew Typhon!<br></div><div class="battle-history">BlazingHero657 sent out Athena (<strong>Slowking-Galar</strong>)!<br></div><div class="spacer battle-history"><br></div><div class="battle-history"><small>Starmie's Starminite is reacting to the Key Stone!</small><br>Starmie has Mega Evolved into Mega Starmie!<br></div><div class="battle-history">[Starmie's Rotation]<br></div><div class="battle-history"><small>Starmie's Sp. Def rose!</small><br></div><div class="chat"><ul class="utilichart"><li class="result"><span class="col pokemonnamecol" style="white-space: nowrap">Starmie-Mega</span> <span class="col typecol"><img src="https://play.pokemonshowdown.com/sprites/types/Water.png" alt="Water" height="14" width="32"><img src="https://play.pokemonshowdown.com/sprites/types/Psychic.png" alt="Psychic" height="14" width="32"></span> <span style="float: left ; min-height: 26px"><span class="col abilitycol">Rotation</span><span class="col abilitycol"></span></span><span style="float: left ; min-height: 26px"><span class="col statcol"><em>HP</em><br>60</span> <span class="col statcol"><em>Atk</em><br>75</span> <span class="col statcol"><em>Def</em><br>105</span> <span class="col statcol"><em>SpA</em><br>140</span> <span class="col statcol"><em>SpD</em><br>105</span> <span class="col statcol"><em>Spe</em><br>135</span> </span></li><li style="clear: both"></li></ul></div><div class="spacer battle-history"><br></div><div class="battle-history">Starmie used <strong>Calm Mind</strong>!<br></div><div class="battle-history"><small>Starmie's Sp. Atk rose!</small><br></div><div class="battle-history"><small>Starmie's Sp. Def rose!</small><br></div><div class="spacer battle-history"><br></div><div class="battle-history"><small>Starmie took the Future Sight attack!</small><br></div><div class="battle-history"><small>It's not very effective...</small><br></div><div class="battle-history"><small>(Starmie lost 18% of its health!)</small><br></div><div class="spacer battle-history"><br></div><h2 class="battle-history">Turn 5</h2><div class="spacer battle-history"><br></div><div class="battle-history">Starmie used <strong>Psyshock</strong>!<br></div><div class="battle-history"><small>(The opposing Athena lost 68% of its health!)</small><br></div><div class="spacer battle-history"><br></div><div class="battle-history">The opposing Athena used <strong>Sludge Bomb</strong>!<br></div><div class="battle-history"><small>(Starmie lost 30% of its health!)</small><br></div><div class="battle-history"><small>Starmie was poisoned!</small><br></div><div class="spacer battle-history"><br></div><div class="battle-history"><small>Starmie was hurt by poison!</small><br></div><div class="spacer battle-history"><br></div><h2 class="battle-history">Turn 6</h2><div class="spacer battle-history"><br></div><div class="battle-history">BlazingHero657 withdrew Athena!<br></div><div class="battle-history">BlazingHero657 sent out Grebes (<strong>Corviknight</strong>)!<br></div><div class="battle-history">[The opposing Grebes's Pressure]<br><small>The opposing Grebes is exerting its pressure!</small><br></div><div class="spacer battle-history"><br></div><div class="battle-history">Starmie used <strong>Scald</strong>!<br></div><div class="battle-history"><small>(The opposing Grebes lost 59% of its health!)</small><br></div><div class="battle-history"><small>The opposing Grebes was burned!</small><br></div><div class="spacer battle-history"><br></div><div class="battle-history"><small>Starmie was hurt by poison!</small><br></div><div class="battle-history"><small>The opposing Grebes was hurt by its burn!</small><br></div><div class="spacer battle-history"><br></div><h2 class="battle-history">Turn 7</h2><div class="spacer battle-history"><br></div><div class="battle-history">Starmie used <strong>Scald</strong>!<br></div><div class="battle-history"><small>(The opposing Grebes lost 35% of its health!)</small><br></div><div class="spacer battle-history"><br></div><div class="battle-history">The opposing Grebes fainted!<br></div><div class="spacer battle-history"><br></div><div class="battle-history"><small>Starmie was hurt by poison!</small><br></div><div class="chat chatmessage-stickyfingaa"><strong style="color:#e76311"><small> </small><span class="username" data-name="Sticky Fingaa⌐▨_▨">Sticky Fingaa⌐▨_▨</span>:</strong> <em>vai q é tua bita</em></div><div class="chat chatmessage-mundobita"><strong style="color:#0eaa9d"><small>☆</small><span class="username" data-name="mundo bita">mundo bita</span>:</strong> <em>:K</em></div><div class="spacer battle-history"><br></div><div class="battle-history">BlazingHero657 sent out Typhon (<strong>Garchomp</strong>)!<br></div><div class="spacer battle-history"><br></div><h2 class="battle-history">Turn 8</h2><div class="spacer battle-history"><br></div><div class="battle-history">Starmie used <strong>Moonblast</strong>!<br></div><div class="battle-history"><small>It's super effective!</small><br></div><div class="battle-history"><small>(The opposing Typhon lost 100% of its health!)</small><br></div><div class="spacer battle-history"><br></div><div class="battle-history">The opposing Typhon fainted!<br></div><div class="spacer battle-history"><br></div><div class="battle-history"><small>Starmie was hurt by poison!</small><br></div><div class="spacer battle-history"><br></div><div class="battle-history">BlazingHero657 sent out Nyx (<strong>Clefable</strong>)!<br></div><div class="spacer battle-history"><br></div><h2 class="battle-history">Turn 9</h2><div class="spacer battle-history"><br></div><div class="battle-history">Starmie used <strong>Psyshock</strong>!<br></div><div class="battle-history"><small>(The opposing Nyx lost 87% of its health!)</small><br></div><div class="spacer battle-history"><br></div><div class="battle-history">The opposing Nyx used <strong>Soft-Boiled</strong>!<br></div><div class="battle-history"><small>The opposing Nyx had its HP restored.</small><br></div><div class="spacer battle-history"><br></div><div class="battle-history"><small>Starmie was hurt by poison!</small><br></div><div class="spacer battle-history"><br></div><div class="battle-history">Starmie fainted!<br></div><div class="spacer battle-history"><br></div><div class="battle-history">Go! <strong>Toxapex</strong>!<br></div><div class="spacer battle-history"><br></div><h2 class="battle-history">Turn 10</h2><div class="spacer battle-history"><br></div><div class="battle-history">BlazingHero657 withdrew Nyx!<br></div><div class="battle-history">BlazingHero657 sent out Athena (<strong>Slowking-Galar</strong>)!<br></div><div class="spacer battle-history"><br></div><div class="battle-history">Toxapex used <strong>Knock Off</strong>!<br></div><div class="battle-history"><small>It's super effective!</small><br></div><div class="battle-history"><small>(The opposing Athena lost 23% of its health!)</small><br></div><div class="spacer battle-history"><br></div><h2 class="battle-history">Turn 11</h2><div class="spacer battle-history"><br></div><div class="battle-history">Toxapex used <strong>Knock Off</strong>!<br></div><div class="battle-history"><small>It's super effective!</small><br></div><div class="battle-history"><small>(The opposing Athena lost 23% of its health!)</small><br></div><div class="spacer battle-history"><br></div><div class="battle-history">The opposing Athena used <strong>Future Sight</strong>!<br></div><div class="battle-history"><small>The opposing Athena foresaw an attack!</small><br></div><div class="spacer battle-history"><br></div><h2 class="battle-history">Turn 12</h2><div class="spacer battle-history"><br></div><div class="battle-history">BlazingHero657 withdrew Athena!<br></div><div class="battle-history">BlazingHero657 sent out Hephaestus (<strong>Heatran</strong>)!<br></div><div class="spacer battle-history"><br></div><div class="battle-history">Toxapex used <strong>Knock Off</strong>!<br></div><div class="battle-history"><small>(The opposing Hephaestus lost 12% of its health!)</small><br></div><div class="battle-history"><small>Toxapex knocked off the opposing Hephaestus's Leftovers!</small><br></div><div class="spacer battle-history"><br></div><h2 class="battle-history">Turn 13</h2><div class="spacer battle-history"><br></div><div class="battle-history">Toxapex, come back!<br></div><div class="battle-history">Go! <strong>Eelektross</strong>!<br></div><div class="spacer battle-history"><br></div><div class="battle-history">The opposing Hephaestus used <strong>Magma Storm</strong>!<br></div><div class="battle-history"><small>Eelektross avoided the attack!</small><br></div><div class="spacer battle-history"><br></div><div class="battle-history"><small>Eelektross took the Future Sight attack!</small><br></div><div class="battle-history"><small>(Eelektross lost 66% of its health!)</small><br></div><div class="battle-history"><small>Eelektross restored a little HP using its Leftovers!</small><br></div><div class="spacer battle-history"><br></div><h2 class="battle-history">Turn 14</h2><div class="spacer battle-history"><br></div><div class="battle-history">The opposing Hephaestus used <strong>Stealth Rock</strong>!<br></div><div class="battle-history"><small>Pointed stones float in the air around your team!</small><br></div><div class="spacer battle-history"><br></div><div class="battle-history">Eelektross used <strong>Recover</strong>!<br></div><div class="battle-history"><small>Eelektross had its HP restored.</small><br></div><div class="spacer battle-history"><br></div><div class="battle-history"><small>Eelektross restored a little HP using its Leftovers!</small><br></div><div class="spacer battle-history"><br></div><h2 class="battle-history">Turn 15</h2><div class="chat"><small> AllBrakesRise joined</small></div><div class="spacer battle-history"><br></div><div class="battle-history">The opposing Hephaestus used <strong>Magma Storm</strong>!<br></div><div class="battle-history"><small>(Eelektross lost 50% of its health!)</small><br></div><div class="battle-history"><small>Eelektross became trapped by swirling magma!</small><br></div><div class="spacer battle-history"><br></div><div class="battle-history">Eelektross used <strong>Scald</strong>!<br></div><div class="battle-history"><small>It's super effective!</small><br></div><div class="battle-history"><small>(The opposing Hephaestus lost 39% of its health!)</small><br></div><div class="spacer battle-history"><br></div><div class="battle-history"><small>Eelektross restored a little HP using its Leftovers!</small><br></div><div class="battle-history"><small>Eelektross is hurt by Magma Storm!</small><br></div><div class="spacer battle-history"><br></div><h2 class="battle-history">Turn 16</h2><div class="spacer battle-history"><br></div><div class="battle-history">BlazingHero657 withdrew Hephaestus!<br></div><div class="battle-history">BlazingHero657 sent out Athena (<strong>Slowking-Galar</strong>)!<br></div><div class="spacer battle-history"><br></div><div class="battle-history">Eelektross used <strong>Scald</strong>!<br></div><div class="battle-history"><small>(The opposing Athena lost 22% of its health!)</small><br></div><div class="spacer battle-history"><br></div><div class="battle-history"><small>Eelektross restored a little HP using its Leftovers!</small><br></div><div class="spacer battle-history"><br></div><h2 class="battle-history">Turn 17</h2><div class="chat"><small> AllBrakesRise left</small></div><div class="spacer battle-history"><br></div><div class="battle-history">BlazingHero657 withdrew Athena!<br></div><div class="battle-history">BlazingHero657 sent out Nyx (<strong>Clefable</strong>)!<br></div><div class="spacer battle-history"><br></div><div class="battle-history">Eelektross used <strong>Thunderbolt</strong>!<br></div><div class="battle-history"><small>(The opposing Nyx lost 48% of its health!)</small><br></div><div class="battle-history"><small>The opposing Nyx is paralyzed! It may be unable to move!</small><br></div><div class="spacer battle-history"><br></div><div class="battle-history"><small>Eelektross restored a little HP using its Leftovers!</small><br></div><div class="spacer battle-history"><br></div><h2 class="battle-history">Turn 18</h2><div class="spacer battle-history"><br></div><div class="battle-history"><small>The opposing Nyx's Clefabite is reacting to the Key Stone!</small><br>The opposing Nyx has Mega Evolved into Mega Clefable!<br></div><div class="chat"><ul class="utilichart"><li class="result"><span class="col pokemonnamecol" style="white-space: nowrap">Clefable-Mega</span> <span class="col typecol"><img src="https://play.pokemonshowdown.com/sprites/types/Fairy.png" alt="Fairy" height="14" width="32"><img src="https://play.pokemonshowdown.com/sprites/types/Ghost.png" alt="Ghost" height="14" width="32"></span> <span style="float: left ; min-height: 26px"><span class="col abilitycol">Prankster</span><span class="col abilitycol"></span></span><span style="float: left ; min-height: 26px"><span class="col statcol"><em>HP</em><br>95</span> <span class="col statcol"><em>Atk</em><br>80</span> <span class="col statcol"><em>Def</em><br>83</span> <span class="col statcol"><em>SpA</em><br>125</span> <span class="col statcol"><em>SpD</em><br>90</span> <span class="col statcol"><em>Spe</em><br>110</span> </span></li><li style="clear: both"></li></ul></div><div class="spacer battle-history"><br></div><div class="battle-history">The opposing Nyx used <strong>Soft-Boiled</strong>!<br></div><div class="battle-history"><small>The opposing Nyx had its HP restored.</small><br></div><div class="spacer battle-history"><br></div><div class="battle-history">Eelektross used <strong>Flamethrower</strong>!<br></div><div class="battle-history"><small>(The opposing Nyx lost 36% of its health!)</small><br></div><div class="spacer battle-history"><br></div><div class="battle-history"><small>Eelektross restored a little HP using its Leftovers!</small><br></div><div class="spacer battle-history"><br></div><h2 class="battle-history">Turn 19</h2><div class="spacer battle-history"><br></div><div class="battle-history">The opposing Nyx used <strong>Soft-Boiled</strong>!<br></div><div class="battle-history"><small>The opposing Nyx had its HP restored.</small><br></div><div class="spacer battle-history"><br></div><div class="battle-history">Eelektross used <strong>Thunderbolt</strong>!<br></div><div class="battle-history"><small>(The opposing Nyx lost 47% of its health!)</small><br></div><div class="spacer battle-history"><br></div><div class="battle-history"><small>Eelektross restored a little HP using its Leftovers!</small><br></div><div class="spacer battle-history"><br></div><h2 class="battle-history">Turn 20</h2><div class="spacer battle-history"><br></div><div class="battle-history">BlazingHero657 withdrew Nyx!<br></div><div class="battle-history">BlazingHero657 sent out Athena (<strong>Slowking-Galar</strong>)!<br></div><div class="spacer battle-history"><br></div><div class="battle-history">Eelektross used <strong>Thunderbolt</strong>!<br></div><div class="battle-history"><small>(The opposing Athena lost 36% of its health!)</small><br></div><div class="spacer battle-history"><br></div><div class="battle-history"><small>Eelektross restored a little HP using its Leftovers!</small><br></div><div class="spacer battle-history"><br></div><h2 class="battle-history">Turn 21</h2><div class="spacer battle-history"><br></div><div class="battle-history">BlazingHero657 withdrew Athena!<br></div><div class="battle-history">BlazingHero657 sent out Gaia (<strong>Landorus-Therian</strong>)!<br></div><div class="battle-history">[The opposing Gaia's Intimidate]<br></div><div class="battle-history"><small>Eelektross's Attack fell!</small><br></div><div class="spacer battle-history"><br></div><div class="battle-history">Eelektross used <strong>Scald</strong>!<br></div><div class="battle-history"><small>It's super effective!</small><br></div><div class="battle-history"><small>(The opposing Gaia lost 52% of its health!)</small><br></div><div class="spacer battle-history"><br></div><div class="battle-history"><small>The opposing Gaia restored a little HP using its Leftovers!</small><br></div><div class="battle-history"><small>Eelektross restored a little HP using its Leftovers!</small><br></div><div class="spacer battle-history"><br></div><h2 class="battle-history">Turn 22</h2><div class="spacer battle-history"><br></div><div class="battle-history">The opposing Gaia used <strong>Toxic</strong>!<br></div><div class="battle-history"><small>Eelektross avoided the attack!</small><br></div><div class="spacer battle-history"><br></div><div class="battle-history">Eelektross used <strong>Scald</strong>!<br></div><div class="battle-history"><small>It's super effective!</small><br></div><div class="battle-history"><small>(The opposing Gaia lost 53% of its health!)</small><br></div><div class="spacer battle-history"><br></div><div class="battle-history"><small>The opposing Gaia restored a little HP using its Leftovers!</small><br></div><div class="battle-history"><small>Eelektross restored a little HP using its Leftovers!</small><br></div><div class="spacer battle-history"><br></div><h2 class="battle-history">Turn 23</h2><div class="spacer battle-history"><br></div><div class="battle-history">The opposing Gaia used <strong>Toxic</strong>!<br></div><div class="battle-history"><small>Eelektross was badly poisoned!</small><br></div><div class="spacer battle-history"><br></div><div class="battle-history">Eelektross used <strong>Scald</strong>!<br></div><div class="battle-history"><small>It's super effective!</small><br></div><div class="battle-history"><small>(The opposing Gaia lost 7% of its health!)</small><br></div><div class="spacer battle-history"><br></div><div class="battle-history">The opposing Gaia fainted!<br></div><div class="spacer battle-history"><br></div><div class="battle-history"><small>Eelektross restored a little HP using its Leftovers!</small><br></div><div class="battle-history"><small>Eelektross was hurt by poison!</small><br></div><div class="spacer battle-history"><br></div><div class="battle-history">BlazingHero657 sent out Athena (<strong>Slowking-Galar</strong>)!<br></div><div class="spacer battle-history"><br></div><h2 class="battle-history">Turn 24</h2><div class="spacer battle-history"><br></div><div class="battle-history">Eelektross used <strong>Thunderbolt</strong>!<br></div><div class="battle-history"><small>(The opposing Athena lost 35% of its health!)</small><br></div><div class="spacer battle-history"><br></div><div class="battle-history">The opposing Athena used <strong>Future Sight</strong>!<br></div><div class="battle-history"><small>The opposing Athena foresaw an attack!</small><br></div><div class="spacer battle-history"><br></div><div class="battle-history"><small>Eelektross restored a little HP using its Leftovers!</small><br></div><div class="battle-history"><small>Eelektross was hurt by poison!</small><br></div><div class="spacer battle-history"><br></div><h2 class="battle-history">Turn 25</h2><div class="spacer battle-history"><br></div><div class="battle-history">BlazingHero657 withdrew Athena!<br></div><div class="battle-history">BlazingHero657 sent out Hephaestus (<strong>Heatran</strong>)!<br></div><div class="spacer battle-history"><br></div><div class="battle-history">Eelektross used <strong>Thunderbolt</strong>!<br></div><div class="battle-history"><small>(The opposing Hephaestus lost 31% of its health!)</small><br></div><div class="spacer battle-history"><br></div><div class="battle-history"><small>Eelektross restored a little HP using its Leftovers!</small><br></div><div class="battle-history"><small>Eelektross was hurt by poison!</small><br></div><div class="spacer battle-history"><br></div><h2 class="battle-history">Turn 26</h2><div class="spacer battle-history"><br></div><div class="battle-history">The opposing Hephaestus used <strong>Magma Storm</strong>!<br></div><div class="battle-history"><small>(Eelektross lost 50% of its health!)</small><br></div><div class="battle-history"><small>Eelektross became trapped by swirling magma!</small><br></div><div class="spacer battle-history"><br></div><div class="battle-history">Eelektross used <strong>Thunderbolt</strong>!<br></div><div class="battle-history"><small>(The opposing Hephaestus lost 18% of its health!)</small><br></div><div class="spacer battle-history"><br></div><div class="battle-history">The opposing Hephaestus fainted!<br></div><div class="spacer battle-history"><br></div><div class="battle-history"><small>Eelektross took the Future Sight attack!</small><br></div><div class="battle-history"><small>(Eelektross lost 15% of its health!)</small><br></div><div class="spacer battle-history"><br></div><div class="battle-history">Eelektross fainted!<br></div><div class="spacer battle-history"><br></div><div class="battle-history">BlazingHero657 sent out Nyx (<strong>Clefable-Mega</strong>)!<br></div><div class="spacer battle-history"><br></div><div class="battle-history">Go! <strong>Mamoswine</strong>!<br></div><div class="battle-history"><small>Pointed stones dug into Mamoswine!</small><br></div><div class="spacer battle-history"><br></div><h2 class="battle-history">Turn 27</h2><div class="chat chatmessage-blazinghero657"><strong style="color:#2e9e35"><small>☆</small><span class="username" data-name="BlazingHero657">BlazingHero657</span>:</strong> <em>Starmie just went to town on my team</em></div><div class="spacer battle-history"><br></div><div class="battle-history">The opposing Nyx is paralyzed! It can't move!<br></div><div class="spacer battle-history"><br></div><div class="battle-history">Mamoswine used <strong>Earthquake</strong>!<br></div><div class="battle-history"><small>(The opposing Nyx lost 32% of its health!)</small><br></div><div class="spacer battle-history"><br></div><div class="battle-history">The opposing Nyx fainted!<br></div><div class="spacer battle-history"><br></div><div class="battle-history">BlazingHero657 sent out Athena (<strong>Slowking-Galar</strong>)!<br></div><div class="spacer battle-history"><br></div><h2 class="battle-history">Turn 28</h2><div class="spacer battle-history"><br></div><div class="battle-history">Mamoswine used <strong>Earthquake</strong>!<br></div><div class="battle-history"><small>It's super effective!</small><br></div><div class="battle-history"><small>(The opposing Athena lost 51% of its health!)</small><br></div><div class="spacer battle-history"><br></div><div class="battle-history">The opposing Athena fainted!<br></div><div class="spacer battle-history"><br></div><div class="battle-history"><strong>mundo bita</strong> won the battle!<br></div><div class="chat chatmessage-blazinghero657"><strong style="color:#2e9e35"><small>☆</small><span class="username" data-name="BlazingHero657">BlazingHero657</span>:</strong> <em>Gg.</em></div><div class="chat chatmessage-mundobita"><strong style="color:#0eaa9d"><small>☆</small><span class="username" data-name="mundo bita">mundo bita</span>:</strong> <em>ggwp</em></div><div class="chat chatmessage-blazinghero657"><strong style="color:#2e9e35"><small>☆</small><span class="username" data-name="BlazingHero657">BlazingHero657</span>:</strong> <em>Wp </em></div><div class="chat chatmessage-mundobita"><strong style="color:#0eaa9d"><small>☆</small><span class="username" data-name="mundo bita">mundo bita</span>:</strong> <em>you too</em></div><div class="chat"><small> Ninjacid joined; ☆mundo bita, ☆BlazingHero657,  Sticky Fingaa⌐▨_▨, and  Ninjacid left</small></div></div><div class="inner-preempt message-log"></div></div></div>
</div>
<script>
let daily = Math.floor(Date.now()/1000/60/60/24);document.write('<script src="https://dragonheaven.herokuapp.com/js/replay-embed.js?version'+daily+'"></'+'script>');
</script>
