<!DOCTYPE html>
<meta charset="utf-8" />
<!-- version 1 -->
<title>[Gen 8] Megas for All replay: IsoCon vs. TheUltraFinder</title>
<style>
html,body {font-family:Verdana, sans-serif;font-size:10pt;margin:0;padding:0;}body{padding:12px 0;} .battle-log {font-family:Verdana, sans-serif;font-size:10pt;} .battle-log-inline {border:1px solid #AAAAAA;background:#EEF2F5;color:black;max-width:640px;margin:0 auto 80px;padding-bottom:5px;} .battle-log .inner {padding:4px 8px 0px 8px;} .battle-log .inner-preempt {padding:0 8px 4px 8px;} .battle-log .inner-after {margin-top:0.5em;} .battle-log h2 {margin:0.5em -8px;padding:4px 8px;border:1px solid #AAAAAA;background:#E0E7EA;border-left:0;border-right:0;font-family:Verdana, sans-serif;font-size:13pt;} .battle-log .chat {vertical-align:middle;padding:3px 0 3px 0;font-size:8pt;} .battle-log .chat strong {color:#40576A;} .battle-log .chat em {padding:1px 4px 1px 3px;color:#000000;font-style:normal;} .chat.mine {background:rgba(0,0,0,0.05);margin-left:-8px;margin-right:-8px;padding-left:8px;padding-right:8px;} .spoiler {color:#BBBBBB;background:#BBBBBB;padding:0px 3px;} .spoiler:hover, .spoiler:active, .spoiler-shown {color:#000000;background:#E2E2E2;padding:0px 3px;} .spoiler a {color:#BBBBBB;} .spoiler:hover a, .spoiler:active a, .spoiler-shown a {color:#2288CC;} .chat code, .chat .spoiler:hover code, .chat .spoiler:active code, .chat .spoiler-shown code {border:1px solid #C0C0C0;background:#EEEEEE;color:black;padding:0 2px;} .chat .spoiler code {border:1px solid #CCCCCC;background:#CCCCCC;color:#CCCCCC;} .battle-log .rated {padding:3px 4px;} .battle-log .rated strong {color:white;background:#89A;padding:1px 4px;border-radius:4px;} .spacer {margin-top:0.5em;} .message-announce {background:#6688AA;color:white;padding:1px 4px 2px;} .message-announce a, .broadcast-green a, .broadcast-blue a, .broadcast-red a {color:#DDEEFF;} .broadcast-green {background-color:#559955;color:white;padding:2px 4px;} .broadcast-blue {background-color:#6688AA;color:white;padding:2px 4px;} .infobox {border:1px solid #6688AA;padding:2px 4px;} .infobox-limited {max-height:200px;overflow:auto;overflow-x:hidden;} .broadcast-red {background-color:#AA5544;color:white;padding:2px 4px;} .message-learn-canlearn {font-weight:bold;color:#228822;text-decoration:underline;} .message-learn-cannotlearn {font-weight:bold;color:#CC2222;text-decoration:underline;} .message-effect-weak {font-weight:bold;color:#CC2222;} .message-effect-resist {font-weight:bold;color:#6688AA;} .message-effect-immune {font-weight:bold;color:#666666;} .message-learn-list {margin-top:0;margin-bottom:0;} .message-throttle-notice, .message-error {color:#992222;} .message-overflow, .chat small.message-overflow {font-size:0pt;} .message-overflow::before {font-size:9pt;content:'...';} .subtle {color:#3A4A66;}
</style>
<div class="wrapper replay-wrapper" style="max-width:1180px;margin:0 auto">
<input type="hidden" name="replayid" value="dragonheaven-gen8megasforall-675" />
<div class="battle"></div><div class="battle-log"></div><div class="replay-controls"></div><div class="replay-controls-2"></div>
<h1 style="font-weight:normal;text-align:center"><strong>[Gen 8] Megas for All</strong><br /><a href="http://pokemonshowdown.com/users/isocon" class="subtle" target="_blank">IsoCon</a> vs. <a href="http://pokemonshowdown.com/users/theultrafinder" class="subtle" target="_blank">TheUltraFinder</a></h1>
<script type="text/plain" class="battle-log-data">|j|☆IsoCon

|j|☆TheUltraFinder
|t:|1609019411
|player|p1|IsoCon|evelyn|
|player|p2|TheUltraFinder|101|
|teamsize|p1|6
|teamsize|p2|6
|gametype|singles
|gen|8
|tier|[Gen 8] Megas for All
|clearpoke
|poke|p1|Talonflame, F|
|poke|p1|Primarina, M|
|poke|p1|Landorus-Therian, M|
|poke|p1|Magearna|
|poke|p1|Heatran, M|
|poke|p1|Rillaboom, F|
|poke|p2|Garbodor, M|
|poke|p2|Mandibuzz, F|
|poke|p2|Slowbro, F|
|poke|p2|Slowking-Galar, M|
|poke|p2|Sableye, F|
|poke|p2|Glastrier|
|rule|HP Percentage Mod: HP is shown in percentages
|rule|Endless Battle Clause: Forcing endless battles is banned
|rule|OHKO Clause: OHKO moves are banned
|rule|Evasion Moves Clause: Evasion moves are banned
|rule|Species Clause: Limit one of each Pokémon
|rule|Dynamax Clause: You cannot dynamax
|rule|Sleep Clause Mod: Limit one foe put to sleep
|rule|Freeze Clause Mod: Limit one foe frozen
|teampreview
|j| Hematemesis
|j| abismal
|c|☆TheUltraFinder|gl hf
|c|☆IsoCon|u2
|
|t:|1609019434
|start
|switch|p1a: Talonflame|Talonflame, F|297\/297
|switch|p2a: Slowbro|Slowbro, F|100\/100
|turn|1
|
|t:|1609019441
|detailschange|p1a: Talonflame|Talonflame-Mega, F
|-mega|p1a: Talonflame|Talonflame|Talonflite
|-start|p1a: Talonflame|typechange|Fire\/Flying|[silent]
|raw|<ul class="utilichart"><li class="result"><span class="col pokemonnamecol" style="white-space: nowrap">Talonflame-Mega<\/span> <span class="col typecol"><img src="https:\/\/play.pokemonshowdown.com\/sprites\/types\/Fire.png" alt="Fire" height="14" width="32"><img src="https:\/\/play.pokemonshowdown.com\/sprites\/types\/Flying.png" alt="Flying" height="14" width="32"><\/span> <span style="float: left ; min-height: 26px"><span class="col abilitycol">Bird of Prey<\/span><span class="col abilitycol"><\/span><\/span><span style="float: left ; min-height: 26px"><span class="col statcol"><em>HP<\/em><br>78<\/span> <span class="col statcol"><em>Atk<\/em><br>81<\/span> <span class="col statcol"><em>Def<\/em><br>71<\/span> <span class="col statcol"><em>SpA<\/em><br>134<\/span> <span class="col statcol"><em>SpD<\/em><br>69<\/span> <span class="col statcol"><em>Spe<\/em><br>166<\/span> <\/span><\/li><li style="clear: both"><\/li><\/ul>
|move|p1a: Talonflame|U-turn|p2a: Slowbro
|-supereffective|p2a: Slowbro
|-damage|p2a: Slowbro|85\/100
|
|t:|1609019444
|switch|p1a: Magearna|Magearna|364\/364
|move|p2a: Slowbro|Trick Room|p2a: Slowbro
|-fieldstart|move: Trick Room|[of] p2a: Slowbro
|
|upkeep
|turn|2
|
|t:|1609019452
|move|p1a: Magearna|Calm Mind|p1a: Magearna
|-boost|p1a: Magearna|spa|1
|-boost|p1a: Magearna|spd|1
|move|p2a: Slowbro|Teleport|p2a: Slowbro
|
|t:|1609019457
|switch|p2a: Glastrier|Glastrier|100\/100|[from]move: Teleport
|
|upkeep
|turn|3
|l| abismal
|
|t:|1609019476
|move|p2a: Glastrier|Icicle Crash|p1a: Magearna
|-resisted|p1a: Magearna
|-damage|p1a: Magearna|275\/364
|move|p1a: Magearna|Focus Blast|p2a: Glastrier
|-supereffective|p2a: Glastrier
|-damage|p2a: Glastrier|24\/100
|
|-heal|p1a: Magearna|297\/364|[from] item: Leftovers
|upkeep
|turn|4
|
|t:|1609019485
|switch|p2a: Sableye|Sableye, F|100\/100
|move|p1a: Magearna|Draining Kiss|p2a: Sableye
|-supereffective|p2a: Sableye
|-damage|p2a: Sableye|0 fnt
|-heal|p1a: Magearna|364\/364|[from] drain|[of] p2a: Sableye
|faint|p2a: Sableye
|-ability|p1a: Magearna|Soul-Heart|boost
|-boost|p1a: Magearna|spa|1
|
|upkeep
|
|t:|1609019494
|switch|p2a: Glastrier|Glastrier|24\/100
|turn|5
|
|t:|1609019497
|move|p2a: Glastrier|High Horsepower|p1a: Magearna
|-supereffective|p1a: Magearna
|-damage|p1a: Magearna|94\/364
|move|p1a: Magearna|Draining Kiss|p2a: Glastrier
|-damage|p2a: Glastrier|0 fnt
|-heal|p1a: Magearna|165\/364|[from] drain|[of] p2a: Glastrier
|faint|p2a: Glastrier
|-ability|p1a: Magearna|Soul-Heart|boost
|-boost|p1a: Magearna|spa|1
|
|-heal|p1a: Magearna|187\/364|[from] item: Leftovers
|-fieldend|move: Trick Room
|upkeep
|
|t:|1609019510
|switch|p2a: Slowking|Slowking-Galar, M|100\/100
|turn|6
|
|t:|1609019519
|move|p1a: Magearna|Draining Kiss|p2a: Slowking
|-resisted|p2a: Slowking
|-damage|p2a: Slowking|80\/100
|-heal|p1a: Magearna|247\/364|[from] drain|[of] p2a: Slowking
|move|p2a: Slowking|Nasty Plot|p2a: Slowking
|-boost|p2a: Slowking|spa|2
|
|-heal|p1a: Magearna|269\/364|[from] item: Leftovers
|upkeep
|turn|7
|
|t:|1609019528
|move|p1a: Magearna|Draining Kiss|p2a: Slowking
|-resisted|p2a: Slowking
|-damage|p2a: Slowking|59\/100
|-heal|p1a: Magearna|333\/364|[from] drain|[of] p2a: Slowking
|move|p2a: Slowking|Surf|p1a: Magearna
|-damage|p1a: Magearna|199\/364
|
|-heal|p1a: Magearna|221\/364|[from] item: Leftovers
|upkeep
|turn|8
|
|t:|1609019537
|move|p1a: Magearna|Calm Mind|p1a: Magearna
|-boost|p1a: Magearna|spa|1
|-boost|p1a: Magearna|spd|1
|move|p2a: Slowking|Surf|p1a: Magearna
|-damage|p1a: Magearna|134\/364
|
|-heal|p1a: Magearna|156\/364|[from] item: Leftovers
|upkeep
|turn|9
|
|t:|1609019545
|move|p1a: Magearna|Draining Kiss|p2a: Slowking
|-resisted|p2a: Slowking
|-crit|p2a: Slowking
|-damage|p2a: Slowking|22\/100
|-heal|p1a: Magearna|264\/364|[from] drain|[of] p2a: Slowking
|move|p2a: Slowking|Surf|p1a: Magearna
|-damage|p1a: Magearna|167\/364
|
|-heal|p1a: Magearna|189\/364|[from] item: Leftovers
|upkeep
|turn|10
|
|t:|1609019558
|switch|p2a: Garbodor|Garbodor, M|100\/100
|move|p1a: Magearna|Draining Kiss|p2a: Garbodor
|-resisted|p2a: Garbodor
|-damage|p2a: Garbodor|76\/100
|-heal|p1a: Magearna|256\/364|[from] drain|[of] p2a: Garbodor
|
|-heal|p1a: Magearna|278\/364|[from] item: Leftovers
|upkeep
|turn|11
|
|t:|1609019569
|detailschange|p2a: Garbodor|Garbodor-Mega, M
|-mega|p2a: Garbodor|Garbodor|Garbodorite
|-start|p2a: Garbodor|typechange|Poison|[silent]
|raw|<ul class="utilichart"><li class="result"><span class="col pokemonnamecol" style="white-space: nowrap">Garbodor-Mega<\/span> <span class="col typecol"><img src="https:\/\/play.pokemonshowdown.com\/sprites\/types\/Poison.png" alt="Poison" height="14" width="32"><\/span> <span style="float: left ; min-height: 26px"><span class="col abilitycol">Trash Compactor<\/span><span class="col abilitycol"><\/span><\/span><span style="float: left ; min-height: 26px"><span class="col statcol"><em>HP<\/em><br>80<\/span> <span class="col statcol"><em>Atk<\/em><br>95<\/span> <span class="col statcol"><em>Def<\/em><br>132<\/span> <span class="col statcol"><em>SpA<\/em><br>95<\/span> <span class="col statcol"><em>SpD<\/em><br>132<\/span> <span class="col statcol"><em>Spe<\/em><br>40<\/span> <\/span><\/li><li style="clear: both"><\/li><\/ul>
|move|p1a: Magearna|Calm Mind|p1a: Magearna
|-boost|p1a: Magearna|spa|1
|-boost|p1a: Magearna|spd|1
|move|p2a: Garbodor|Toxic Spikes|p1a: Magearna
|-sidestart|p1: IsoCon|move: Toxic Spikes
|
|-heal|p1a: Magearna|300\/364|[from] item: Leftovers
|upkeep
|turn|12
|
|t:|1609019581
|move|p1a: Magearna|Calm Mind|p1a: Magearna
|-boost|p1a: Magearna|spa|1
|-boost|p1a: Magearna|spd|1
|move|p2a: Garbodor|Haze|p2a: Garbodor
|-clearallboost
|
|-heal|p1a: Magearna|322\/364|[from] item: Leftovers
|upkeep
|turn|13
|
|t:|1609019588
|switch|p1a: Landorus|Landorus-Therian, M|381\/381
|-ability|p1a: Landorus|Intimidate|boost
|-unboost|p2a: Garbodor|atk|1
|move|p2a: Garbodor|Stealth Rock|p1a: Landorus
|-sidestart|p1: IsoCon|move: Stealth Rock
|
|upkeep
|turn|14
|
|t:|1609019594
|move|p1a: Landorus|Stealth Rock|p2a: Garbodor
|-sidestart|p2: TheUltraFinder|move: Stealth Rock
|move|p2a: Garbodor|Toxic Spikes|p1a: Landorus
|-sidestart|p1: IsoCon|move: Toxic Spikes
|
|upkeep
|turn|15
|
|t:|1609019608
|switch|p2a: Mandibuzz|Mandibuzz, F|100\/100
|-damage|p2a: Mandibuzz|75\/100|[from] Stealth Rock
|move|p1a: Landorus|Earthquake|p2a: Mandibuzz
|-immune|p2a: Mandibuzz
|
|-heal|p2a: Mandibuzz|82\/100|[from] item: Leftovers
|upkeep
|turn|16
|
|t:|1609019621
|move|p1a: Landorus|Defog|p2a: Mandibuzz
|-unboost|p2a: Mandibuzz|evasion|1
|-sideend|p2: TheUltraFinder|Stealth Rock|[from] move: Defog|[of] p1a: Landorus
|-sideend|p1: IsoCon|Toxic Spikes|[from] move: Defog|[of] p1a: Landorus
|-sideend|p1: IsoCon|Stealth Rock|[from] move: Defog|[of] p1a: Landorus
|move|p2a: Mandibuzz|Foul Play|p1a: Landorus
|-damage|p1a: Landorus|213\/381
|
|-heal|p2a: Mandibuzz|88\/100|[from] item: Leftovers
|upkeep
|turn|17
|
|t:|1609019632
|move|p1a: Landorus|U-turn|p2a: Mandibuzz
|-damage|p2a: Mandibuzz|75\/100
|
|t:|1609019637
|switch|p1a: Heatran|Heatran, M|386\/386
|move|p2a: Mandibuzz|Tailwind|p2a: Mandibuzz
|-sidestart|p2: TheUltraFinder|move: Tailwind
|
|-heal|p2a: Mandibuzz|81\/100|[from] item: Leftovers
|upkeep
|turn|18
|
|t:|1609019645
|move|p2a: Mandibuzz|Foul Play|p1a: Heatran
|-damage|p1a: Heatran|328\/386
|-damage|p2a: Mandibuzz|65\/100|[from] item: Rocky Helmet|[of] p1a: Heatran
|move|p1a: Heatran|Magma Storm|p2a: Mandibuzz
|-damage|p2a: Mandibuzz|29\/100
|-activate|p2a: Mandibuzz|move: Magma Storm|[of] p1a: Heatran
|
|-heal|p2a: Mandibuzz|35\/100|[from] item: Leftovers
|-damage|p2a: Mandibuzz|23\/100|[from] move: Magma Storm|[partiallytrapped]
|upkeep
|turn|19
|
|t:|1609019657
|move|p2a: Mandibuzz|Foul Play|p1a: Heatran
|-damage|p1a: Heatran|268\/386
|-damage|p2a: Mandibuzz|6\/100|[from] item: Rocky Helmet|[of] p1a: Heatran
|move|p1a: Heatran|Taunt|p2a: Mandibuzz
|-start|p2a: Mandibuzz|move: Taunt
|
|-heal|p2a: Mandibuzz|13\/100|[from] item: Leftovers
|-damage|p2a: Mandibuzz|0 fnt|[from] move: Magma Storm|[partiallytrapped]
|faint|p2a: Mandibuzz
|upkeep
|
|t:|1609019671
|switch|p2a: Slowking|Slowking-Galar, M|55\/100
|turn|20
|
|t:|1609019682
|switch|p1a: Rillaboom|Rillaboom, F|341\/341
|-fieldstart|move: Grassy Terrain|[from] ability: Grassy Surge|[of] p1a: Rillaboom
|move|p2a: Slowking|Surf|p1a: Rillaboom
|-resisted|p1a: Rillaboom
|-damage|p1a: Rillaboom|274\/341
|
|-heal|p1a: Rillaboom|295\/341|[from] Grassy Terrain
|-heal|p2a: Slowking|61\/100|[from] Grassy Terrain
|-sideend|p2: TheUltraFinder|move: Tailwind
|upkeep
|turn|21
|
|t:|1609019696
|move|p1a: Rillaboom|High Horsepower|p2a: Slowking
|-supereffective|p2a: Slowking
|-damage|p2a: Slowking|0 fnt
|faint|p2a: Slowking
|
|-heal|p1a: Rillaboom|316\/341|[from] Grassy Terrain
|upkeep
|
|t:|1609019702
|switch|p2a: Garbodor|Garbodor-Mega, M|76\/100
|-start|p2a: Garbodor|typechange|Poison|[silent]
|turn|22
|
|t:|1609019705
|move|p1a: Rillaboom|High Horsepower|p2a: Garbodor
|-supereffective|p2a: Garbodor
|-damage|p2a: Garbodor|0 fnt
|faint|p2a: Garbodor
|
|-heal|p1a: Rillaboom|337\/341|[from] Grassy Terrain
|upkeep
|
|t:|1609019711
|switch|p2a: Slowbro|Slowbro, F|100\/100
|turn|23
|c|☆TheUltraFinder|gg
|
|t:|1609019715
|switch|p1a: Primarina|Primarina, M|364\/364
|move|p2a: Slowbro|Psychic|p1a: Primarina
|-damage|p1a: Primarina|262\/364
|
|-heal|p1a: Primarina|284\/364|[from] Grassy Terrain
|upkeep
|turn|24
|c|☆IsoCon|gg
|
|t:|1609019723
|move|p1a: Primarina|Moonblast|p2a: Slowbro
|-crit|p2a: Slowbro
|-damage|p2a: Slowbro|0 fnt
|faint|p2a: Slowbro
|
|win|IsoCon</script>
</div>
<div class="battle-log battle-log-inline"><div class="inner"><div class="battle-options"><div style="padding-top: 3px; padding-right: 3px; text-align: right"><button class="icon button" name="openBattleOptions" title="Options">Battle Options</button></div></div><div class="inner message-log"><div class="chat"><small>☆IsoCon and ☆TheUltraFinder joined</small></div><div class=""><small>Format:</small> <br><strong>[Gen 8] Megas for All</strong></div><div class=""><small><em>HP Percentage Mod:</em> HP is shown in percentages</small></div><div class=""><small><em>Endless Battle Clause:</em> Forcing endless battles is banned</small></div><div class=""><small><em>OHKO Clause:</em> OHKO moves are banned</small></div><div class=""><small><em>Evasion Moves Clause:</em> Evasion moves are banned</small></div><div class=""><small><em>Species Clause:</em> Limit one of each Pokémon</small></div><div class=""><small><em>Dynamax Clause:</em> You cannot dynamax</small></div><div class=""><small><em>Sleep Clause Mod:</em> Limit one foe put to sleep</small></div><div class=""><small><em>Freeze Clause Mod:</em> Limit one foe frozen</small></div><div class="chat battle-history"><strong>IsoCon's team:</strong> <em style="color:#445566;display:block;">Talonflame / Primarina / Landorus-Therian / Magearna / Heatran / Rillaboom</em></div><div class="chat battle-history"><strong>TheUltraFinder's team:</strong> <em style="color:#445566;display:block;">Garbodor / Mandibuzz / Slowbro / Slowking-Galar / Sableye / Glastrier</em></div><div class="chat"><small> Hematemesis and  abismal joined</small></div><div class="chat chatmessage-theultrafinder"><strong style="color:#946524"><small>☆</small><span class="username" data-name="TheUltraFinder">TheUltraFinder</span>:</strong> <em>gl hf</em></div><div class="chat chatmessage-isocon mine"><strong style="color:#616adf"><small>☆</small><span class="username" data-name="IsoCon">IsoCon</span>:</strong> <em>u2</em></div><div class="spacer battle-history"><br></div><div class="battle-history">Battle started between IsoCon and TheUltraFinder!<br></div><div class="spacer battle-history"><br></div><div class="battle-history">Go! <strong>Talonflame</strong>!<br></div><div class="spacer battle-history"><br></div><div class="battle-history">TheUltraFinder sent out <strong>Slowbro</strong>!<br></div><div class="spacer battle-history"><br></div><h2 class="battle-history">Turn 1</h2><div class="spacer battle-history"><br></div><div class="battle-history"><small>Talonflame's Talonflite is reacting to the Key Stone!</small><br>Talonflame has Mega Evolved into Mega Talonflame!<br></div><div class="chat"><ul class="utilichart"><li class="result"><span class="col pokemonnamecol" style="white-space: nowrap">Talonflame-Mega</span> <span class="col typecol"><img src="https://play.pokemonshowdown.com/sprites/types/Fire.png" alt="Fire" height="14" width="32"><img src="https://play.pokemonshowdown.com/sprites/types/Flying.png" alt="Flying" height="14" width="32"></span> <span style="float: left ; min-height: 26px"><span class="col abilitycol">Bird of Prey</span><span class="col abilitycol"></span></span><span style="float: left ; min-height: 26px"><span class="col statcol"><em>HP</em><br>78</span> <span class="col statcol"><em>Atk</em><br>81</span> <span class="col statcol"><em>Def</em><br>71</span> <span class="col statcol"><em>SpA</em><br>134</span> <span class="col statcol"><em>SpD</em><br>69</span> <span class="col statcol"><em>Spe</em><br>166</span> </span></li><li style="clear: both"></li></ul></div><div class="spacer battle-history"><br></div><div class="battle-history">Talonflame used <strong>U-turn</strong>!<br></div><div class="battle-history"><small>It's super effective!</small><br></div><div class="battle-history"><small>(The opposing Slowbro lost 15% of its health!)</small><br></div><div class="spacer battle-history"><br></div><div class="battle-history">Talonflame went back to IsoCon!<br></div><div class="battle-history">Go! <strong>Magearna</strong>!<br></div><div class="spacer battle-history"><br></div><div class="battle-history">The opposing Slowbro used <strong>Trick Room</strong>!<br></div><div class="battle-history"><small>The opposing Slowbro twisted the dimensions!</small><br></div><div class="spacer battle-history"><br></div><h2 class="battle-history">Turn 2</h2><div class="spacer battle-history"><br></div><div class="battle-history">Magearna used <strong>Calm Mind</strong>!<br></div><div class="battle-history"><small>Magearna's Sp. Atk rose!</small><br></div><div class="battle-history"><small>Magearna's Sp. Def rose!</small><br></div><div class="spacer battle-history"><br></div><div class="battle-history">The opposing Slowbro used <strong>Teleport</strong>!<br></div><div class="spacer battle-history"><br></div><div class="battle-history">TheUltraFinder withdrew Slowbro!<br></div><div class="battle-history">TheUltraFinder sent out <strong>Glastrier</strong>!<br></div><div class="spacer battle-history"><br></div><h2 class="battle-history">Turn 3</h2><div class="chat"><small> abismal left</small></div><div class="spacer battle-history"><br></div><div class="battle-history">The opposing Glastrier used <strong>Icicle Crash</strong>!<br></div><div class="battle-history"><small>It's not very effective...</small><br></div><div class="battle-history"><small>(Magearna lost <abbr title="−89/364">24.5%</abbr> of its health!)</small><br></div><div class="spacer battle-history"><br></div><div class="battle-history">Magearna used <strong>Focus Blast</strong>!<br></div><div class="battle-history"><small>It's super effective!</small><br></div><div class="battle-history"><small>(The opposing Glastrier lost 76% of its health!)</small><br></div><div class="spacer battle-history"><br></div><div class="battle-history"><small>Magearna restored a little HP using its Leftovers!</small><br></div><div class="spacer battle-history"><br></div><h2 class="battle-history">Turn 4</h2><div class="spacer battle-history"><br></div><div class="battle-history">TheUltraFinder withdrew Glastrier!<br></div><div class="battle-history">TheUltraFinder sent out <strong>Sableye</strong>!<br></div><div class="spacer battle-history"><br></div><div class="battle-history">Magearna used <strong>Draining Kiss</strong>!<br></div><div class="battle-history"><small>It's super effective!</small><br></div><div class="battle-history"><small>(The opposing Sableye lost 100% of its health!)</small><br></div><div class="battle-history"><small>The opposing Sableye had its energy drained!</small><br></div><div class="spacer battle-history"><br></div><div class="battle-history">The opposing Sableye fainted!<br></div><div class="battle-history">[Magearna's Soul-Heart]<br></div><div class="battle-history"><small>Magearna's Sp. Atk rose!</small><br></div><div class="spacer battle-history"><br></div><div class="battle-history">TheUltraFinder sent out <strong>Glastrier</strong>!<br></div><div class="spacer battle-history"><br></div><h2 class="battle-history">Turn 5</h2><div class="spacer battle-history"><br></div><div class="battle-history">The opposing Glastrier used <strong>High Horsepower</strong>!<br></div><div class="battle-history"><small>It's super effective!</small><br></div><div class="battle-history"><small>(Magearna lost <abbr title="−270/364">74.2%</abbr> of its health!)</small><br></div><div class="spacer battle-history"><br></div><div class="battle-history">Magearna used <strong>Draining Kiss</strong>!<br></div><div class="battle-history"><small>(The opposing Glastrier lost 24% of its health!)</small><br></div><div class="battle-history"><small>The opposing Glastrier had its energy drained!</small><br></div><div class="spacer battle-history"><br></div><div class="battle-history">The opposing Glastrier fainted!<br></div><div class="battle-history">[Magearna's Soul-Heart]<br></div><div class="battle-history"><small>Magearna's Sp. Atk rose!</small><br></div><div class="spacer battle-history"><br></div><div class="battle-history"><small>Magearna restored a little HP using its Leftovers!</small><br></div><div class="battle-history"><small>The twisted dimensions returned to normal!</small><br></div><div class="spacer battle-history"><br></div><div class="battle-history">TheUltraFinder sent out Slowking (<strong>Slowking-Galar</strong>)!<br></div><div class="spacer battle-history"><br></div><h2 class="battle-history">Turn 6</h2><div class="spacer battle-history"><br></div><div class="battle-history">Magearna used <strong>Draining Kiss</strong>!<br></div><div class="battle-history"><small>It's not very effective...</small><br></div><div class="battle-history"><small>(The opposing Slowking lost 20% of its health!)</small><br></div><div class="battle-history"><small>The opposing Slowking had its energy drained!</small><br></div><div class="spacer battle-history"><br></div><div class="battle-history">The opposing Slowking used <strong>Nasty Plot</strong>!<br></div><div class="battle-history"><small>The opposing Slowking's Sp. Atk rose sharply!</small><br></div><div class="spacer battle-history"><br></div><div class="battle-history"><small>Magearna restored a little HP using its Leftovers!</small><br></div><div class="spacer battle-history"><br></div><h2 class="battle-history">Turn 7</h2><div class="spacer battle-history"><br></div><div class="battle-history">Magearna used <strong>Draining Kiss</strong>!<br></div><div class="battle-history"><small>It's not very effective...</small><br></div><div class="battle-history"><small>(The opposing Slowking lost 21% of its health!)</small><br></div><div class="battle-history"><small>The opposing Slowking had its energy drained!</small><br></div><div class="spacer battle-history"><br></div><div class="battle-history">The opposing Slowking used <strong>Surf</strong>!<br></div><div class="battle-history"><small>(Magearna lost <abbr title="−134/364">36.8%</abbr> of its health!)</small><br></div><div class="spacer battle-history"><br></div><div class="battle-history"><small>Magearna restored a little HP using its Leftovers!</small><br></div><div class="spacer battle-history"><br></div><h2 class="battle-history">Turn 8</h2><div class="spacer battle-history"><br></div><div class="battle-history">Magearna used <strong>Calm Mind</strong>!<br></div><div class="battle-history"><small>Magearna's Sp. Atk rose!</small><br></div><div class="battle-history"><small>Magearna's Sp. Def rose!</small><br></div><div class="spacer battle-history"><br></div><div class="battle-history">The opposing Slowking used <strong>Surf</strong>!<br></div><div class="battle-history"><small>(Magearna lost <abbr title="−87/364">23.9%</abbr> of its health!)</small><br></div><div class="spacer battle-history"><br></div><div class="battle-history"><small>Magearna restored a little HP using its Leftovers!</small><br></div><div class="spacer battle-history"><br></div><h2 class="battle-history">Turn 9</h2><div class="spacer battle-history"><br></div><div class="battle-history">Magearna used <strong>Draining Kiss</strong>!<br></div><div class="battle-history"><small>It's not very effective...</small><br></div><div class="battle-history"><small>A critical hit!</small><br></div><div class="battle-history"><small>(The opposing Slowking lost 37% of its health!)</small><br></div><div class="battle-history"><small>The opposing Slowking had its energy drained!</small><br></div><div class="spacer battle-history"><br></div><div class="battle-history">The opposing Slowking used <strong>Surf</strong>!<br></div><div class="battle-history"><small>(Magearna lost <abbr title="−97/364">26.6%</abbr> of its health!)</small><br></div><div class="spacer battle-history"><br></div><div class="battle-history"><small>Magearna restored a little HP using its Leftovers!</small><br></div><div class="spacer battle-history"><br></div><h2 class="battle-history">Turn 10</h2><div class="spacer battle-history"><br></div><div class="battle-history">TheUltraFinder withdrew Slowking!<br></div><div class="battle-history">TheUltraFinder sent out <strong>Garbodor</strong>!<br></div><div class="spacer battle-history"><br></div><div class="battle-history">Magearna used <strong>Draining Kiss</strong>!<br></div><div class="battle-history"><small>It's not very effective...</small><br></div><div class="battle-history"><small>(The opposing Garbodor lost 24% of its health!)</small><br></div><div class="battle-history"><small>The opposing Garbodor had its energy drained!</small><br></div><div class="spacer battle-history"><br></div><div class="battle-history"><small>Magearna restored a little HP using its Leftovers!</small><br></div><div class="spacer battle-history"><br></div><h2 class="battle-history">Turn 11</h2><div class="spacer battle-history"><br></div><div class="battle-history"><small>The opposing Garbodor's Garbodorite is reacting to the Key Stone!</small><br>The opposing Garbodor has Mega Evolved into Mega Garbodor!<br></div><div class="chat"><ul class="utilichart"><li class="result"><span class="col pokemonnamecol" style="white-space: nowrap">Garbodor-Mega</span> <span class="col typecol"><img src="https://play.pokemonshowdown.com/sprites/types/Poison.png" alt="Poison" height="14" width="32"></span> <span style="float: left ; min-height: 26px"><span class="col abilitycol">Trash Compactor</span><span class="col abilitycol"></span></span><span style="float: left ; min-height: 26px"><span class="col statcol"><em>HP</em><br>80</span> <span class="col statcol"><em>Atk</em><br>95</span> <span class="col statcol"><em>Def</em><br>132</span> <span class="col statcol"><em>SpA</em><br>95</span> <span class="col statcol"><em>SpD</em><br>132</span> <span class="col statcol"><em>Spe</em><br>40</span> </span></li><li style="clear: both"></li></ul></div><div class="spacer battle-history"><br></div><div class="battle-history">Magearna used <strong>Calm Mind</strong>!<br></div><div class="battle-history"><small>Magearna's Sp. Atk rose!</small><br></div><div class="battle-history"><small>Magearna's Sp. Def rose!</small><br></div><div class="spacer battle-history"><br></div><div class="battle-history">The opposing Garbodor used <strong>Toxic Spikes</strong>!<br></div><div class="battle-history"><small>Poison spikes were scattered on the ground all around your team!</small><br></div><div class="spacer battle-history"><br></div><div class="battle-history"><small>Magearna restored a little HP using its Leftovers!</small><br></div><div class="spacer battle-history"><br></div><h2 class="battle-history">Turn 12</h2><div class="spacer battle-history"><br></div><div class="battle-history">Magearna used <strong>Calm Mind</strong>!<br></div><div class="battle-history"><small>Magearna's Sp. Atk rose!</small><br></div><div class="battle-history"><small>Magearna's Sp. Def rose!</small><br></div><div class="spacer battle-history"><br></div><div class="battle-history">The opposing Garbodor used <strong>Haze</strong>!<br></div><div class="battle-history"><small>All stat changes were eliminated!</small><br></div><div class="spacer battle-history"><br></div><div class="battle-history"><small>Magearna restored a little HP using its Leftovers!</small><br></div><div class="spacer battle-history"><br></div><h2 class="battle-history">Turn 13</h2><div class="spacer battle-history"><br></div><div class="battle-history">Magearna, come back!<br></div><div class="battle-history">Go! Landorus (<strong>Landorus-Therian</strong>)!<br></div><div class="battle-history">[Landorus's Intimidate]<br></div><div class="battle-history"><small>The opposing Garbodor's Attack fell!</small><br></div><div class="spacer battle-history"><br></div><div class="battle-history">The opposing Garbodor used <strong>Stealth Rock</strong>!<br></div><div class="battle-history"><small>Pointed stones float in the air around your team!</small><br></div><div class="spacer battle-history"><br></div><h2 class="battle-history">Turn 14</h2><div class="spacer battle-history"><br></div><div class="battle-history">Landorus used <strong>Stealth Rock</strong>!<br></div><div class="battle-history"><small>Pointed stones float in the air around the opposing team!</small><br></div><div class="spacer battle-history"><br></div><div class="battle-history">The opposing Garbodor used <strong>Toxic Spikes</strong>!<br></div><div class="battle-history"><small>Poison spikes were scattered on the ground all around your team!</small><br></div><div class="spacer battle-history"><br></div><h2 class="battle-history">Turn 15</h2><div class="spacer battle-history"><br></div><div class="battle-history">TheUltraFinder withdrew Garbodor!<br></div><div class="battle-history">TheUltraFinder sent out <strong>Mandibuzz</strong>!<br></div><div class="battle-history"><small>Pointed stones dug into the opposing Mandibuzz!</small><br></div><div class="spacer battle-history"><br></div><div class="battle-history">Landorus used <strong>Earthquake</strong>!<br></div><div class="battle-history"><small>It doesn't affect the opposing Mandibuzz...</small><br></div><div class="spacer battle-history"><br></div><div class="battle-history"><small>The opposing Mandibuzz restored a little HP using its Leftovers!</small><br></div><div class="spacer battle-history"><br></div><h2 class="battle-history">Turn 16</h2><div class="spacer battle-history"><br></div><div class="battle-history">Landorus used <strong>Defog</strong>!<br></div><div class="battle-history"><small>The opposing Mandibuzz's evasiveness fell!</small><br></div><div class="battle-history"><small>The pointed stones disappeared from around the opposing team!</small><br></div><div class="battle-history"><small>The poison spikes disappeared from the ground around your team!</small><br></div><div class="battle-history"><small>The pointed stones disappeared from around your team!</small><br></div><div class="spacer battle-history"><br></div><div class="battle-history">The opposing Mandibuzz used <strong>Foul Play</strong>!<br></div><div class="battle-history"><small>(Landorus lost <abbr title="−168/381">44.1%</abbr> of its health!)</small><br></div><div class="spacer battle-history"><br></div><div class="battle-history"><small>The opposing Mandibuzz restored a little HP using its Leftovers!</small><br></div><div class="spacer battle-history"><br></div><h2 class="battle-history">Turn 17</h2><div class="spacer battle-history"><br></div><div class="battle-history">Landorus used <strong>U-turn</strong>!<br></div><div class="battle-history"><small>(The opposing Mandibuzz lost 13% of its health!)</small><br></div><div class="spacer battle-history"><br></div><div class="battle-history">Landorus went back to IsoCon!<br></div><div class="battle-history">Go! <strong>Heatran</strong>!<br></div><div class="spacer battle-history"><br></div><div class="battle-history">The opposing Mandibuzz used <strong>Tailwind</strong>!<br></div><div class="battle-history"><small>The Tailwind blew from behind the opposing team!</small><br></div><div class="spacer battle-history"><br></div><div class="battle-history"><small>The opposing Mandibuzz restored a little HP using its Leftovers!</small><br></div><div class="spacer battle-history"><br></div><h2 class="battle-history">Turn 18</h2><div class="spacer battle-history"><br></div><div class="battle-history">The opposing Mandibuzz used <strong>Foul Play</strong>!<br></div><div class="battle-history"><small>(Heatran lost <abbr title="−58/386">15.0%</abbr> of its health!)</small><br></div><div class="battle-history"><small>The opposing Mandibuzz was hurt by the Rocky Helmet!</small><br></div><div class="spacer battle-history"><br></div><div class="battle-history">Heatran used <strong>Magma Storm</strong>!<br></div><div class="battle-history"><small>(The opposing Mandibuzz lost 36% of its health!)</small><br></div><div class="battle-history"><small>The opposing Mandibuzz became trapped by swirling magma!</small><br></div><div class="spacer battle-history"><br></div><div class="battle-history"><small>The opposing Mandibuzz restored a little HP using its Leftovers!</small><br></div><div class="battle-history"><small>The opposing Mandibuzz is hurt by Magma Storm!</small><br></div><div class="spacer battle-history"><br></div><h2 class="battle-history">Turn 19</h2><div class="spacer battle-history"><br></div><div class="battle-history">The opposing Mandibuzz used <strong>Foul Play</strong>!<br></div><div class="battle-history"><small>(Heatran lost <abbr title="−60/386">15.5%</abbr> of its health!)</small><br></div><div class="battle-history"><small>The opposing Mandibuzz was hurt by the Rocky Helmet!</small><br></div><div class="spacer battle-history"><br></div><div class="battle-history">Heatran used <strong>Taunt</strong>!<br></div><div class="battle-history"><small>The opposing Mandibuzz fell for the taunt!</small><br></div><div class="spacer battle-history"><br></div><div class="battle-history"><small>The opposing Mandibuzz restored a little HP using its Leftovers!</small><br></div><div class="battle-history"><small>The opposing Mandibuzz is hurt by Magma Storm!</small><br></div><div class="spacer battle-history"><br></div><div class="battle-history">The opposing Mandibuzz fainted!<br></div><div class="spacer battle-history"><br></div><div class="battle-history">TheUltraFinder sent out Slowking (<strong>Slowking-Galar</strong>)!<br></div><div class="spacer battle-history"><br></div><h2 class="battle-history">Turn 20</h2><div class="spacer battle-history"><br></div><div class="battle-history">Heatran, come back!<br></div><div class="battle-history">Go! <strong>Rillaboom</strong>!<br></div><div class="battle-history">[Rillaboom's Grassy Surge]<br><small>Grass grew to cover the battlefield!</small><br></div><div class="spacer battle-history"><br></div><div class="battle-history">The opposing Slowking used <strong>Surf</strong>!<br></div><div class="battle-history"><small>It's not very effective...</small><br></div><div class="battle-history"><small>(Rillaboom lost <abbr title="−67/341">19.6%</abbr> of its health!)</small><br></div><div class="spacer battle-history"><br></div><div class="battle-history"><small>Rillaboom's HP was restored.</small><br></div><div class="battle-history"><small>The opposing Slowking's HP was restored.</small><br></div><div class="battle-history"><small>The opposing team's Tailwind petered out!</small><br></div><div class="spacer battle-history"><br></div><h2 class="battle-history">Turn 21</h2><div class="spacer battle-history"><br></div><div class="battle-history">Rillaboom used <strong>High Horsepower</strong>!<br></div><div class="battle-history"><small>It's super effective!</small><br></div><div class="battle-history"><small>(The opposing Slowking lost 61% of its health!)</small><br></div><div class="spacer battle-history"><br></div><div class="battle-history">The opposing Slowking fainted!<br></div><div class="spacer battle-history"><br></div><div class="battle-history"><small>Rillaboom's HP was restored.</small><br></div><div class="spacer battle-history"><br></div><div class="battle-history">TheUltraFinder sent out Garbodor (<strong>Garbodor-Mega</strong>)!<br></div><div class="spacer battle-history"><br></div><h2 class="battle-history">Turn 22</h2><div class="spacer battle-history"><br></div><div class="battle-history">Rillaboom used <strong>High Horsepower</strong>!<br></div><div class="battle-history"><small>It's super effective!</small><br></div><div class="battle-history"><small>(The opposing Garbodor lost 76% of its health!)</small><br></div><div class="spacer battle-history"><br></div><div class="battle-history">The opposing Garbodor fainted!<br></div><div class="spacer battle-history"><br></div><div class="battle-history"><small>Rillaboom's HP was restored.</small><br></div><div class="spacer battle-history"><br></div><div class="battle-history">TheUltraFinder sent out <strong>Slowbro</strong>!<br></div><div class="spacer battle-history"><br></div><h2 class="battle-history">Turn 23</h2><div class="chat chatmessage-theultrafinder"><strong style="color:#946524"><small>☆</small><span class="username" data-name="TheUltraFinder">TheUltraFinder</span>:</strong> <em>gg</em></div><div class="spacer battle-history"><br></div><div class="battle-history">Rillaboom, come back!<br></div><div class="battle-history">Go! <strong>Primarina</strong>!<br></div><div class="spacer battle-history"><br></div><div class="battle-history">The opposing Slowbro used <strong>Psychic</strong>!<br></div><div class="battle-history"><small>(Primarina lost <abbr title="−102/364">28.0%</abbr> of its health!)</small><br></div><div class="spacer battle-history"><br></div><div class="battle-history"><small>Primarina's HP was restored.</small><br></div><div class="spacer battle-history"><br></div><h2 class="battle-history">Turn 24</h2><div class="chat chatmessage-isocon mine"><strong style="color:#616adf"><small>☆</small><span class="username" data-name="IsoCon">IsoCon</span>:</strong> <em>gg</em></div><div class="spacer battle-history"><br></div><div class="battle-history">Primarina used <strong>Moonblast</strong>!<br></div><div class="battle-history"><small>A critical hit!</small><br></div><div class="battle-history"><small>(The opposing Slowbro lost 100% of its health!)</small><br></div><div class="spacer battle-history"><br></div><div class="battle-history">The opposing Slowbro fainted!<br></div><div class="spacer battle-history"><br></div><div class="battle-history"><strong>IsoCon</strong> won the battle!<br></div></div><div class="inner-preempt message-log"></div></div></div>
</div>
<script>
let daily = Math.floor(Date.now()/1000/60/60/24);document.write('<script src="https://play.pokemonshowdown.com/js/replay-embed.js?version'+daily+'"></'+'script>');
</script>
