<!DOCTYPE html>
<meta charset="utf-8" />
<!-- version 1 -->
<title>[Gen 8] Megas for All replay: ViZarPKMN vs. aausma</title>
<style>
html,body {font-family:Verdana, sans-serif;font-size:10pt;margin:0;padding:0;}body{padding:12px 0;} .battle-log {font-family:Verdana, sans-serif;font-size:10pt;} .battle-log-inline {border:1px solid #AAAAAA;background:#EEF2F5;color:black;max-width:640px;margin:0 auto 80px;padding-bottom:5px;} .battle-log .inner {padding:4px 8px 0px 8px;} .battle-log .inner-preempt {padding:0 8px 4px 8px;} .battle-log .inner-after {margin-top:0.5em;} .battle-log h2 {margin:0.5em -8px;padding:4px 8px;border:1px solid #AAAAAA;background:#E0E7EA;border-left:0;border-right:0;font-family:Verdana, sans-serif;font-size:13pt;} .battle-log .chat {vertical-align:middle;padding:3px 0 3px 0;font-size:8pt;} .battle-log .chat strong {color:#40576A;} .battle-log .chat em {padding:1px 4px 1px 3px;color:#000000;font-style:normal;} .chat.mine {background:rgba(0,0,0,0.05);margin-left:-8px;margin-right:-8px;padding-left:8px;padding-right:8px;} .spoiler {color:#BBBBBB;background:#BBBBBB;padding:0px 3px;} .spoiler:hover, .spoiler:active, .spoiler-shown {color:#000000;background:#E2E2E2;padding:0px 3px;} .spoiler a {color:#BBBBBB;} .spoiler:hover a, .spoiler:active a, .spoiler-shown a {color:#2288CC;} .chat code, .chat .spoiler:hover code, .chat .spoiler:active code, .chat .spoiler-shown code {border:1px solid #C0C0C0;background:#EEEEEE;color:black;padding:0 2px;} .chat .spoiler code {border:1px solid #CCCCCC;background:#CCCCCC;color:#CCCCCC;} .battle-log .rated {padding:3px 4px;} .battle-log .rated strong {color:white;background:#89A;padding:1px 4px;border-radius:4px;} .spacer {margin-top:0.5em;} .message-announce {background:#6688AA;color:white;padding:1px 4px 2px;} .message-announce a, .broadcast-green a, .broadcast-blue a, .broadcast-red a {color:#DDEEFF;} .broadcast-green {background-color:#559955;color:white;padding:2px 4px;} .broadcast-blue {background-color:#6688AA;color:white;padding:2px 4px;} .infobox {border:1px solid #6688AA;padding:2px 4px;} .infobox-limited {max-height:200px;overflow:auto;overflow-x:hidden;} .broadcast-red {background-color:#AA5544;color:white;padding:2px 4px;} .message-learn-canlearn {font-weight:bold;color:#228822;text-decoration:underline;} .message-learn-cannotlearn {font-weight:bold;color:#CC2222;text-decoration:underline;} .message-effect-weak {font-weight:bold;color:#CC2222;} .message-effect-resist {font-weight:bold;color:#6688AA;} .message-effect-immune {font-weight:bold;color:#666666;} .message-learn-list {margin-top:0;margin-bottom:0;} .message-throttle-notice, .message-error {color:#992222;} .message-overflow, .chat small.message-overflow {font-size:0pt;} .message-overflow::before {font-size:9pt;content:'...';} .subtle {color:#3A4A66;}
</style>
<div class="wrapper replay-wrapper" style="max-width:1180px;margin:0 auto">
<input type="hidden" name="replayid" value="dragonheaven-gen8megasforall-459-v6n3575v2ofjl1z9e5mi6iuibe4ntzcpw" />
<div class="battle"></div><div class="battle-log"></div><div class="replay-controls"></div><div class="replay-controls-2"></div>
<h1 style="font-weight:normal;text-align:center"><strong>[Gen 8] Megas for All</strong><br /><a href="http://pokemonshowdown.com/users/vizarpkmn" class="subtle" target="_blank">ViZarPKMN</a> vs. <a href="http://pokemonshowdown.com/users/aausma" class="subtle" target="_blank">aausma</a></h1>
<script type="text/plain" class="battle-log-data">|raw|<div class="broadcast-red"><strong>This battle is invite-only!<\/strong><br \/>Users must be invited with <code>\/invite<\/code> (or be staff) to join<\/div>
|j|☆ViZarPKMN
|j|☆aausma

|t:|1608671373
|player|p1|ViZarPKMN|benga|
|player|p2|aausma|bianca-pwt|
|teamsize|p1|6
|teamsize|p2|6
|gametype|singles
|gen|8
|tier|[Gen 8] Megas for All
|clearpoke
|poke|p1|Ninetales-Alola, F|
|poke|p1|Magearna|
|poke|p1|Cinderace, M|
|poke|p1|Sawsbuck-Winter, F|
|poke|p1|Garchomp, M|
|poke|p1|Kartana|
|poke|p2|Parasect, M|
|poke|p2|Slowbro, F|
|poke|p2|Infernape, M|
|poke|p2|Corviknight, F|
|poke|p2|Landorus-Therian, M|
|poke|p2|Clefable, M|
|rule|HP Percentage Mod: HP is shown in percentages
|rule|Endless Battle Clause: Forcing endless battles is banned
|rule|OHKO Clause: OHKO moves are banned
|rule|Evasion Moves Clause: Evasion moves are banned
|rule|Species Clause: Limit one of each Pokémon
|rule|Dynamax Clause: You cannot dynamax
|rule|Sleep Clause Mod: Limit one foe put to sleep
|rule|Freeze Clause Mod: Limit one foe frozen
|teampreview
|inactive|Battle timer is ON: inactive players will automatically lose when time's up. (requested by ViZarPKMN)
|inactive|Time left: 300 sec this turn | 300 sec total | 60 sec grace
|c|☆ViZarPKMN|glhf
|
|t:|1608671394
|start
|switch|p1a: Ninetales|Ninetales-Alola, F|100\/100
|switch|p2a: Corviknight|Corviknight, F|400\/400
|-weather|Hail|[from] ability: Snow Warning|[of] p1a: Ninetales
|-ability|p2a: Corviknight|Pressure
|turn|1
|inactive|Time left: 300 sec this turn | 300 sec total
|
|t:|1608671405
|move|p1a: Ninetales|Aurora Veil|p1a: Ninetales
|-sidestart|p1: ViZarPKMN|move: Aurora Veil
|move|p2a: Corviknight|Defog|p1a: Ninetales
|-unboost|p1a: Ninetales|evasion|1
|-sideend|p1: ViZarPKMN|move: Aurora Veil
|
|-weather|Hail|[upkeep]
|-damage|p2a: Corviknight|375\/400|[from] Hail
|-heal|p2a: Corviknight|400\/400|[from] item: Leftovers
|upkeep
|turn|2
|inactive|Time left: 300 sec this turn | 300 sec total
|
|t:|1608671417
|move|p1a: Ninetales|Encore|p2a: Corviknight
|-start|p2a: Corviknight|Encore
|move|p2a: Corviknight|Defog|p1a: Ninetales
|-unboost|p1a: Ninetales|evasion|1
|
|-weather|Hail|[upkeep]
|-damage|p2a: Corviknight|375\/400|[from] Hail
|-heal|p2a: Corviknight|400\/400|[from] item: Leftovers
|upkeep
|turn|3
|inactive|Time left: 300 sec this turn | 300 sec total
|
|t:|1608671427
|switch|p1a: Cinderace|Cinderace, M|100\/100
|switch|p2a: Landorus|Landorus-Therian, M|382\/382
|-ability|p2a: Landorus|Intimidate|boost
|-unboost|p1a: Cinderace|atk|1
|
|-weather|Hail|[upkeep]
|-damage|p1a: Cinderace|95\/100|[from] Hail
|-damage|p2a: Landorus|359\/382|[from] Hail
|upkeep
|turn|4
|inactive|Time left: 300 sec this turn | 300 sec total
|
|t:|1608671441
|switch|p1a: Kartana|Kartana|100\/100
|move|p2a: Landorus|Stealth Rock|p1a: Kartana
|-sidestart|p1: ViZarPKMN|move: Stealth Rock
|
|-weather|Hail|[upkeep]
|-damage|p1a: Kartana|94\/100|[from] Hail
|-damage|p2a: Landorus|336\/382|[from] Hail
|upkeep
|turn|5
|inactive|Time left: 300 sec this turn | 300 sec total
|
|t:|1608671452
|move|p1a: Kartana|Swords Dance|p1a: Kartana
|-boost|p1a: Kartana|atk|2
|move|p2a: Landorus|U-turn|p1a: Kartana
|-damage|p1a: Kartana|71\/100
|inactive|Time left: 295 sec this turn | 295 sec total
|
|t:|1608671453
|switch|p2a: Infernape|Infernape, M|293\/293
|
|-weather|none
|upkeep
|turn|6
|inactive|Time left: 300 sec this turn | 300 sec total
|
|t:|1608671475
|move|p2a: Infernape|Close Combat|p1a: Kartana
|-supereffective|p1a: Kartana
|-damage|p1a: Kartana|0 fnt
|-unboost|p2a: Infernape|def|1
|-unboost|p2a: Infernape|spd|1
|faint|p1a: Kartana
|
|upkeep
|inactive|Time left: 300 sec this turn | 300 sec total
|
|t:|1608671479
|switch|p1a: Garchomp|Garchomp, M|100\/100
|-damage|p1a: Garchomp|94\/100|[from] Stealth Rock
|turn|7
|inactive|Time left: 300 sec this turn | 300 sec total
|
|t:|1608671492
|switch|p2a: Slowbro|Slowbro, F|394\/394
|switch|p1a: Magearna|Magearna|100\/100
|-damage|p1a: Magearna|95\/100|[from] Stealth Rock
|
|-heal|p1a: Magearna|100\/100|[from] item: Leftovers
|upkeep
|turn|8
|inactive|Time left: 300 sec this turn | 300 sec total
|
|t:|1608671503
|move|p1a: Magearna|Shift Gear|p1a: Magearna
|-boost|p1a: Magearna|spe|2
|-boost|p1a: Magearna|atk|1
|move|p2a: Slowbro|Teleport|p2a: Slowbro
|inactive|Time left: 300 sec this turn | 300 sec total
|
|t:|1608671509
|switch|p2a: Infernape|Infernape, M|293\/293
|
|upkeep
|turn|9
|inactive|Time left: 300 sec this turn | 300 sec total
|
|t:|1608671512
|move|p2a: Infernape|Flare Blitz|p1a: Magearna
|-supereffective|p1a: Magearna
|-damage|p1a: Magearna|0 fnt
|-damage|p2a: Infernape|194\/293|[from] Recoil
|faint|p1a: Magearna
|
|upkeep
|inactive|Time left: 300 sec this turn | 300 sec total
|
|t:|1608671519
|switch|p1a: Garchomp|Garchomp, M|94\/100
|-damage|p1a: Garchomp|88\/100|[from] Stealth Rock
|turn|10
|inactive|Time left: 300 sec this turn | 300 sec total
|
|t:|1608671525
|switch|p2a: Slowbro|Slowbro, F|394\/394
|move|p1a: Garchomp|Earthquake|p2a: Slowbro
|-damage|p2a: Slowbro|250\/394
|-damage|p1a: Garchomp|78\/100|[from] item: Life Orb
|
|upkeep
|turn|11
|inactive|Time left: 300 sec this turn | 300 sec total
|
|t:|1608671532
|move|p1a: Garchomp|Swords Dance|p1a: Garchomp
|-boost|p1a: Garchomp|atk|2
|move|p2a: Slowbro|Slack Off|p2a: Slowbro
|-heal|p2a: Slowbro|394\/394
|
|upkeep
|turn|12
|inactive|Time left: 300 sec this turn | 300 sec total
|
|t:|1608671536
|switch|p2a: Corviknight|Corviknight, F|400\/400
|-ability|p2a: Corviknight|Pressure
|move|p1a: Garchomp|Scale Shot|p2a: Corviknight
|-resisted|p2a: Corviknight
|-damage|p2a: Corviknight|361\/400
|-resisted|p2a: Corviknight
|-damage|p2a: Corviknight|323\/400
|-hitcount|p2a: Corviknight|2
|-unboost|p1a: Garchomp|def|1
|-boost|p1a: Garchomp|spe|1
|-damage|p1a: Garchomp|69\/100|[from] item: Life Orb
|
|-heal|p2a: Corviknight|348\/400|[from] item: Leftovers
|upkeep
|turn|13
|inactive|Time left: 300 sec this turn | 300 sec total
|
|t:|1608671549
|move|p1a: Garchomp|Stone Edge|p2a: Corviknight
|-damage|p2a: Corviknight|149\/400
|-damage|p1a: Garchomp|59\/100|[from] item: Life Orb
|move|p2a: Corviknight|U-turn|p1a: Garchomp
|-damage|p1a: Garchomp|36\/100
|-damage|p2a: Corviknight|99\/400|[from] ability: Rough Skin|[of] p1a: Garchomp
|inactive|Time left: 300 sec this turn | 300 sec total
|
|t:|1608671553
|switch|p2a: Infernape|Infernape, M|194\/293
|
|upkeep
|turn|14
|inactive|Time left: 300 sec this turn | 300 sec total
|
|t:|1608671562
|move|p2a: Infernape|Close Combat|p1a: Garchomp
|-damage|p1a: Garchomp|0 fnt
|-unboost|p2a: Infernape|def|1
|-unboost|p2a: Infernape|spd|1
|-damage|p2a: Infernape|158\/293|[from] ability: Rough Skin|[of] p1a: Garchomp
|faint|p1a: Garchomp
|
|upkeep
|inactive|Time left: 300 sec this turn | 300 sec total
|
|t:|1608671565
|switch|p1a: Cinderace|Cinderace, M|95\/100
|turn|15
|inactive|Time left: 300 sec this turn | 300 sec total
|
|t:|1608671572
|move|p2a: Infernape|Close Combat|p1a: Cinderace
|-damage|p1a: Cinderace|24\/100
|-unboost|p2a: Infernape|def|1
|-unboost|p2a: Infernape|spd|1
|move|p1a: Cinderace|High Jump Kick|p2a: Infernape
|-start|p1a: Cinderace|typechange|Fighting|[from] ability: Libero
|-damage|p2a: Infernape|0 fnt
|faint|p2a: Infernape
|
|upkeep
|inactive|Time left: 300 sec this turn | 300 sec total
|
|t:|1608671579
|switch|p2a: Landorus|Landorus-Therian, M|336\/382
|-ability|p2a: Landorus|Intimidate|boost
|-unboost|p1a: Cinderace|atk|1
|turn|16
|inactive|Time left: 300 sec this turn | 300 sec total
|
|t:|1608671585
|move|p1a: Cinderace|Sucker Punch|p2a: Landorus
|-start|p1a: Cinderace|typechange|Dark|[from] ability: Libero
|-damage|p2a: Landorus|267\/382
|-damage|p1a: Cinderace|8\/100|[from] item: Rocky Helmet|[of] p2a: Landorus
|move|p2a: Landorus|U-turn|p1a: Cinderace
|-supereffective|p1a: Cinderace
|-damage|p1a: Cinderace|0 fnt
|faint|p1a: Cinderace
|inactive|Time left: 300 sec this turn | 300 sec total
|
|t:|1608671588
|switch|p2a: Parasect|Parasect, M|261\/261
|
|upkeep
|inactive|Time left: 300 sec this turn | 300 sec total
|
|t:|1608671590
|switch|p1a: Sawsbuck|Sawsbuck-Winter, F|100\/100
|-damage|p1a: Sawsbuck|88\/100|[from] Stealth Rock
|turn|17
|inactive|Time left: 300 sec this turn | 300 sec total
|raw|<div class="message"><ul class="utilichart"><li class="result"><span class="col numcol">(PU)<\/span> <span class="col iconcol"><psicon pokemon="sawsbuckwintermega"\/><\/span> <span class="col pokemonnamecol" style="white-space:nowrap"><a href="https:\/\/dex.pokemonshowdown.com\/pokemon\/sawsbuckwintermega" target="_blank">Sawsbuck-Winter-Mega<\/a><\/span> <span class="col typecol"><img src="https:\/\/play.pokemonshowdown.com\/sprites\/types\/Ice.png" alt="Ice" height="14" width="32"><img src="https:\/\/play.pokemonshowdown.com\/sprites\/types\/Grass.png" alt="Grass" height="14" width="32"><\/span> <span style="float:left;min-height:26px"><span class="col abilitycol">A Winter's Tale<\/span><span class="col abilitycol"><\/span><\/span><span style="float:left;min-height:26px"><span class="col statcol"><em>HP<\/em><br \/>80<\/span> <span class="col statcol"><em>Atk<\/em><br \/>125<\/span> <span class="col statcol"><em>Def<\/em><br \/>70<\/span> <span class="col statcol"><em>SpA<\/em><br \/>125<\/span> <span class="col statcol"><em>SpD<\/em><br \/>70<\/span> <span class="col statcol"><em>Spe<\/em><br \/>105<\/span> <span class="col bstcol"><em>BST<br \/>575<\/em><\/span> <\/span><\/li><li style="clear:both"><\/li><\/ul><\/div>
|raw|<font size="1"><font color="#686868">Dex#:<\/font> 586&nbsp;|&ThickSpace;<font color="#686868">Gen:<\/font> 5&nbsp;|&ThickSpace;<font color="#686868">Height:<\/font> 1.9 m&nbsp;|&ThickSpace;<font color="#686868">Weight:<\/font> 92.5 kg <em>(80 BP)<\/em>&nbsp;|&ThickSpace;<font color="#686868">Dex Colour:<\/font> Brown&nbsp;|&ThickSpace;<font color="#686868">Egg Group(s):<\/font> Field&nbsp;|&ThickSpace;<font color="#686868">Does Not Evolve<\/font><\/font>

|
|t:|1608671603
|detailschange|p1a: Sawsbuck|Sawsbuck-Winter-Mega, F
|-mega|p1a: Sawsbuck|Sawsbuck|Sawsbuckite
|raw|<ul class="utilichart"><li class="result"><span class="col pokemonnamecol" style="white-space: nowrap">Sawsbuck-Winter-Mega<\/span> <span class="col typecol"><img src="https:\/\/play.pokemonshowdown.com\/sprites\/types\/Ice.png" alt="Ice" height="14" width="32"><img src="https:\/\/play.pokemonshowdown.com\/sprites\/types\/Grass.png" alt="Grass" height="14" width="32"><\/span> <span style="float: left ; min-height: 26px"><span class="col abilitycol">A Winter's Tale<\/span><span class="col abilitycol"><\/span><\/span><span style="float: left ; min-height: 26px"><span class="col statcol"><em>HP<\/em><br>80<\/span> <span class="col statcol"><em>Atk<\/em><br>125<\/span> <span class="col statcol"><em>Def<\/em><br>70<\/span> <span class="col statcol"><em>SpA<\/em><br>125<\/span> <span class="col statcol"><em>SpD<\/em><br>70<\/span> <span class="col statcol"><em>Spe<\/em><br>105<\/span> <\/span><\/li><li style="clear: both"><\/li><\/ul>
|detailschange|p2a: Parasect|Parasect-Mega, M
|-mega|p2a: Parasect|Parasect|Parasite
|raw|<ul class="utilichart"><li class="result"><span class="col pokemonnamecol" style="white-space: nowrap">Parasect-Mega<\/span> <span class="col typecol"><img src="https:\/\/play.pokemonshowdown.com\/sprites\/types\/Bug.png" alt="Bug" height="14" width="32"><img src="https:\/\/play.pokemonshowdown.com\/sprites\/types\/Dark.png" alt="Dark" height="14" width="32"><\/span> <span style="float: left ; min-height: 26px"><span class="col abilitycol">Tinted Lens<\/span><span class="col abilitycol"><\/span><\/span><span style="float: left ; min-height: 26px"><span class="col statcol"><em>HP<\/em><br>60<\/span> <span class="col statcol"><em>Atk<\/em><br>130<\/span> <span class="col statcol"><em>Def<\/em><br>80<\/span> <span class="col statcol"><em>SpA<\/em><br>40<\/span> <span class="col statcol"><em>SpD<\/em><br>80<\/span> <span class="col statcol"><em>Spe<\/em><br>115<\/span> <\/span><\/li><li style="clear: both"><\/li><\/ul>
|move|p2a: Parasect|Leech Life|p1a: Sawsbuck
|-supereffective|p1a: Sawsbuck
|-damage|p1a: Sawsbuck|0 fnt
|faint|p1a: Sawsbuck
|
|upkeep
|inactive|Time left: 295 sec this turn | 295 sec total
|c|☆ViZarPKMN|gg
|c|☆aausma|gg
|-message|ViZarPKMN forfeited.
|
|win|aausma
|inactive|Time left: 300 sec this turn | 300 sec total
|c|☆aausma|want me to get replay?
|l|☆ViZarPKMN</script>
</div>
<div class="battle-log battle-log-inline"><div class="inner"><div class="battle-options"><div style="padding-top: 3px; padding-right: 3px; text-align: right"><button class="icon button" name="openBattleOptions" title="Options">Battle Options</button></div></div><div class="inner message-log"><div class="chat"><div class="broadcast-red"><strong>This battle is invite-only!</strong><br>Users must be invited with <code>/invite</code> (or be staff) to join</div></div><div class="chat"><small>☆ViZarPKMN and ☆aausma joined</small></div><div class=""><small>Format:</small> <br><strong>[Gen 8] Megas for All</strong></div><div class=""><small><em>HP Percentage Mod:</em> HP is shown in percentages</small></div><div class=""><small><em>Endless Battle Clause:</em> Forcing endless battles is banned</small></div><div class=""><small><em>OHKO Clause:</em> OHKO moves are banned</small></div><div class=""><small><em>Evasion Moves Clause:</em> Evasion moves are banned</small></div><div class=""><small><em>Species Clause:</em> Limit one of each Pokémon</small></div><div class=""><small><em>Dynamax Clause:</em> You cannot dynamax</small></div><div class=""><small><em>Sleep Clause Mod:</em> Limit one foe put to sleep</small></div><div class=""><small><em>Freeze Clause Mod:</em> Limit one foe frozen</small></div><div class="chat battle-history"><strong>ViZarPKMN's team:</strong> <em style="color:#445566;display:block;">Ninetales-Alola / Magearna / Cinderace / Sawsbuck-Winter / Garchomp / Kartana</em></div><div class="chat battle-history"><strong>aausma's team:</strong> <em style="color:#445566;display:block;">Parasect / Slowbro / Infernape / Corviknight / Landorus-Therian / Clefable</em></div><div class="chat message-error">Battle timer is ON: inactive players will automatically lose when time's up. (requested by ViZarPKMN)</div><div class="chat chatmessage-vizarpkmn"><strong style="color:#4f78c0"><small>☆</small><span class="username" data-name="ViZarPKMN">ViZarPKMN</span>:</strong> <em>glhf</em></div><div class="spacer battle-history"><br></div><div class="battle-history">Battle started between ViZarPKMN and aausma!<br></div><div class="spacer battle-history"><br></div><div class="battle-history">ViZarPKMN sent out Ninetales (<strong>Ninetales-Alola</strong>)!<br></div><div class="spacer battle-history"><br></div><div class="battle-history">Go! <strong>Corviknight</strong>!<br></div><div class="battle-history">[The opposing Ninetales's Snow Warning]<br><small>It started to hail!</small><br></div><div class="battle-history">[Corviknight's Pressure]<br><small>Corviknight is exerting its pressure!</small><br></div><div class="spacer battle-history"><br></div><h2 class="battle-history">Turn 1</h2><div class="spacer battle-history"><br></div><div class="battle-history">The opposing Ninetales used <strong>Aurora Veil</strong>!<br></div><div class="battle-history"><small>Aurora Veil made the opposing team stronger against physical and special moves!</small><br></div><div class="spacer battle-history"><br></div><div class="battle-history">Corviknight used <strong>Defog</strong>!<br></div><div class="battle-history"><small>The opposing Ninetales's evasiveness fell!</small><br></div><div class="battle-history"><small>The opposing team's Aurora Veil wore off!</small><br></div><div class="spacer battle-history"><br></div><div class="battle-history"><small>(The hail is crashing down.)</small><br></div><div class="battle-history"><small>Corviknight is buffeted by the hail!</small><br></div><div class="battle-history"><small>Corviknight restored a little HP using its Leftovers!</small><br></div><div class="spacer battle-history"><br></div><h2 class="battle-history">Turn 2</h2><div class="spacer battle-history"><br></div><div class="battle-history">The opposing Ninetales used <strong>Encore</strong>!<br></div><div class="battle-history"><small>Corviknight must do an encore!</small><br></div><div class="spacer battle-history"><br></div><div class="battle-history">Corviknight used <strong>Defog</strong>!<br></div><div class="battle-history"><small>The opposing Ninetales's evasiveness fell!</small><br></div><div class="spacer battle-history"><br></div><div class="battle-history"><small>(The hail is crashing down.)</small><br></div><div class="battle-history"><small>Corviknight is buffeted by the hail!</small><br></div><div class="battle-history"><small>Corviknight restored a little HP using its Leftovers!</small><br></div><div class="spacer battle-history"><br></div><h2 class="battle-history">Turn 3</h2><div class="spacer battle-history"><br></div><div class="battle-history">ViZarPKMN withdrew Ninetales!<br></div><div class="battle-history">ViZarPKMN sent out <strong>Cinderace</strong>!<br></div><div class="spacer battle-history"><br></div><div class="battle-history">Corviknight, come back!<br></div><div class="battle-history">Go! Landorus (<strong>Landorus-Therian</strong>)!<br></div><div class="battle-history">[Landorus's Intimidate]<br></div><div class="battle-history"><small>The opposing Cinderace's Attack fell!</small><br></div><div class="spacer battle-history"><br></div><div class="battle-history"><small>(The hail is crashing down.)</small><br></div><div class="battle-history"><small>The opposing Cinderace is buffeted by the hail!</small><br></div><div class="battle-history"><small>Landorus is buffeted by the hail!</small><br></div><div class="spacer battle-history"><br></div><h2 class="battle-history">Turn 4</h2><div class="spacer battle-history"><br></div><div class="battle-history">ViZarPKMN withdrew Cinderace!<br></div><div class="battle-history">ViZarPKMN sent out <strong>Kartana</strong>!<br></div><div class="spacer battle-history"><br></div><div class="battle-history">Landorus used <strong>Stealth Rock</strong>!<br></div><div class="battle-history"><small>Pointed stones float in the air around the opposing team!</small><br></div><div class="spacer battle-history"><br></div><div class="battle-history"><small>(The hail is crashing down.)</small><br></div><div class="battle-history"><small>The opposing Kartana is buffeted by the hail!</small><br></div><div class="battle-history"><small>Landorus is buffeted by the hail!</small><br></div><div class="spacer battle-history"><br></div><h2 class="battle-history">Turn 5</h2><div class="spacer battle-history"><br></div><div class="battle-history">The opposing Kartana used <strong>Swords Dance</strong>!<br></div><div class="battle-history"><small>The opposing Kartana's Attack rose sharply!</small><br></div><div class="spacer battle-history"><br></div><div class="battle-history">Landorus used <strong>U-turn</strong>!<br></div><div class="battle-history"><small>(The opposing Kartana lost 23% of its health!)</small><br></div><div class="spacer battle-history"><br></div><div class="battle-history">Landorus went back to aausma!<br></div><div class="battle-history">Go! <strong>Infernape</strong>!<br></div><div class="spacer battle-history"><br></div><div class="battle-history"><small>The hail stopped.</small><br></div><div class="spacer battle-history"><br></div><h2 class="battle-history">Turn 6</h2><div class="spacer battle-history"><br></div><div class="battle-history">Infernape used <strong>Close Combat</strong>!<br></div><div class="battle-history"><small>It's super effective!</small><br></div><div class="battle-history"><small>(The opposing Kartana lost 71% of its health!)</small><br></div><div class="battle-history"><small>Infernape's Defense fell!</small><br></div><div class="battle-history"><small>Infernape's Sp. Def fell!</small><br></div><div class="spacer battle-history"><br></div><div class="battle-history">The opposing Kartana fainted!<br></div><div class="spacer battle-history"><br></div><div class="battle-history">ViZarPKMN sent out <strong>Garchomp</strong>!<br></div><div class="battle-history"><small>Pointed stones dug into the opposing Garchomp!</small><br></div><div class="spacer battle-history"><br></div><h2 class="battle-history">Turn 7</h2><div class="spacer battle-history"><br></div><div class="battle-history">Infernape, come back!<br></div><div class="battle-history">Go! <strong>Slowbro</strong>!<br></div><div class="spacer battle-history"><br></div><div class="battle-history">ViZarPKMN withdrew Garchomp!<br></div><div class="battle-history">ViZarPKMN sent out <strong>Magearna</strong>!<br></div><div class="battle-history"><small>Pointed stones dug into the opposing Magearna!</small><br></div><div class="spacer battle-history"><br></div><div class="battle-history"><small>The opposing Magearna restored a little HP using its Leftovers!</small><br></div><div class="spacer battle-history"><br></div><h2 class="battle-history">Turn 8</h2><div class="spacer battle-history"><br></div><div class="battle-history">The opposing Magearna used <strong>Shift Gear</strong>!<br></div><div class="battle-history"><small>The opposing Magearna's Speed rose sharply!</small><br></div><div class="battle-history"><small>The opposing Magearna's Attack rose!</small><br></div><div class="spacer battle-history"><br></div><div class="battle-history">Slowbro used <strong>Teleport</strong>!<br></div><div class="spacer battle-history"><br></div><div class="battle-history">Slowbro, come back!<br></div><div class="battle-history">Go! <strong>Infernape</strong>!<br></div><div class="spacer battle-history"><br></div><h2 class="battle-history">Turn 9</h2><div class="spacer battle-history"><br></div><div class="battle-history">Infernape used <strong>Flare Blitz</strong>!<br></div><div class="battle-history"><small>It's super effective!</small><br></div><div class="battle-history"><small>(The opposing Magearna lost 100% of its health!)</small><br></div><div class="battle-history"><small>Infernape was damaged by the recoil!</small><br></div><div class="spacer battle-history"><br></div><div class="battle-history">The opposing Magearna fainted!<br></div><div class="spacer battle-history"><br></div><div class="battle-history">ViZarPKMN sent out <strong>Garchomp</strong>!<br></div><div class="battle-history"><small>Pointed stones dug into the opposing Garchomp!</small><br></div><div class="spacer battle-history"><br></div><h2 class="battle-history">Turn 10</h2><div class="spacer battle-history"><br></div><div class="battle-history">Infernape, come back!<br></div><div class="battle-history">Go! <strong>Slowbro</strong>!<br></div><div class="spacer battle-history"><br></div><div class="battle-history">The opposing Garchomp used <strong>Earthquake</strong>!<br></div><div class="battle-history"><small>(Slowbro lost <abbr title="−144/394">36.5%</abbr> of its health!)</small><br></div><div class="battle-history"><small>The opposing Garchomp lost some of its HP!</small><br></div><div class="spacer battle-history"><br></div><h2 class="battle-history">Turn 11</h2><div class="spacer battle-history"><br></div><div class="battle-history">The opposing Garchomp used <strong>Swords Dance</strong>!<br></div><div class="battle-history"><small>The opposing Garchomp's Attack rose sharply!</small><br></div><div class="spacer battle-history"><br></div><div class="battle-history">Slowbro used <strong>Slack Off</strong>!<br></div><div class="battle-history"><small>Slowbro had its HP restored.</small><br></div><div class="spacer battle-history"><br></div><h2 class="battle-history">Turn 12</h2><div class="spacer battle-history"><br></div><div class="battle-history">Slowbro, come back!<br></div><div class="battle-history">Go! <strong>Corviknight</strong>!<br></div><div class="battle-history">[Corviknight's Pressure]<br><small>Corviknight is exerting its pressure!</small><br></div><div class="spacer battle-history"><br></div><div class="battle-history">The opposing Garchomp used <strong>Scale Shot</strong>!<br></div><div class="battle-history"><small>It's not very effective...</small><br></div><div class="battle-history"><small>(Corviknight lost <abbr title="−39/400">9.8%</abbr> of its health!)</small><br></div><div class="battle-history"><small>It's not very effective...</small><br></div><div class="battle-history"><small>(Corviknight lost <abbr title="−38/400">9.5%</abbr> of its health!)</small><br></div><div class="battle-history"><small>The Pokémon was hit 2 times!</small><br></div><div class="battle-history"><small>The opposing Garchomp's Defense fell!</small><br></div><div class="battle-history"><small>The opposing Garchomp's Speed rose!</small><br></div><div class="battle-history"><small>The opposing Garchomp lost some of its HP!</small><br></div><div class="spacer battle-history"><br></div><div class="battle-history"><small>Corviknight restored a little HP using its Leftovers!</small><br></div><div class="spacer battle-history"><br></div><h2 class="battle-history">Turn 13</h2><div class="spacer battle-history"><br></div><div class="battle-history">The opposing Garchomp used <strong>Stone Edge</strong>!<br></div><div class="battle-history"><small>(Corviknight lost <abbr title="−199/400">49.8%</abbr> of its health!)</small><br></div><div class="battle-history"><small>The opposing Garchomp lost some of its HP!</small><br></div><div class="spacer battle-history"><br></div><div class="battle-history">Corviknight used <strong>U-turn</strong>!<br></div><div class="battle-history"><small>(The opposing Garchomp lost 23% of its health!)</small><br></div><div class="battle-history">[The opposing Garchomp's Rough Skin]<br><small>Corviknight was hurt!</small><br></div><div class="spacer battle-history"><br></div><div class="battle-history">Corviknight went back to aausma!<br></div><div class="battle-history">Go! <strong>Infernape</strong>!<br></div><div class="spacer battle-history"><br></div><h2 class="battle-history">Turn 14</h2><div class="spacer battle-history"><br></div><div class="battle-history">Infernape used <strong>Close Combat</strong>!<br></div><div class="battle-history"><small>(The opposing Garchomp lost 36% of its health!)</small><br></div><div class="battle-history"><small>Infernape's Defense fell!</small><br></div><div class="battle-history"><small>Infernape's Sp. Def fell!</small><br></div><div class="battle-history">[The opposing Garchomp's Rough Skin]<br><small>Infernape was hurt!</small><br></div><div class="spacer battle-history"><br></div><div class="battle-history">The opposing Garchomp fainted!<br></div><div class="spacer battle-history"><br></div><div class="battle-history">ViZarPKMN sent out <strong>Cinderace</strong>!<br></div><div class="spacer battle-history"><br></div><h2 class="battle-history">Turn 15</h2><div class="spacer battle-history"><br></div><div class="battle-history">Infernape used <strong>Close Combat</strong>!<br></div><div class="battle-history"><small>(The opposing Cinderace lost 71% of its health!)</small><br></div><div class="battle-history"><small>Infernape's Defense fell!</small><br></div><div class="battle-history"><small>Infernape's Sp. Def fell!</small><br></div><div class="spacer battle-history"><br></div><div class="battle-history">The opposing Cinderace used <strong>High Jump Kick</strong>!<br></div><div class="battle-history">[The opposing Cinderace's Libero]<br><small>The opposing Cinderace's type changed to Fighting!</small><br></div><div class="battle-history"><small>(Infernape lost <abbr title="−158/293">53.9%</abbr> of its health!)</small><br></div><div class="spacer battle-history"><br></div><div class="battle-history">Infernape fainted!<br></div><div class="spacer battle-history"><br></div><div class="battle-history">Go! Landorus (<strong>Landorus-Therian</strong>)!<br></div><div class="battle-history">[Landorus's Intimidate]<br></div><div class="battle-history"><small>The opposing Cinderace's Attack fell!</small><br></div><div class="spacer battle-history"><br></div><h2 class="battle-history">Turn 16</h2><div class="spacer battle-history"><br></div><div class="battle-history">The opposing Cinderace used <strong>Sucker Punch</strong>!<br></div><div class="battle-history">[The opposing Cinderace's Libero]<br><small>The opposing Cinderace's type changed to Dark!</small><br></div><div class="battle-history"><small>(Landorus lost <abbr title="−69/382">18.1%</abbr> of its health!)</small><br></div><div class="battle-history"><small>The opposing Cinderace was hurt by the Rocky Helmet!</small><br></div><div class="spacer battle-history"><br></div><div class="battle-history">Landorus used <strong>U-turn</strong>!<br></div><div class="battle-history"><small>It's super effective!</small><br></div><div class="battle-history"><small>(The opposing Cinderace lost 8% of its health!)</small><br></div><div class="spacer battle-history"><br></div><div class="battle-history">The opposing Cinderace fainted!<br></div><div class="spacer battle-history"><br></div><div class="battle-history">Landorus went back to aausma!<br></div><div class="battle-history">Go! <strong>Parasect</strong>!<br></div><div class="spacer battle-history"><br></div><div class="battle-history">ViZarPKMN sent out Sawsbuck (<strong>Sawsbuck-Winter</strong>)!<br></div><div class="battle-history"><small>Pointed stones dug into the opposing Sawsbuck!</small><br></div><div class="spacer battle-history"><br></div><h2 class="battle-history">Turn 17</h2><div class="chat"><div class="message"><ul class="utilichart"><li class="result"><span class="col numcol">(PU)</span> <span class="col iconcol"><span class="picon" style="background: transparent url(&quot;//play.pokemonshowdown.com/sprites/pokemonicons-sheet.png?v4&quot;) no-repeat scroll -0px -0px"></span></span> <span class="col pokemonnamecol" style="white-space: nowrap"><a href="https://dex.pokemonshowdown.com/pokemon/sawsbuckwintermega" target="_blank" rel="noopener">Sawsbuck-Winter-Mega</a></span> <span class="col typecol"><img src="https://play.pokemonshowdown.com/sprites/types/Ice.png" alt="Ice" height="14" width="32"><img src="https://play.pokemonshowdown.com/sprites/types/Grass.png" alt="Grass" height="14" width="32"></span> <span style="float: left ; min-height: 26px"><span class="col abilitycol">A Winter's Tale</span><span class="col abilitycol"></span></span><span style="float: left ; min-height: 26px"><span class="col statcol"><em>HP</em><br>80</span> <span class="col statcol"><em>Atk</em><br>125</span> <span class="col statcol"><em>Def</em><br>70</span> <span class="col statcol"><em>SpA</em><br>125</span> <span class="col statcol"><em>SpD</em><br>70</span> <span class="col statcol"><em>Spe</em><br>105</span> <span class="col bstcol"><em>BST<br>575</em></span> </span></li><li style="clear: both"></li></ul></div></div><div class="chat"><font size="1"><font color="#686868">Dex#:</font> 586&nbsp;|  <font color="#686868">Gen:</font> 5&nbsp;|  <font color="#686868">Height:</font> 1.9 m&nbsp;|  <font color="#686868">Weight:</font> 92.5 kg <em>(80 BP)</em>&nbsp;|  <font color="#686868">Dex Colour:</font> Brown&nbsp;|  <font color="#686868">Egg Group(s):</font> Field&nbsp;|  <font color="#686868">Does Not Evolve</font></font></div><div class="spacer battle-history"><br></div><div class="battle-history"><small>The opposing Sawsbuck's Sawsbuckite is reacting to the Key Stone!</small><br>The opposing Sawsbuck has Mega Evolved into Mega Sawsbuck!<br></div><div class="chat"><ul class="utilichart"><li class="result"><span class="col pokemonnamecol" style="white-space: nowrap">Sawsbuck-Winter-Mega</span> <span class="col typecol"><img src="https://play.pokemonshowdown.com/sprites/types/Ice.png" alt="Ice" height="14" width="32"><img src="https://play.pokemonshowdown.com/sprites/types/Grass.png" alt="Grass" height="14" width="32"></span> <span style="float: left ; min-height: 26px"><span class="col abilitycol">A Winter's Tale</span><span class="col abilitycol"></span></span><span style="float: left ; min-height: 26px"><span class="col statcol"><em>HP</em><br>80</span> <span class="col statcol"><em>Atk</em><br>125</span> <span class="col statcol"><em>Def</em><br>70</span> <span class="col statcol"><em>SpA</em><br>125</span> <span class="col statcol"><em>SpD</em><br>70</span> <span class="col statcol"><em>Spe</em><br>105</span> </span></li><li style="clear: both"></li></ul></div><div class="spacer battle-history"><br></div><div class="battle-history"><small>Parasect's Parasite is reacting to the Key Stone!</small><br>Parasect has Mega Evolved into Mega Parasect!<br></div><div class="chat"><ul class="utilichart"><li class="result"><span class="col pokemonnamecol" style="white-space: nowrap">Parasect-Mega</span> <span class="col typecol"><img src="https://play.pokemonshowdown.com/sprites/types/Bug.png" alt="Bug" height="14" width="32"><img src="https://play.pokemonshowdown.com/sprites/types/Dark.png" alt="Dark" height="14" width="32"></span> <span style="float: left ; min-height: 26px"><span class="col abilitycol">Tinted Lens</span><span class="col abilitycol"></span></span><span style="float: left ; min-height: 26px"><span class="col statcol"><em>HP</em><br>60</span> <span class="col statcol"><em>Atk</em><br>130</span> <span class="col statcol"><em>Def</em><br>80</span> <span class="col statcol"><em>SpA</em><br>40</span> <span class="col statcol"><em>SpD</em><br>80</span> <span class="col statcol"><em>Spe</em><br>115</span> </span></li><li style="clear: both"></li></ul></div><div class="spacer battle-history"><br></div><div class="battle-history">Parasect used <strong>Leech Life</strong>!<br></div><div class="battle-history"><small>It's super effective!</small><br></div><div class="battle-history"><small>(The opposing Sawsbuck lost 88% of its health!)</small><br></div><div class="spacer battle-history"><br></div><div class="battle-history">The opposing Sawsbuck fainted!<br></div><div class="chat chatmessage-vizarpkmn"><strong style="color:#4f78c0"><small>☆</small><span class="username" data-name="ViZarPKMN">ViZarPKMN</span>:</strong> <em>gg</em></div><div class="chat chatmessage-aausma mine"><strong style="color:#18a81f"><small>☆</small><span class="username" data-name="aausma">aausma</span>:</strong> <em>gg</em></div><div class="spacer battle-history"><br></div><div class="battle-history"><small>ViZarPKMN forfeited.</small><br></div><div class="spacer battle-history"><br></div><div class="battle-history"><strong>aausma</strong> won the battle!<br></div><div class="chat chatmessage-aausma mine"><strong style="color:#18a81f"><small>☆</small><span class="username" data-name="aausma">aausma</span>:</strong> <em>want me to get replay?</em></div><div class="chat"><small>☆ViZarPKMN left</small></div></div><div class="inner-preempt message-log"></div></div></div>
</div>
<script>
let daily = Math.floor(Date.now()/1000/60/60/24);document.write('<script src="https://play.pokemonshowdown.com/js/replay-embed.js?version'+daily+'"></'+'script>');
</script>
