<!DOCTYPE html>
<meta charset="utf-8" />
<!-- version 1 -->
<title>[Gen 8] Megas for All replay: Coppersmith vs. inkbug1</title>
<style>
html,body {font-family:Verdana, sans-serif;font-size:10pt;margin:0;padding:0;}body{padding:12px 0;} .battle-log {font-family:Verdana, sans-serif;font-size:10pt;} .battle-log-inline {border:1px solid #AAAAAA;background:#EEF2F5;color:black;max-width:640px;margin:0 auto 80px;padding-bottom:5px;} .battle-log .inner {padding:4px 8px 0px 8px;} .battle-log .inner-preempt {padding:0 8px 4px 8px;} .battle-log .inner-after {margin-top:0.5em;} .battle-log h2 {margin:0.5em -8px;padding:4px 8px;border:1px solid #AAAAAA;background:#E0E7EA;border-left:0;border-right:0;font-family:Verdana, sans-serif;font-size:13pt;} .battle-log .chat {vertical-align:middle;padding:3px 0 3px 0;font-size:8pt;} .battle-log .chat strong {color:#40576A;} .battle-log .chat em {padding:1px 4px 1px 3px;color:#000000;font-style:normal;} .chat.mine {background:rgba(0,0,0,0.05);margin-left:-8px;margin-right:-8px;padding-left:8px;padding-right:8px;} .spoiler {color:#BBBBBB;background:#BBBBBB;padding:0px 3px;} .spoiler:hover, .spoiler:active, .spoiler-shown {color:#000000;background:#E2E2E2;padding:0px 3px;} .spoiler a {color:#BBBBBB;} .spoiler:hover a, .spoiler:active a, .spoiler-shown a {color:#2288CC;} .chat code, .chat .spoiler:hover code, .chat .spoiler:active code, .chat .spoiler-shown code {border:1px solid #C0C0C0;background:#EEEEEE;color:black;padding:0 2px;} .chat .spoiler code {border:1px solid #CCCCCC;background:#CCCCCC;color:#CCCCCC;} .battle-log .rated {padding:3px 4px;} .battle-log .rated strong {color:white;background:#89A;padding:1px 4px;border-radius:4px;} .spacer {margin-top:0.5em;} .message-announce {background:#6688AA;color:white;padding:1px 4px 2px;} .message-announce a, .broadcast-green a, .broadcast-blue a, .broadcast-red a {color:#DDEEFF;} .broadcast-green {background-color:#559955;color:white;padding:2px 4px;} .broadcast-blue {background-color:#6688AA;color:white;padding:2px 4px;} .infobox {border:1px solid #6688AA;padding:2px 4px;} .infobox-limited {max-height:200px;overflow:auto;overflow-x:hidden;} .broadcast-red {background-color:#AA5544;color:white;padding:2px 4px;} .message-learn-canlearn {font-weight:bold;color:#228822;text-decoration:underline;} .message-learn-cannotlearn {font-weight:bold;color:#CC2222;text-decoration:underline;} .message-effect-weak {font-weight:bold;color:#CC2222;} .message-effect-resist {font-weight:bold;color:#6688AA;} .message-effect-immune {font-weight:bold;color:#666666;} .message-learn-list {margin-top:0;margin-bottom:0;} .message-throttle-notice, .message-error {color:#992222;} .message-overflow, .chat small.message-overflow {font-size:0pt;} .message-overflow::before {font-size:9pt;content:'...';} .subtle {color:#3A4A66;}
</style>
<div class="wrapper replay-wrapper" style="max-width:1180px;margin:0 auto">
<input type="hidden" name="replayid" value="dragonheaven-gen8megasforall-714" />
<div class="battle"></div><div class="battle-log"></div><div class="replay-controls"></div><div class="replay-controls-2"></div>
<h1 style="font-weight:normal;text-align:center"><strong>[Gen 8] Megas for All</strong><br /><a href="http://pokemonshowdown.com/users/coppersmith" class="subtle" target="_blank">Coppersmith</a> vs. <a href="http://pokemonshowdown.com/users/inkbug1" class="subtle" target="_blank">inkbug1</a></h1>
<script type="text/plain" class="battle-log-data">|j|☆Coppersmith
|j|☆inkbug1

|t:|1610606082
|player|p1|Coppersmith|pokemonranger-gen4|
|player|p2|inkbug1|burgh|
|teamsize|p1|6
|teamsize|p2|6
|gametype|singles
|gen|8
|tier|[Gen 8] Megas for All
|clearpoke
|poke|p1|Conkeldurr, F|
|poke|p1|Blissey, F|
|poke|p1|Heatran, M|
|poke|p1|Rillaboom, F|
|poke|p1|Greninja, M|
|poke|p1|Landorus-Therian, M|
|poke|p2|Incineroar, F|
|poke|p2|Noivern, M|
|poke|p2|Krookodile, F|
|poke|p2|Vaporeon, M|
|poke|p2|Zygarde-10%|
|poke|p2|Kricketune, M|
|rule|HP Percentage Mod: HP is shown in percentages
|rule|Endless Battle Clause: Forcing endless battles is banned
|rule|OHKO Clause: OHKO moves are banned
|rule|Evasion Moves Clause: Evasion moves are banned
|rule|Species Clause: Limit one of each Pokémon
|rule|Dynamax Clause: You cannot dynamax
|rule|Sleep Clause Mod: Limit one foe put to sleep
|rule|Freeze Clause Mod: Limit one foe frozen
|raw|<img src="https:\/\/www.smogon.com\/forums\/attachments\/banner_2-png.302358\/" height="65" width="381">
|-message|Welcome to Megas for All!
|-message|This is a National Dex-based format where we aim to give a new Mega Evolution to every Pokémon.
|-message|Just like any official format, you can still only Mega Evolve one Pokémon per team!
|-message|You can find our thread and metagame resources here:
|-message|https:\/\/www.smogon.com\/forums\/threads\/3671140\/
|teampreview
|c|☆Coppersmith|scary
|
|t:|1610606095
|start
|switch|p1a: Conkeldurr|Conkeldurr, F|100\/100
|switch|p2a: Shay|Krookodile, F|374\/374
|-ability|p2a: Shay|Intimidate|boost
|-unboost|p1a: Conkeldurr|atk|1
|turn|1
|
|t:|1610606104
|switch|p2a: Apollo|Kricketune, M|296\/296
|detailschange|p1a: Conkeldurr|Conkeldurr-Mega, F
|-mega|p1a: Conkeldurr|Conkeldurr|Conkeldite
|-start|p1a: Conkeldurr|typechange|Fighting|[silent]
|raw|<ul class="utilichart"><li class="result"><span class="col pokemonnamecol" style="white-space: nowrap">Conkeldurr-Mega<\/span> <span class="col typecol"><img src="https:\/\/play.pokemonshowdown.com\/sprites\/types\/Fighting.png" alt="Fighting" height="14" width="32"><\/span> <span style="float: left ; min-height: 26px"><span class="col abilitycol">Long Reach<\/span><span class="col abilitycol"><\/span><\/span><span style="float: left ; min-height: 26px"><span class="col statcol"><em>HP<\/em><br>105<\/span> <span class="col statcol"><em>Atk<\/em><br>190<\/span> <span class="col statcol"><em>Def<\/em><br>125<\/span> <span class="col statcol"><em>SpA<\/em><br>55<\/span> <span class="col statcol"><em>SpD<\/em><br>85<\/span> <span class="col statcol"><em>Spe<\/em><br>45<\/span> <\/span><\/li><li style="clear: both"><\/li><\/ul>
|move|p1a: Conkeldurr|Knock Off|p2a: Apollo
|-damage|p2a: Apollo|185\/296
|
|upkeep
|turn|2
|
|t:|1610606116
|detailschange|p2a: Apollo|Kricketune-Mega, M
|-mega|p2a: Apollo|Kricketune|Kricketite
|-start|p2a: Apollo|typechange|Bug\/Fighting|[silent]
|raw|<ul class="utilichart"><li class="result"><span class="col pokemonnamecol" style="white-space: nowrap">Kricketune-Mega<\/span> <span class="col typecol"><img src="https:\/\/play.pokemonshowdown.com\/sprites\/types\/Bug.png" alt="Bug" height="14" width="32"><img src="https:\/\/play.pokemonshowdown.com\/sprites\/types\/Fighting.png" alt="Fighting" height="14" width="32"><\/span> <span style="float: left ; min-height: 26px"><span class="col abilitycol">Dancer<\/span><span class="col abilitycol"><\/span><\/span><span style="float: left ; min-height: 26px"><span class="col statcol"><em>HP<\/em><br>77<\/span> <span class="col statcol"><em>Atk<\/em><br>145<\/span> <span class="col statcol"><em>Def<\/em><br>51<\/span> <span class="col statcol"><em>SpA<\/em><br>15<\/span> <span class="col statcol"><em>SpD<\/em><br>51<\/span> <span class="col statcol"><em>Spe<\/em><br>145<\/span> <\/span><\/li><li style="clear: both"><\/li><\/ul>
|move|p2a: Apollo|Swords Dance|p2a: Apollo
|-boost|p2a: Apollo|atk|2
|move|p1a: Conkeldurr|Drain Punch|p2a: Apollo
|-resisted|p2a: Apollo
|-damage|p2a: Apollo|104\/296
|
|upkeep
|turn|3
|
|t:|1610606127
|move|p2a: Apollo|Triple Axel|p1a: Conkeldurr
|-damage|p1a: Conkeldurr|92\/100
|-damage|p1a: Conkeldurr|77\/100
|-damage|p1a: Conkeldurr|54\/100
|-hitcount|p1a: Conkeldurr|3
|move|p1a: Conkeldurr|Knock Off|p2a: Apollo
|-resisted|p2a: Apollo
|-damage|p2a: Apollo|55\/296
|
|upkeep
|turn|4
|c|☆Coppersmith|it cant do enough
|c|☆inkbug1|beefyyyyy
|c|☆Coppersmith|max physdef
|
|t:|1610606140
|move|p2a: Apollo|U-turn|p1a: Conkeldurr
|-resisted|p1a: Conkeldurr
|-damage|p1a: Conkeldurr|32\/100
|
|t:|1610606146
|switch|p2a: Cindy|Incineroar, F|394\/394
|-ability|p2a: Cindy|Intimidate|boost
|-unboost|p1a: Conkeldurr|atk|1
|move|p1a: Conkeldurr|Shore Up|p1a: Conkeldurr
|-heal|p1a: Conkeldurr|82\/100
|
|upkeep
|turn|5
|
|t:|1610606154
|move|p2a: Cindy|Will-O-Wisp|p1a: Conkeldurr
|-status|p1a: Conkeldurr|brn
|move|p1a: Conkeldurr|Shore Up|p1a: Conkeldurr
|-heal|p1a: Conkeldurr|100\/100 brn
|
|-damage|p1a: Conkeldurr|94\/100 brn|[from] brn
|upkeep
|turn|6
|c|☆Coppersmith|buff
|c|☆Coppersmith|lad
|
|t:|1610606164
|switch|p2a: Oliver|Noivern, M|311\/311
|switch|p1a: Blissey|Blissey, F|100\/100
|
|upkeep
|turn|7
|c|☆Coppersmith|this is fine
|
|t:|1610606173
|move|p2a: Oliver|U-turn|p1a: Blissey
|-damage|p1a: Blissey|92\/100
|
|t:|1610606176
|switch|p2a: Finnigan|Vaporeon, M|464\/464
|move|p1a: Blissey|Aromatherapy|p1a: Blissey
|-activate|p1a: Blissey|move: Aromatherapy
|-curestatus|p1: Conkeldurr|brn|[msg]
|
|upkeep
|turn|8
|c|☆Coppersmith|i have aroma on this squad
|
|t:|1610606189
|move|p2a: Finnigan|Wish|p2a: Finnigan
|move|p1a: Blissey|Teleport|p1a: Blissey
|
|t:|1610606193
|switch|p1a: Rillaboom|Rillaboom, F|100\/100|[from]move: Teleport
|-fieldstart|move: Grassy Terrain|[from] ability: Grassy Surge|[of] p1a: Rillaboom
|
|upkeep
|turn|9
|
|t:|1610606200
|move|p1a: Rillaboom|U-turn|p2a: Finnigan
|-damage|p2a: Finnigan|312\/464
|c|☆Coppersmith|um you are supposed to switch there mate
|
|t:|1610606216
|switch|p1a: Blissey|Blissey, F|92\/100|[from]move: U-turn
|move|p2a: Finnigan|Flip Turn|p1a: Blissey
|-damage|p1a: Blissey|78\/100
|
|t:|1610606222
|switch|p2a: Apollo|Kricketune-Mega, M|55\/296
|-start|p2a: Apollo|typechange|Bug\/Fighting|[silent]
|
|-heal|p2a: Apollo|287\/296|[from] move: Wish|[wisher] Finnigan
|-heal|p2a: Apollo|296\/296|[from] Grassy Terrain
|-heal|p1a: Blissey|85\/100|[from] Grassy Terrain
|upkeep
|turn|10
|c|☆Coppersmith|so i can hurt you
|
|t:|1610606233
|move|p2a: Apollo|Swords Dance|p2a: Apollo
|-boost|p2a: Apollo|atk|2
|move|p1a: Blissey|Teleport|p1a: Blissey
|
|t:|1610606248
|switch|p1a: Landorus|Landorus-Therian, M|100\/100|[from]move: Teleport
|-ability|p1a: Landorus|Intimidate|boost
|-unboost|p2a: Apollo|atk|1
|
|upkeep
|turn|11
|
|t:|1610606255
|switch|p1a: Heatran|Heatran, M|100\/100
|move|p2a: Apollo|Triple Axel|p1a: Heatran
|-resisted|p1a: Heatran
|-damage|p1a: Heatran|98\/100
|-resisted|p1a: Heatran
|-damage|p1a: Heatran|94\/100
|-resisted|p1a: Heatran
|-damage|p1a: Heatran|86\/100
|-hitcount|p1a: Heatran|3
|
|-heal|p1a: Heatran|92\/100|[from] item: Leftovers
|-heal|p1a: Heatran|98\/100|[from] Grassy Terrain
|upkeep
|turn|12
|
|t:|1610606272
|switch|p1a: Conkeldurr|Conkeldurr-Mega, F|94\/100
|-start|p1a: Conkeldurr|typechange|Fighting|[silent]
|move|p2a: Apollo|U-turn|p1a: Conkeldurr
|-resisted|p1a: Conkeldurr
|-damage|p1a: Conkeldurr|79\/100
|
|t:|1610606278
|switch|p2a: Oliver|Noivern, M|311\/311
|
|-heal|p1a: Conkeldurr|85\/100|[from] Grassy Terrain
|-fieldend|move: Grassy Terrain
|upkeep
|turn|13
|c|☆Coppersmith|this is requiring my maximum brainpower
|
|t:|1610606292
|switch|p1a: Blissey|Blissey, F|85\/100
|move|p2a: Oliver|Hurricane|p1a: Blissey
|-damage|p1a: Blissey|67\/100
|
|upkeep
|turn|14
|c|☆inkbug1|asdasd
|
|t:|1610606301
|move|p2a: Oliver|U-turn|p1a: Blissey
|-damage|p1a: Blissey|58\/100
|
|t:|1610606310
|switch|p2a: Shay|Krookodile, F|374\/374
|-ability|p2a: Shay|Intimidate|boost
|-unboost|p1a: Blissey|atk|1
|move|p1a: Blissey|Soft-Boiled|p1a: Blissey
|-heal|p1a: Blissey|100\/100
|
|upkeep
|turn|15
|c|☆inkbug1|oh right this is the krookodile w the
|c|☆inkbug1|bizarre
|c|☆inkbug1|set
|c|☆inkbug1|what was i doing on this one i remember this vrsion vaguely
|c|☆inkbug1|i iterated a __lot__ on the leavanny teams
|
|t:|1610606359
|switch|p1a: Conkeldurr|Conkeldurr-Mega, F|85\/100
|-start|p1a: Conkeldurr|typechange|Fighting|[silent]
|move|p2a: Shay|Taunt|p1a: Conkeldurr
|-start|p1a: Conkeldurr|move: Taunt
|
|upkeep
|turn|16
|
|t:|1610606371
|switch|p2a: Cello|Zygarde-10%|249\/249
|-ability|p2a: Cello|Aura Break
|move|p1a: Conkeldurr|Knock Off|p2a: Cello
|-damage|p2a: Cello|82\/249
|-enditem|p2a: Cello|Choice Scarf|[from] move: Knock Off|[of] p1a: Conkeldurr
|
|upkeep
|turn|17
|c|☆inkbug1|ow
|
|t:|1610606384
|switch|p2a: Oliver|Noivern, M|311\/311
|move|p1a: Conkeldurr|Drain Punch|p2a: Oliver
|-resisted|p2a: Oliver
|-damage|p2a: Oliver|223\/311
|-heal|p1a: Conkeldurr|96\/100|[from] drain|[of] p2a: Oliver
|
|-end|p1a: Conkeldurr|move: Taunt
|upkeep
|turn|18
|c|☆inkbug1|that
|c|☆inkbug1|did a __lot__ for a resist
|c|☆Coppersmith|k so you know how hema runs spdef kart
|c|☆inkbug1|mhm
|c|☆Coppersmith|i actually think its rad bc
|
|t:|1610606413
|switch|p1a: Blissey|Blissey, F|100\/100
|move|p2a: Oliver|Hurricane|p1a: Blissey
|-damage|p1a: Blissey|83\/100
|
|upkeep
|turn|19
|c|☆Coppersmith|this conk
|c|☆Coppersmith|has base 190 attack.
|c|☆Coppersmith|and thats cool and all but
|c|☆inkbug1|yeah like you arnt gonna get a whole lot more out of it by investng 
|c|☆Coppersmith|max attack doesnt do a lot
|c|☆Coppersmith|right
|
|t:|1610606465
|move|p2a: Oliver|Hurricane|p1a: Blissey
|-damage|p1a: Blissey|65\/100
|move|p1a: Blissey|Teleport|p1a: Blissey
|c|☆Coppersmith|so it has kind of a crazy offensive presence
|c|☆inkbug1|yeah thats kinda epic
|c|☆Coppersmith|with insane bulk, recovery, long reach, knock, and defog
|c|☆Coppersmith|rolled into one
|c|☆Coppersmith|blissconk is a nuts core
|c|☆inkbug1|should prob try it at somepoint
|
|t:|1610606511
|switch|p1a: Greninja|Greninja, M|100\/100|[from]move: Teleport
|
|upkeep
|turn|20
|
|t:|1610606521
|switch|p1a: Blissey|Blissey, F|65\/100
|move|p2a: Oliver|U-turn|p1a: Blissey
|-damage|p1a: Blissey|55\/100
|
|t:|1610606526
|switch|p2a: Apollo|Kricketune-Mega, M|296\/296
|-start|p2a: Apollo|typechange|Bug\/Fighting|[silent]
|
|upkeep
|turn|21
|
|t:|1610606533
|switch|p1a: Landorus|Landorus-Therian, M|100\/100
|-ability|p1a: Landorus|Intimidate|boost
|-unboost|p2a: Apollo|atk|1
|move|p2a: Apollo|Swords Dance|p2a: Apollo
|-boost|p2a: Apollo|atk|2
|
|upkeep
|turn|22
|
|t:|1610606543
|switch|p1a: Heatran|Heatran, M|98\/100
|move|p2a: Apollo|Swords Dance|p2a: Apollo
|-boost|p2a: Apollo|atk|2
|
|-heal|p1a: Heatran|100\/100|[from] item: Leftovers
|upkeep
|turn|23
|c|☆Coppersmith|shoot
|
|t:|1610606554
|move|p2a: Apollo|Close Combat|p1a: Heatran
|-supereffective|p1a: Heatran
|-damage|p1a: Heatran|0 fnt
|-unboost|p2a: Apollo|def|1
|-unboost|p2a: Apollo|spd|1
|faint|p1a: Heatran
|
|upkeep
|
|t:|1610606576
|switch|p1a: Greninja|Greninja, M|100\/100
|turn|24
|c|☆Coppersmith|ok prayer time
|
|t:|1610606584
|switch|p2a: Finnigan|Vaporeon, M|312\/464
|move|p1a: Greninja|Water Shuriken|p2a: Finnigan
|-heal|p2a: Finnigan|428\/464|[from] ability: Water Absorb|[of] p1a: Greninja
|
|-heal|p2a: Finnigan|457\/464|[from] item: Leftovers
|upkeep
|turn|25
|c|☆Coppersmith|neeevermind
|
|t:|1610606595
|switch|p1a: Blissey|Blissey, F|55\/100
|move|p2a: Finnigan|Toxic|p1a: Blissey
|-status|p1a: Blissey|tox
|
|-heal|p2a: Finnigan|464\/464|[from] item: Leftovers
|-damage|p1a: Blissey|49\/100 tox|[from] psn
|upkeep
|turn|26
|
|t:|1610606607
|move|p1a: Blissey|Soft-Boiled|p1a: Blissey
|-heal|p1a: Blissey|99\/100 tox
|move|p2a: Finnigan|Flip Turn|p1a: Blissey
|-damage|p1a: Blissey|86\/100 tox
|
|t:|1610606612
|switch|p2a: Apollo|Kricketune-Mega, M|296\/296
|-start|p2a: Apollo|typechange|Bug\/Fighting|[silent]
|
|-damage|p1a: Blissey|74\/100 tox|[from] psn
|upkeep
|turn|27
|
|t:|1610606619
|move|p2a: Apollo|Triple Axel|p1a: Blissey
|-damage|p1a: Blissey|67\/100 tox
|-crit|p1a: Blissey
|-damage|p1a: Blissey|48\/100 tox
|-damage|p1a: Blissey|30\/100 tox
|-hitcount|p1a: Blissey|3
|move|p1a: Blissey|Teleport|p1a: Blissey
|
|t:|1610606637
|switch|p1a: Conkeldurr|Conkeldurr-Mega, F|96\/100|[from]move: Teleport
|-start|p1a: Conkeldurr|typechange|Fighting|[silent]
|
|upkeep
|turn|28
|
|t:|1610606646
|switch|p1a: Landorus|Landorus-Therian, M|100\/100
|-ability|p1a: Landorus|Intimidate|boost
|-unboost|p2a: Apollo|atk|1
|move|p2a: Apollo|Swords Dance|p2a: Apollo
|-boost|p2a: Apollo|atk|2
|
|upkeep
|turn|29
|
|t:|1610606657
|move|p2a: Apollo|Close Combat|p1a: Landorus
|-resisted|p1a: Landorus
|-damage|p1a: Landorus|43\/100
|-unboost|p2a: Apollo|def|1
|-unboost|p2a: Apollo|spd|1
|move|p1a: Landorus|Fly||[still]
|-prepare|p1a: Landorus|Fly
|
|upkeep
|turn|30
|c|☆Coppersmith|a
|
|t:|1610606673
|switch|p2a: Cindy|Incineroar, F|394\/394
|-ability|p2a: Cindy|Intimidate|boost
|-unboost|p1a: Landorus|atk|1
|move|p1a: Landorus|Fly|p2a: Cindy|[from]lockedmove
|-damage|p2a: Cindy|274\/394
|
|upkeep
|turn|31
|c|☆Coppersmith|meant to z-move
|c|☆inkbug1|oh rip
|
|t:|1610606685
|switch|p2a: Oliver|Noivern, M|223\/311
|move|p1a: Landorus|Swords Dance|p1a: Landorus
|-boost|p1a: Landorus|atk|2
|
|upkeep
|turn|32
|
|t:|1610606698
|switch|p1a: Blissey|Blissey, F|30\/100
|move|p2a: Oliver|Draco Meteor|p1a: Blissey
|-damage|p1a: Blissey|10\/100
|-unboost|p2a: Oliver|spa|2
|
|upkeep
|turn|33
|
|t:|1610606705
|move|p2a: Oliver|U-turn|p1a: Blissey
|-damage|p1a: Blissey|1\/100
|c|☆Coppersmith|OOOOOO
|
|t:|1610606709
|switch|p2a: Apollo|Kricketune-Mega, M|296\/296
|-start|p2a: Apollo|typechange|Bug\/Fighting|[silent]
|move|p1a: Blissey|Soft-Boiled|p1a: Blissey
|-heal|p1a: Blissey|51\/100
|
|upkeep
|turn|34
|c|☆inkbug1|the 1% tho jhgsdjfsdfsdf
|
|t:|1610606725
|move|p2a: Apollo|Swords Dance|p2a: Apollo
|-boost|p2a: Apollo|atk|2
|move|p1a: Blissey|Seismic Toss|p2a: Apollo
|-damage|p2a: Apollo|196\/296
|
|upkeep
|turn|35
|c|☆inkbug1|mvp
|
|t:|1610606733
|move|p2a: Apollo|Triple Axel|p1a: Blissey
|-damage|p1a: Blissey|38\/100
|-damage|p1a: Blissey|12\/100
|-damage|p1a: Blissey|0 fnt
|-hitcount|p1a: Blissey|3
|faint|p1a: Blissey
|
|upkeep
|c|☆Coppersmith|ok somehow
|c|☆Coppersmith|triple axel is perfectly accurate tonight
|c|☆inkbug1|apparently
|
|t:|1610606759
|switch|p1a: Conkeldurr|Conkeldurr-Mega, F|96\/100
|-start|p1a: Conkeldurr|typechange|Fighting|[silent]
|turn|36
|c|☆inkbug1|i havent seen it whiff yet which is nuts
|
|t:|1610606765
|move|p2a: Apollo|Close Combat|p1a: Conkeldurr
|-damage|p1a: Conkeldurr|25\/100
|-unboost|p2a: Apollo|def|1
|-unboost|p2a: Apollo|spd|1
|move|p1a: Conkeldurr|Knock Off|p2a: Apollo
|-resisted|p2a: Apollo
|-damage|p2a: Apollo|81\/296
|
|upkeep
|turn|37
|c|☆Coppersmith|its not natural
|
|t:|1610606781
|switch|p1a: Landorus|Landorus-Therian, M|43\/100
|-ability|p1a: Landorus|Intimidate|boost
|-unboost|p2a: Apollo|atk|1
|move|p2a: Apollo|Triple Axel|p1a: Landorus|[miss]
|-miss|p2a: Apollo|p1a: Landorus
|
|upkeep
|turn|38
|c|☆inkbug1|of course i shouldnt say that
|c|☆inkbug1|becauyse
|c|☆inkbug1|YEaH 
|c|☆Coppersmith|lol
|c|☆inkbug1|I TYPED THAT before it whiffed there
|
|t:|1610606803
|move|p2a: Apollo|Triple Axel|p1a: Landorus
|-supereffective|p1a: Landorus
|-damage|p1a: Landorus|0 fnt
|-hitcount|p1a: Landorus|1
|faint|p1a: Landorus
|
|upkeep
|
|t:|1610606809
|switch|p1a: Rillaboom|Rillaboom, F|100\/100
|-fieldstart|move: Grassy Terrain|[from] ability: Grassy Surge|[of] p1a: Rillaboom
|turn|39
|
|t:|1610606814
|switch|p2a: Cindy|Incineroar, F|274\/394
|-ability|p2a: Cindy|Intimidate|boost
|-unboost|p1a: Rillaboom|atk|1
|move|p1a: Rillaboom|U-turn|p2a: Cindy
|-damage|p2a: Cindy|172\/394
|c|☆Coppersmith|finally
|
|t:|1610606824
|switch|p1a: Greninja|Greninja, M|100\/100|[from]move: U-turn
|
|-heal|p2a: Cindy|196\/394|[from] Grassy Terrain
|upkeep
|turn|40
|
|t:|1610606836
|switch|p2a: Finnigan|Vaporeon, M|464\/464
|move|p1a: Greninja|Spikes|p2a: Finnigan
|-sidestart|p2: inkbug1|Spikes
|
|upkeep
|turn|41
|
|t:|1610606841
|move|p1a: Greninja|Spikes|p2a: Finnigan
|-sidestart|p2: inkbug1|Spikes
|move|p2a: Finnigan|Toxic|p1a: Greninja
|-status|p1a: Greninja|tox
|
|-damage|p1a: Greninja|95\/100 tox|[from] psn
|upkeep
|turn|42
|
|t:|1610606847
|move|p1a: Greninja|Spikes|p2a: Finnigan
|-sidestart|p2: inkbug1|Spikes
|move|p2a: Finnigan|Flip Turn|p1a: Greninja
|-resisted|p1a: Greninja
|-damage|p1a: Greninja|82\/100 tox
|
|t:|1610606852
|switch|p2a: Oliver|Noivern, M|223\/311
|
|-heal|p1a: Greninja|88\/100 tox|[from] Grassy Terrain
|-damage|p1a: Greninja|76\/100 tox|[from] psn
|upkeep
|turn|43
|
|t:|1610606859
|switch|p1a: Conkeldurr|Conkeldurr-Mega, F|25\/100
|-start|p1a: Conkeldurr|typechange|Fighting|[silent]
|move|p2a: Oliver|Defog|p1a: Conkeldurr
|-unboost|p1a: Conkeldurr|evasion|1
|-sideend|p2: inkbug1|Spikes|[from] move: Defog|[of] p2a: Oliver
|-fieldend|move: Grassy Terrain
|
|upkeep
|turn|44
|
|t:|1610606866
|move|p2a: Oliver|Hurricane|p1a: Conkeldurr
|-supereffective|p1a: Conkeldurr
|-damage|p1a: Conkeldurr|0 fnt
|faint|p1a: Conkeldurr
|
|upkeep
|
|t:|1610606874
|switch|p1a: Greninja|Greninja, M|76\/100 tox
|turn|45
|c|☆inkbug1|this team is 
|c|☆inkbug1|uh 
|c|☆Coppersmith|hurricane has also been remarkably accurate.
|c|☆inkbug1|behaving much more admirably than mine usually do
|c|☆inkbug1|which is 
|c|☆inkbug1|bizarre
|c|☆Coppersmith|they are on a mission
|
|t:|1610606899
|switch|p2a: Cindy|Incineroar, F|196\/394
|-ability|p2a: Cindy|Intimidate|boost
|-unboost|p1a: Greninja|atk|1
|move|p1a: Greninja|Dark Pulse|p2a: Cindy
|-resisted|p2a: Cindy
|-damage|p2a: Cindy|122\/394
|
|-damage|p1a: Greninja|70\/100 tox|[from] psn
|upkeep
|turn|46
|c|☆inkbug1|oh i was predicting ice beam but that works too
|c|☆Coppersmith|flinch hax
|c|☆Coppersmith|please
|
|t:|1610606917
|move|p1a: Greninja|Dark Pulse|p2a: Cindy
|-resisted|p2a: Cindy
|-damage|p2a: Cindy|58\/394
|cant|p2a: Cindy|flinch
|
|-damage|p1a: Greninja|58\/100 tox|[from] psn
|upkeep
|turn|47
|c|☆Coppersmith|yes
|c|☆inkbug1|sdfsdfsdf
|
|t:|1610606924
|switch|p2a: Finnigan|Vaporeon, M|464\/464
|move|p1a: Greninja|Dark Pulse|p2a: Finnigan
|-damage|p2a: Finnigan|284\/464
|
|-heal|p2a: Finnigan|313\/464|[from] item: Leftovers
|-damage|p1a: Greninja|40\/100 tox|[from] psn
|upkeep
|turn|48
|c|☆inkbug1|ow ? okay
|c|☆inkbug1|oh wow huh
|c|☆Coppersmith|when i call, flinchhax answers me.
|c|☆inkbug1|cindys spd is actually higher 
|
|t:|1610606949
|move|p1a: Greninja|Dark Pulse|p2a: Finnigan
|-damage|p2a: Finnigan|138\/464
|move|p2a: Finnigan|Wish|p2a: Finnigan
|
|-heal|p2a: Finnigan|167\/464|[from] item: Leftovers
|-damage|p1a: Greninja|16\/100 tox|[from] psn
|upkeep
|turn|49
|
|t:|1610606963
|switch|p2a: Shay|Krookodile, F|374\/374
|-ability|p2a: Shay|Intimidate|boost
|-unboost|p1a: Greninja|atk|1
|move|p1a: Greninja|Dark Pulse|p2a: Shay
|-resisted|p2a: Shay
|-damage|p2a: Shay|275\/374
|
|-heal|p2a: Shay|374\/374|[from] move: Wish|[wisher] Finnigan
|-damage|p1a: Greninja|0 fnt|[from] psn
|faint|p1a: Greninja
|upkeep
|
|t:|1610606973
|switch|p1a: Rillaboom|Rillaboom, F|100\/100
|-fieldstart|move: Grassy Terrain|[from] ability: Grassy Surge|[of] p1a: Rillaboom
|turn|50
|
|t:|1610606979
|move|p1a: Rillaboom|Grassy Glide|p2a: Shay
|-supereffective|p2a: Shay
|-crit|p2a: Shay
|-damage|p2a: Shay|0 fnt
|faint|p2a: Shay
|
|upkeep
|c|☆inkbug1|yea thats fair
|
|t:|1610606990
|switch|p2a: Apollo|Kricketune-Mega, M|81\/296
|-start|p2a: Apollo|typechange|Bug\/Fighting|[silent]
|turn|51
|c|☆Coppersmith|tis
|c|☆inkbug1|wait whyd i switch to him
|c|☆Coppersmith|o
|
|t:|1610607001
|switch|p2a: Cindy|Incineroar, F|58\/394
|-ability|p2a: Cindy|Intimidate|boost
|-unboost|p1a: Rillaboom|atk|1
|move|p1a: Rillaboom|Grassy Glide|p2a: Cindy
|-resisted|p2a: Cindy
|-damage|p2a: Cindy|0 fnt
|faint|p2a: Cindy
|
|upkeep
|c|☆Coppersmith|:surprisepika
|
|t:|1610607010
|switch|p2a: Apollo|Kricketune-Mega, M|81\/296
|-start|p2a: Apollo|typechange|Bug\/Fighting|[silent]
|turn|52
|
|t:|1610607014
|move|p1a: Rillaboom|Grassy Glide|p2a: Apollo
|-resisted|p2a: Apollo
|-damage|p2a: Apollo|0 fnt
|faint|p2a: Apollo
|
|upkeep
|c|☆inkbug1|yea ok 
|
|t:|1610607020
|switch|p2a: Oliver|Noivern, M|223\/311
|turn|53
|c|☆Coppersmith|still not enough
|c|☆Coppersmith|crit
|
|t:|1610607027
|move|p1a: Rillaboom|Grassy Glide|p2a: Oliver
|-resisted|p2a: Oliver
|-crit|p2a: Oliver
|-damage|p2a: Oliver|97\/311
|move|p2a: Oliver|Hurricane|p1a: Rillaboom
|-supereffective|p1a: Rillaboom
|-damage|p1a: Rillaboom|0 fnt
|faint|p1a: Rillaboom
|
|win|inkbug1
|c|☆inkbug1|it __did__ crit ! 
|c|☆Coppersmith|gg!
|c|☆inkbug1|gg !</script>
</div>
<div class="battle-log battle-log-inline"><div class="inner"><div class="battle-options"><div style="padding-top: 3px; padding-right: 3px; text-align: right"><button class="icon button" name="openBattleOptions" title="Options">Battle Options</button></div></div><div class="inner message-log"><div class="chat"><small>☆Coppersmith and ☆inkbug1 joined</small></div><div class=""><small>Format:</small> <br><strong>[Gen 8] Megas for All</strong></div><div class=""><small><em>HP Percentage Mod:</em> HP is shown in percentages</small></div><div class=""><small><em>Endless Battle Clause:</em> Forcing endless battles is banned</small></div><div class=""><small><em>OHKO Clause:</em> OHKO moves are banned</small></div><div class=""><small><em>Evasion Moves Clause:</em> Evasion moves are banned</small></div><div class=""><small><em>Species Clause:</em> Limit one of each Pokémon</small></div><div class=""><small><em>Dynamax Clause:</em> You cannot dynamax</small></div><div class=""><small><em>Sleep Clause Mod:</em> Limit one foe put to sleep</small></div><div class=""><small><em>Freeze Clause Mod:</em> Limit one foe frozen</small></div><div class="chat"><img src="https://www.smogon.com/forums/attachments/banner_2-png.302358/" height="65" width="381"></div><div class="spacer battle-history"><br></div><div class="battle-history"><small>Welcome to Megas for All!</small><br></div><div class="battle-history"><small>This is a National Dex-based format where we aim to give a new Mega Evolution to every Pokémon.</small><br></div><div class="battle-history"><small>Just like any official format, you can still only Mega Evolve one Pokémon per team!</small><br></div><div class="battle-history"><small>You can find our thread and metagame resources here:</small><br></div><div class="battle-history"><small>https://www.smogon.com/forums/threads/3671140/</small><br></div><div class="chat battle-history"><strong>Coppersmith's team:</strong> <em style="color:#445566;display:block;">Conkeldurr / Blissey / Heatran / Rillaboom / Greninja / Landorus-Therian</em></div><div class="chat battle-history"><strong>inkbug1's team:</strong> <em style="color:#445566;display:block;">Incineroar / Noivern / Krookodile / Vaporeon / Zygarde-10% / Kricketune</em></div><div class="chat chatmessage-coppersmith"><strong style="color:#0aa445"><small>☆</small><span class="username" data-name="Coppersmith">Coppersmith</span>:</strong> <em>scary</em></div><div class="spacer battle-history"><br></div><div class="battle-history">Battle started between Coppersmith and inkbug1!<br></div><div class="spacer battle-history"><br></div><div class="battle-history">Coppersmith sent out <strong>Conkeldurr</strong>!<br></div><div class="spacer battle-history"><br></div><div class="battle-history">Go! Shay (<strong>Krookodile</strong>)!<br></div><div class="battle-history">[Shay's Intimidate]<br></div><div class="battle-history"><small>The opposing Conkeldurr's Attack fell!</small><br></div><div class="spacer battle-history"><br></div><h2 class="battle-history">Turn 1</h2><div class="spacer battle-history"><br></div><div class="battle-history">Shay, come back!<br></div><div class="battle-history">Go! Apollo (<strong>Kricketune</strong>)!<br></div><div class="spacer battle-history"><br></div><div class="battle-history"><small>The opposing Conkeldurr's Conkeldite is reacting to the Key Stone!</small><br>The opposing Conkeldurr has Mega Evolved into Mega Conkeldurr!<br></div><div class="chat"><ul class="utilichart"><li class="result"><span class="col pokemonnamecol" style="white-space: nowrap">Conkeldurr-Mega</span> <span class="col typecol"><img src="https://play.pokemonshowdown.com/sprites/types/Fighting.png" alt="Fighting" height="14" width="32"></span> <span style="float: left ; min-height: 26px"><span class="col abilitycol">Long Reach</span><span class="col abilitycol"></span></span><span style="float: left ; min-height: 26px"><span class="col statcol"><em>HP</em><br>105</span> <span class="col statcol"><em>Atk</em><br>190</span> <span class="col statcol"><em>Def</em><br>125</span> <span class="col statcol"><em>SpA</em><br>55</span> <span class="col statcol"><em>SpD</em><br>85</span> <span class="col statcol"><em>Spe</em><br>45</span> </span></li><li style="clear: both"></li></ul></div><div class="spacer battle-history"><br></div><div class="battle-history">The opposing Conkeldurr used <strong>Knock Off</strong>!<br></div><div class="battle-history"><small>(Apollo lost <abbr title="−111/296">37.5%</abbr> of its health!)</small><br></div><div class="spacer battle-history"><br></div><h2 class="battle-history">Turn 2</h2><div class="spacer battle-history"><br></div><div class="battle-history"><small>Apollo's Kricketite is reacting to the Key Stone!</small><br>Apollo has Mega Evolved into Mega Kricketune!<br></div><div class="chat"><ul class="utilichart"><li class="result"><span class="col pokemonnamecol" style="white-space: nowrap">Kricketune-Mega</span> <span class="col typecol"><img src="https://play.pokemonshowdown.com/sprites/types/Bug.png" alt="Bug" height="14" width="32"><img src="https://play.pokemonshowdown.com/sprites/types/Fighting.png" alt="Fighting" height="14" width="32"></span> <span style="float: left ; min-height: 26px"><span class="col abilitycol">Dancer</span><span class="col abilitycol"></span></span><span style="float: left ; min-height: 26px"><span class="col statcol"><em>HP</em><br>77</span> <span class="col statcol"><em>Atk</em><br>145</span> <span class="col statcol"><em>Def</em><br>51</span> <span class="col statcol"><em>SpA</em><br>15</span> <span class="col statcol"><em>SpD</em><br>51</span> <span class="col statcol"><em>Spe</em><br>145</span> </span></li><li style="clear: both"></li></ul></div><div class="spacer battle-history"><br></div><div class="battle-history">Apollo used <strong>Swords Dance</strong>!<br></div><div class="battle-history"><small>Apollo's Attack rose sharply!</small><br></div><div class="spacer battle-history"><br></div><div class="battle-history">The opposing Conkeldurr used <strong>Drain Punch</strong>!<br></div><div class="battle-history"><small>It's not very effective...</small><br></div><div class="battle-history"><small>(Apollo lost <abbr title="−81/296">27.4%</abbr> of its health!)</small><br></div><div class="spacer battle-history"><br></div><h2 class="battle-history">Turn 3</h2><div class="spacer battle-history"><br></div><div class="battle-history">Apollo used <strong>Triple Axel</strong>!<br></div><div class="battle-history"><small>(The opposing Conkeldurr lost 8% of its health!)</small><br></div><div class="battle-history"><small>(The opposing Conkeldurr lost 15% of its health!)</small><br></div><div class="battle-history"><small>(The opposing Conkeldurr lost 23% of its health!)</small><br></div><div class="battle-history"><small>The Pokémon was hit 3 times!</small><br></div><div class="spacer battle-history"><br></div><div class="battle-history">The opposing Conkeldurr used <strong>Knock Off</strong>!<br></div><div class="battle-history"><small>It's not very effective...</small><br></div><div class="battle-history"><small>(Apollo lost <abbr title="−49/296">16.6%</abbr> of its health!)</small><br></div><div class="spacer battle-history"><br></div><h2 class="battle-history">Turn 4</h2><div class="chat chatmessage-coppersmith"><strong style="color:#0aa445"><small>☆</small><span class="username" data-name="Coppersmith">Coppersmith</span>:</strong> <em>it cant do enough</em></div><div class="chat chatmessage-inkbug1 mine"><strong style="color:#e46e0f"><small>☆</small><span class="username" data-name="inkbug1">inkbug1</span>:</strong> <em>beefyyyyy</em></div><div class="chat chatmessage-coppersmith"><strong style="color:#0aa445"><small>☆</small><span class="username" data-name="Coppersmith">Coppersmith</span>:</strong> <em>max physdef</em></div><div class="spacer battle-history"><br></div><div class="battle-history">Apollo used <strong>U-turn</strong>!<br></div><div class="battle-history"><small>It's not very effective...</small><br></div><div class="battle-history"><small>(The opposing Conkeldurr lost 22% of its health!)</small><br></div><div class="spacer battle-history"><br></div><div class="battle-history">Apollo went back to inkbug1!<br></div><div class="battle-history">Go! Cindy (<strong>Incineroar</strong>)!<br></div><div class="battle-history">[Cindy's Intimidate]<br></div><div class="battle-history"><small>The opposing Conkeldurr's Attack fell!</small><br></div><div class="spacer battle-history"><br></div><div class="battle-history">The opposing Conkeldurr used <strong>Shore Up</strong>!<br></div><div class="battle-history"><small>The opposing Conkeldurr had its HP restored.</small><br></div><div class="spacer battle-history"><br></div><h2 class="battle-history">Turn 5</h2><div class="spacer battle-history"><br></div><div class="battle-history">Cindy used <strong>Will-O-Wisp</strong>!<br></div><div class="battle-history"><small>The opposing Conkeldurr was burned!</small><br></div><div class="spacer battle-history"><br></div><div class="battle-history">The opposing Conkeldurr used <strong>Shore Up</strong>!<br></div><div class="battle-history"><small>The opposing Conkeldurr had its HP restored.</small><br></div><div class="spacer battle-history"><br></div><div class="battle-history"><small>The opposing Conkeldurr was hurt by its burn!</small><br></div><div class="spacer battle-history"><br></div><h2 class="battle-history">Turn 6</h2><div class="chat chatmessage-coppersmith"><strong style="color:#0aa445"><small>☆</small><span class="username" data-name="Coppersmith">Coppersmith</span>:</strong> <em>buff</em></div><div class="chat chatmessage-coppersmith"><strong style="color:#0aa445"><small>☆</small><span class="username" data-name="Coppersmith">Coppersmith</span>:</strong> <em>lad</em></div><div class="spacer battle-history"><br></div><div class="battle-history">Cindy, come back!<br></div><div class="battle-history">Go! Oliver (<strong>Noivern</strong>)!<br></div><div class="spacer battle-history"><br></div><div class="battle-history">Coppersmith withdrew Conkeldurr!<br></div><div class="battle-history">Coppersmith sent out <strong>Blissey</strong>!<br></div><div class="spacer battle-history"><br></div><h2 class="battle-history">Turn 7</h2><div class="chat chatmessage-coppersmith"><strong style="color:#0aa445"><small>☆</small><span class="username" data-name="Coppersmith">Coppersmith</span>:</strong> <em>this is fine</em></div><div class="spacer battle-history"><br></div><div class="battle-history">Oliver used <strong>U-turn</strong>!<br></div><div class="battle-history"><small>(The opposing Blissey lost 8% of its health!)</small><br></div><div class="spacer battle-history"><br></div><div class="battle-history">Oliver went back to inkbug1!<br></div><div class="battle-history">Go! Finnigan (<strong>Vaporeon</strong>)!<br></div><div class="spacer battle-history"><br></div><div class="battle-history">The opposing Blissey used <strong>Aromatherapy</strong>!<br></div><div class="battle-history"><small>A soothing aroma wafted through the area!</small><br></div><div class="battle-history"><small>The opposing Conkeldurr's burn was healed!</small><br></div><div class="spacer battle-history"><br></div><h2 class="battle-history">Turn 8</h2><div class="chat chatmessage-coppersmith"><strong style="color:#0aa445"><small>☆</small><span class="username" data-name="Coppersmith">Coppersmith</span>:</strong> <em>i have aroma on this squad</em></div><div class="spacer battle-history"><br></div><div class="battle-history">Finnigan used <strong>Wish</strong>!<br></div><div class="spacer battle-history"><br></div><div class="battle-history">The opposing Blissey used <strong>Teleport</strong>!<br></div><div class="spacer battle-history"><br></div><div class="battle-history">Coppersmith withdrew Blissey!<br></div><div class="battle-history">Coppersmith sent out <strong>Rillaboom</strong>!<br></div><div class="battle-history">[The opposing Rillaboom's Grassy Surge]<br><small>Grass grew to cover the battlefield!</small><br></div><div class="spacer battle-history"><br></div><h2 class="battle-history">Turn 9</h2><div class="spacer battle-history"><br></div><div class="battle-history">The opposing Rillaboom used <strong>U-turn</strong>!<br></div><div class="battle-history"><small>(Finnigan lost <abbr title="−152/464">32.8%</abbr> of its health!)</small><br></div><div class="chat chatmessage-coppersmith"><strong style="color:#0aa445"><small>☆</small><span class="username" data-name="Coppersmith">Coppersmith</span>:</strong> <em>um you are supposed to switch there mate</em></div><div class="spacer battle-history"><br></div><div class="battle-history">The opposing Rillaboom went back to Coppersmith!<br></div><div class="battle-history">Coppersmith sent out <strong>Blissey</strong>!<br></div><div class="spacer battle-history"><br></div><div class="battle-history">Finnigan used <strong>Flip Turn</strong>!<br></div><div class="battle-history"><small>(The opposing Blissey lost 14% of its health!)</small><br></div><div class="spacer battle-history"><br></div><div class="battle-history">Finnigan, come back!<br></div><div class="battle-history">Go! Apollo (<strong>Kricketune-Mega</strong>)!<br></div><div class="spacer battle-history"><br></div><div class="battle-history"><small>Finnigan's wish came true!</small><br></div><div class="battle-history"><small>Apollo's HP was restored.</small><br></div><div class="battle-history"><small>The opposing Blissey's HP was restored.</small><br></div><div class="spacer battle-history"><br></div><h2 class="battle-history">Turn 10</h2><div class="chat chatmessage-coppersmith"><strong style="color:#0aa445"><small>☆</small><span class="username" data-name="Coppersmith">Coppersmith</span>:</strong> <em>so i can hurt you</em></div><div class="spacer battle-history"><br></div><div class="battle-history">Apollo used <strong>Swords Dance</strong>!<br></div><div class="battle-history"><small>Apollo's Attack rose sharply!</small><br></div><div class="spacer battle-history"><br></div><div class="battle-history">The opposing Blissey used <strong>Teleport</strong>!<br></div><div class="spacer battle-history"><br></div><div class="battle-history">Coppersmith withdrew Blissey!<br></div><div class="battle-history">Coppersmith sent out Landorus (<strong>Landorus-Therian</strong>)!<br></div><div class="battle-history">[The opposing Landorus's Intimidate]<br></div><div class="battle-history"><small>Apollo's Attack fell!</small><br></div><div class="spacer battle-history"><br></div><h2 class="battle-history">Turn 11</h2><div class="spacer battle-history"><br></div><div class="battle-history">Coppersmith withdrew Landorus!<br></div><div class="battle-history">Coppersmith sent out <strong>Heatran</strong>!<br></div><div class="spacer battle-history"><br></div><div class="battle-history">Apollo used <strong>Triple Axel</strong>!<br></div><div class="battle-history"><small>It's not very effective...</small><br></div><div class="battle-history"><small>(The opposing Heatran lost 2% of its health!)</small><br></div><div class="battle-history"><small>It's not very effective...</small><br></div><div class="battle-history"><small>(The opposing Heatran lost 4% of its health!)</small><br></div><div class="battle-history"><small>It's not very effective...</small><br></div><div class="battle-history"><small>(The opposing Heatran lost 8% of its health!)</small><br></div><div class="battle-history"><small>The Pokémon was hit 3 times!</small><br></div><div class="spacer battle-history"><br></div><div class="battle-history"><small>The opposing Heatran restored a little HP using its Leftovers!</small><br></div><div class="battle-history"><small>The opposing Heatran's HP was restored.</small><br></div><div class="spacer battle-history"><br></div><h2 class="battle-history">Turn 12</h2><div class="spacer battle-history"><br></div><div class="battle-history">Coppersmith withdrew Heatran!<br></div><div class="battle-history">Coppersmith sent out Conkeldurr (<strong>Conkeldurr-Mega</strong>)!<br></div><div class="spacer battle-history"><br></div><div class="battle-history">Apollo used <strong>U-turn</strong>!<br></div><div class="battle-history"><small>It's not very effective...</small><br></div><div class="battle-history"><small>(The opposing Conkeldurr lost 15% of its health!)</small><br></div><div class="spacer battle-history"><br></div><div class="battle-history">Apollo went back to inkbug1!<br></div><div class="battle-history">Go! Oliver (<strong>Noivern</strong>)!<br></div><div class="spacer battle-history"><br></div><div class="battle-history"><small>The opposing Conkeldurr's HP was restored.</small><br></div><div class="battle-history"><small>The grass disappeared from the battlefield.</small><br></div><div class="spacer battle-history"><br></div><h2 class="battle-history">Turn 13</h2><div class="chat chatmessage-coppersmith"><strong style="color:#0aa445"><small>☆</small><span class="username" data-name="Coppersmith">Coppersmith</span>:</strong> <em>this is requiring my maximum brainpower</em></div><div class="spacer battle-history"><br></div><div class="battle-history">Coppersmith withdrew Conkeldurr!<br></div><div class="battle-history">Coppersmith sent out <strong>Blissey</strong>!<br></div><div class="spacer battle-history"><br></div><div class="battle-history">Oliver used <strong>Hurricane</strong>!<br></div><div class="battle-history"><small>(The opposing Blissey lost 18% of its health!)</small><br></div><div class="spacer battle-history"><br></div><h2 class="battle-history">Turn 14</h2><div class="chat chatmessage-inkbug1 mine"><strong style="color:#e46e0f"><small>☆</small><span class="username" data-name="inkbug1">inkbug1</span>:</strong> <em>asdasd</em></div><div class="spacer battle-history"><br></div><div class="battle-history">Oliver used <strong>U-turn</strong>!<br></div><div class="battle-history"><small>(The opposing Blissey lost 9% of its health!)</small><br></div><div class="spacer battle-history"><br></div><div class="battle-history">Oliver went back to inkbug1!<br></div><div class="battle-history">Go! Shay (<strong>Krookodile</strong>)!<br></div><div class="battle-history">[Shay's Intimidate]<br></div><div class="battle-history"><small>The opposing Blissey's Attack fell!</small><br></div><div class="spacer battle-history"><br></div><div class="battle-history">The opposing Blissey used <strong>Soft-Boiled</strong>!<br></div><div class="battle-history"><small>The opposing Blissey had its HP restored.</small><br></div><div class="spacer battle-history"><br></div><h2 class="battle-history">Turn 15</h2><div class="chat chatmessage-inkbug1 mine"><strong style="color:#e46e0f"><small>☆</small><span class="username" data-name="inkbug1">inkbug1</span>:</strong> <em>oh right this is the krookodile w the</em></div><div class="chat chatmessage-inkbug1 mine"><strong style="color:#e46e0f"><small>☆</small><span class="username" data-name="inkbug1">inkbug1</span>:</strong> <em>bizarre</em></div><div class="chat chatmessage-inkbug1 mine"><strong style="color:#e46e0f"><small>☆</small><span class="username" data-name="inkbug1">inkbug1</span>:</strong> <em>set</em></div><div class="chat chatmessage-inkbug1 mine"><strong style="color:#e46e0f"><small>☆</small><span class="username" data-name="inkbug1">inkbug1</span>:</strong> <em>what was i doing on this one i remember this vrsion vaguely</em></div><div class="chat chatmessage-inkbug1 mine"><strong style="color:#e46e0f"><small>☆</small><span class="username" data-name="inkbug1">inkbug1</span>:</strong> <em>i iterated a <i>lot</i> on the leavanny teams</em></div><div class="spacer battle-history"><br></div><div class="battle-history">Coppersmith withdrew Blissey!<br></div><div class="battle-history">Coppersmith sent out Conkeldurr (<strong>Conkeldurr-Mega</strong>)!<br></div><div class="spacer battle-history"><br></div><div class="battle-history">Shay used <strong>Taunt</strong>!<br></div><div class="battle-history"><small>The opposing Conkeldurr fell for the taunt!</small><br></div><div class="spacer battle-history"><br></div><h2 class="battle-history">Turn 16</h2><div class="spacer battle-history"><br></div><div class="battle-history">Shay, come back!<br></div><div class="battle-history">Go! Cello (<strong>Zygarde-10%</strong>)!<br></div><div class="battle-history">[Cello's Aura Break]<br><small>Cello reversed all other Pokémon's auras!</small><br></div><div class="spacer battle-history"><br></div><div class="battle-history">The opposing Conkeldurr used <strong>Knock Off</strong>!<br></div><div class="battle-history"><small>(Cello lost <abbr title="−167/249">67.1%</abbr> of its health!)</small><br></div><div class="battle-history"><small>The opposing Conkeldurr knocked off Cello's Choice Scarf!</small><br></div><div class="spacer battle-history"><br></div><h2 class="battle-history">Turn 17</h2><div class="chat chatmessage-inkbug1 mine"><strong style="color:#e46e0f"><small>☆</small><span class="username" data-name="inkbug1">inkbug1</span>:</strong> <em>ow</em></div><div class="spacer battle-history"><br></div><div class="battle-history">Cello, come back!<br></div><div class="battle-history">Go! Oliver (<strong>Noivern</strong>)!<br></div><div class="spacer battle-history"><br></div><div class="battle-history">The opposing Conkeldurr used <strong>Drain Punch</strong>!<br></div><div class="battle-history"><small>It's not very effective...</small><br></div><div class="battle-history"><small>(Oliver lost <abbr title="−88/311">28.3%</abbr> of its health!)</small><br></div><div class="battle-history"><small>Oliver had its energy drained!</small><br></div><div class="spacer battle-history"><br></div><div class="battle-history"><small>The opposing Conkeldurr shook off the taunt!</small><br></div><div class="spacer battle-history"><br></div><h2 class="battle-history">Turn 18</h2><div class="chat chatmessage-inkbug1 mine"><strong style="color:#e46e0f"><small>☆</small><span class="username" data-name="inkbug1">inkbug1</span>:</strong> <em>that</em></div><div class="chat chatmessage-inkbug1 mine"><strong style="color:#e46e0f"><small>☆</small><span class="username" data-name="inkbug1">inkbug1</span>:</strong> <em>did a <i>lot</i> for a resist</em></div><div class="chat chatmessage-coppersmith"><strong style="color:#0aa445"><small>☆</small><span class="username" data-name="Coppersmith">Coppersmith</span>:</strong> <em>k so you know how hema runs spdef kart</em></div><div class="chat chatmessage-inkbug1 mine"><strong style="color:#e46e0f"><small>☆</small><span class="username" data-name="inkbug1">inkbug1</span>:</strong> <em>mhm</em></div><div class="chat chatmessage-coppersmith"><strong style="color:#0aa445"><small>☆</small><span class="username" data-name="Coppersmith">Coppersmith</span>:</strong> <em>i actually think its rad bc</em></div><div class="spacer battle-history"><br></div><div class="battle-history">Coppersmith withdrew Conkeldurr!<br></div><div class="battle-history">Coppersmith sent out <strong>Blissey</strong>!<br></div><div class="spacer battle-history"><br></div><div class="battle-history">Oliver used <strong>Hurricane</strong>!<br></div><div class="battle-history"><small>(The opposing Blissey lost 17% of its health!)</small><br></div><div class="spacer battle-history"><br></div><h2 class="battle-history">Turn 19</h2><div class="chat chatmessage-coppersmith"><strong style="color:#0aa445"><small>☆</small><span class="username" data-name="Coppersmith">Coppersmith</span>:</strong> <em>this conk</em></div><div class="chat chatmessage-coppersmith"><strong style="color:#0aa445"><small>☆</small><span class="username" data-name="Coppersmith">Coppersmith</span>:</strong> <em>has base 190 attack.</em></div><div class="chat chatmessage-coppersmith"><strong style="color:#0aa445"><small>☆</small><span class="username" data-name="Coppersmith">Coppersmith</span>:</strong> <em>and thats cool and all but</em></div><div class="chat chatmessage-inkbug1 mine"><strong style="color:#e46e0f"><small>☆</small><span class="username" data-name="inkbug1">inkbug1</span>:</strong> <em>yeah like you arnt gonna get a whole lot more out of it by investng </em></div><div class="chat chatmessage-coppersmith"><strong style="color:#0aa445"><small>☆</small><span class="username" data-name="Coppersmith">Coppersmith</span>:</strong> <em>max attack doesnt do a lot</em></div><div class="chat chatmessage-coppersmith"><strong style="color:#0aa445"><small>☆</small><span class="username" data-name="Coppersmith">Coppersmith</span>:</strong> <em>right</em></div><div class="spacer battle-history"><br></div><div class="battle-history">Oliver used <strong>Hurricane</strong>!<br></div><div class="battle-history"><small>(The opposing Blissey lost 18% of its health!)</small><br></div><div class="spacer battle-history"><br></div><div class="battle-history">The opposing Blissey used <strong>Teleport</strong>!<br></div><div class="chat chatmessage-coppersmith"><strong style="color:#0aa445"><small>☆</small><span class="username" data-name="Coppersmith">Coppersmith</span>:</strong> <em>so it has kind of a crazy offensive presence</em></div><div class="chat chatmessage-inkbug1 mine"><strong style="color:#e46e0f"><small>☆</small><span class="username" data-name="inkbug1">inkbug1</span>:</strong> <em>yeah thats kinda epic</em></div><div class="chat chatmessage-coppersmith"><strong style="color:#0aa445"><small>☆</small><span class="username" data-name="Coppersmith">Coppersmith</span>:</strong> <em>with insane bulk, recovery, long reach, knock, and defog</em></div><div class="chat chatmessage-coppersmith"><strong style="color:#0aa445"><small>☆</small><span class="username" data-name="Coppersmith">Coppersmith</span>:</strong> <em>rolled into one</em></div><div class="chat chatmessage-coppersmith"><strong style="color:#0aa445"><small>☆</small><span class="username" data-name="Coppersmith">Coppersmith</span>:</strong> <em>blissconk is a nuts core</em></div><div class="chat chatmessage-inkbug1 mine"><strong style="color:#e46e0f"><small>☆</small><span class="username" data-name="inkbug1">inkbug1</span>:</strong> <em>should prob try it at somepoint</em></div><div class="spacer battle-history"><br></div><div class="battle-history">Coppersmith withdrew Blissey!<br></div><div class="battle-history">Coppersmith sent out <strong>Greninja</strong>!<br></div><div class="spacer battle-history"><br></div><h2 class="battle-history">Turn 20</h2><div class="spacer battle-history"><br></div><div class="battle-history">Coppersmith withdrew Greninja!<br></div><div class="battle-history">Coppersmith sent out <strong>Blissey</strong>!<br></div><div class="spacer battle-history"><br></div><div class="battle-history">Oliver used <strong>U-turn</strong>!<br></div><div class="battle-history"><small>(The opposing Blissey lost 10% of its health!)</small><br></div><div class="spacer battle-history"><br></div><div class="battle-history">Oliver went back to inkbug1!<br></div><div class="battle-history">Go! Apollo (<strong>Kricketune-Mega</strong>)!<br></div><div class="spacer battle-history"><br></div><h2 class="battle-history">Turn 21</h2><div class="spacer battle-history"><br></div><div class="battle-history">Coppersmith withdrew Blissey!<br></div><div class="battle-history">Coppersmith sent out Landorus (<strong>Landorus-Therian</strong>)!<br></div><div class="battle-history">[The opposing Landorus's Intimidate]<br></div><div class="battle-history"><small>Apollo's Attack fell!</small><br></div><div class="spacer battle-history"><br></div><div class="battle-history">Apollo used <strong>Swords Dance</strong>!<br></div><div class="battle-history"><small>Apollo's Attack rose sharply!</small><br></div><div class="spacer battle-history"><br></div><h2 class="battle-history">Turn 22</h2><div class="spacer battle-history"><br></div><div class="battle-history">Coppersmith withdrew Landorus!<br></div><div class="battle-history">Coppersmith sent out <strong>Heatran</strong>!<br></div><div class="spacer battle-history"><br></div><div class="battle-history">Apollo used <strong>Swords Dance</strong>!<br></div><div class="battle-history"><small>Apollo's Attack rose sharply!</small><br></div><div class="spacer battle-history"><br></div><div class="battle-history"><small>The opposing Heatran restored a little HP using its Leftovers!</small><br></div><div class="spacer battle-history"><br></div><h2 class="battle-history">Turn 23</h2><div class="chat chatmessage-coppersmith"><strong style="color:#0aa445"><small>☆</small><span class="username" data-name="Coppersmith">Coppersmith</span>:</strong> <em>shoot</em></div><div class="spacer battle-history"><br></div><div class="battle-history">Apollo used <strong>Close Combat</strong>!<br></div><div class="battle-history"><small>It's super effective!</small><br></div><div class="battle-history"><small>(The opposing Heatran lost 100% of its health!)</small><br></div><div class="battle-history"><small>Apollo's Defense fell!</small><br></div><div class="battle-history"><small>Apollo's Sp. Def fell!</small><br></div><div class="spacer battle-history"><br></div><div class="battle-history">The opposing Heatran fainted!<br></div><div class="spacer battle-history"><br></div><div class="battle-history">Coppersmith sent out <strong>Greninja</strong>!<br></div><div class="spacer battle-history"><br></div><h2 class="battle-history">Turn 24</h2><div class="chat chatmessage-coppersmith"><strong style="color:#0aa445"><small>☆</small><span class="username" data-name="Coppersmith">Coppersmith</span>:</strong> <em>ok prayer time</em></div><div class="spacer battle-history"><br></div><div class="battle-history">Apollo, come back!<br></div><div class="battle-history">Go! Finnigan (<strong>Vaporeon</strong>)!<br></div><div class="spacer battle-history"><br></div><div class="battle-history">The opposing Greninja used <strong>Water Shuriken</strong>!<br></div><div class="battle-history">[Finnigan's Water Absorb]<br><small>Finnigan had its HP restored.</small><br></div><div class="spacer battle-history"><br></div><div class="battle-history"><small>Finnigan restored a little HP using its Leftovers!</small><br></div><div class="spacer battle-history"><br></div><h2 class="battle-history">Turn 25</h2><div class="chat chatmessage-coppersmith"><strong style="color:#0aa445"><small>☆</small><span class="username" data-name="Coppersmith">Coppersmith</span>:</strong> <em>neeevermind</em></div><div class="spacer battle-history"><br></div><div class="battle-history">Coppersmith withdrew Greninja!<br></div><div class="battle-history">Coppersmith sent out <strong>Blissey</strong>!<br></div><div class="spacer battle-history"><br></div><div class="battle-history">Finnigan used <strong>Toxic</strong>!<br></div><div class="battle-history"><small>The opposing Blissey was badly poisoned!</small><br></div><div class="spacer battle-history"><br></div><div class="battle-history"><small>Finnigan restored a little HP using its Leftovers!</small><br></div><div class="battle-history"><small>The opposing Blissey was hurt by poison!</small><br></div><div class="spacer battle-history"><br></div><h2 class="battle-history">Turn 26</h2><div class="spacer battle-history"><br></div><div class="battle-history">The opposing Blissey used <strong>Soft-Boiled</strong>!<br></div><div class="battle-history"><small>The opposing Blissey had its HP restored.</small><br></div><div class="spacer battle-history"><br></div><div class="battle-history">Finnigan used <strong>Flip Turn</strong>!<br></div><div class="battle-history"><small>(The opposing Blissey lost 13% of its health!)</small><br></div><div class="spacer battle-history"><br></div><div class="battle-history">Finnigan, come back!<br></div><div class="battle-history">Go! Apollo (<strong>Kricketune-Mega</strong>)!<br></div><div class="spacer battle-history"><br></div><div class="battle-history"><small>The opposing Blissey was hurt by poison!</small><br></div><div class="spacer battle-history"><br></div><h2 class="battle-history">Turn 27</h2><div class="spacer battle-history"><br></div><div class="battle-history">Apollo used <strong>Triple Axel</strong>!<br></div><div class="battle-history"><small>(The opposing Blissey lost 7% of its health!)</small><br></div><div class="battle-history"><small>A critical hit!</small><br></div><div class="battle-history"><small>(The opposing Blissey lost 19% of its health!)</small><br></div><div class="battle-history"><small>(The opposing Blissey lost 18% of its health!)</small><br></div><div class="battle-history"><small>The Pokémon was hit 3 times!</small><br></div><div class="spacer battle-history"><br></div><div class="battle-history">The opposing Blissey used <strong>Teleport</strong>!<br></div><div class="spacer battle-history"><br></div><div class="battle-history">Coppersmith withdrew Blissey!<br></div><div class="battle-history">Coppersmith sent out Conkeldurr (<strong>Conkeldurr-Mega</strong>)!<br></div><div class="spacer battle-history"><br></div><h2 class="battle-history">Turn 28</h2><div class="spacer battle-history"><br></div><div class="battle-history">Coppersmith withdrew Conkeldurr!<br></div><div class="battle-history">Coppersmith sent out Landorus (<strong>Landorus-Therian</strong>)!<br></div><div class="battle-history">[The opposing Landorus's Intimidate]<br></div><div class="battle-history"><small>Apollo's Attack fell!</small><br></div><div class="spacer battle-history"><br></div><div class="battle-history">Apollo used <strong>Swords Dance</strong>!<br></div><div class="battle-history"><small>Apollo's Attack rose sharply!</small><br></div><div class="spacer battle-history"><br></div><h2 class="battle-history">Turn 29</h2><div class="spacer battle-history"><br></div><div class="battle-history">Apollo used <strong>Close Combat</strong>!<br></div><div class="battle-history"><small>It's not very effective...</small><br></div><div class="battle-history"><small>(The opposing Landorus lost 57% of its health!)</small><br></div><div class="battle-history"><small>Apollo's Defense fell!</small><br></div><div class="battle-history"><small>Apollo's Sp. Def fell!</small><br></div><div class="spacer battle-history"><br></div><div class="battle-history">The opposing Landorus used <strong>Fly</strong>!<br></div><div class="battle-history">The opposing Landorus flew up high!<br></div><div class="spacer battle-history"><br></div><h2 class="battle-history">Turn 30</h2><div class="chat chatmessage-coppersmith"><strong style="color:#0aa445"><small>☆</small><span class="username" data-name="Coppersmith">Coppersmith</span>:</strong> <em>a</em></div><div class="spacer battle-history"><br></div><div class="battle-history">Apollo, come back!<br></div><div class="battle-history">Go! Cindy (<strong>Incineroar</strong>)!<br></div><div class="battle-history">[Cindy's Intimidate]<br></div><div class="battle-history"><small>The opposing Landorus's Attack fell!</small><br></div><div class="spacer battle-history"><br></div><div class="battle-history">The opposing Landorus used <strong>Fly</strong>!<br></div><div class="battle-history"><small>(Cindy lost <abbr title="−120/394">30.5%</abbr> of its health!)</small><br></div><div class="spacer battle-history"><br></div><h2 class="battle-history">Turn 31</h2><div class="chat chatmessage-coppersmith"><strong style="color:#0aa445"><small>☆</small><span class="username" data-name="Coppersmith">Coppersmith</span>:</strong> <em>meant to z-move</em></div><div class="chat chatmessage-inkbug1 mine"><strong style="color:#e46e0f"><small>☆</small><span class="username" data-name="inkbug1">inkbug1</span>:</strong> <em>oh rip</em></div><div class="spacer battle-history"><br></div><div class="battle-history">Cindy, come back!<br></div><div class="battle-history">Go! Oliver (<strong>Noivern</strong>)!<br></div><div class="spacer battle-history"><br></div><div class="battle-history">The opposing Landorus used <strong>Swords Dance</strong>!<br></div><div class="battle-history"><small>The opposing Landorus's Attack rose sharply!</small><br></div><div class="spacer battle-history"><br></div><h2 class="battle-history">Turn 32</h2><div class="spacer battle-history"><br></div><div class="battle-history">Coppersmith withdrew Landorus!<br></div><div class="battle-history">Coppersmith sent out <strong>Blissey</strong>!<br></div><div class="spacer battle-history"><br></div><div class="battle-history">Oliver used <strong>Draco Meteor</strong>!<br></div><div class="battle-history"><small>(The opposing Blissey lost 20% of its health!)</small><br></div><div class="battle-history"><small>Oliver's Sp. Atk fell harshly!</small><br></div><div class="spacer battle-history"><br></div><h2 class="battle-history">Turn 33</h2><div class="spacer battle-history"><br></div><div class="battle-history">Oliver used <strong>U-turn</strong>!<br></div><div class="battle-history"><small>(The opposing Blissey lost 9% of its health!)</small><br></div><div class="chat chatmessage-coppersmith"><strong style="color:#0aa445"><small>☆</small><span class="username" data-name="Coppersmith">Coppersmith</span>:</strong> <em>OOOOOO</em></div><div class="spacer battle-history"><br></div><div class="battle-history">Oliver went back to inkbug1!<br></div><div class="battle-history">Go! Apollo (<strong>Kricketune-Mega</strong>)!<br></div><div class="spacer battle-history"><br></div><div class="battle-history">The opposing Blissey used <strong>Soft-Boiled</strong>!<br></div><div class="battle-history"><small>The opposing Blissey had its HP restored.</small><br></div><div class="spacer battle-history"><br></div><h2 class="battle-history">Turn 34</h2><div class="chat chatmessage-inkbug1 mine"><strong style="color:#e46e0f"><small>☆</small><span class="username" data-name="inkbug1">inkbug1</span>:</strong> <em>the 1% tho jhgsdjfsdfsdf</em></div><div class="spacer battle-history"><br></div><div class="battle-history">Apollo used <strong>Swords Dance</strong>!<br></div><div class="battle-history"><small>Apollo's Attack rose sharply!</small><br></div><div class="spacer battle-history"><br></div><div class="battle-history">The opposing Blissey used <strong>Seismic Toss</strong>!<br></div><div class="battle-history"><small>(Apollo lost <abbr title="−100/296">33.8%</abbr> of its health!)</small><br></div><div class="spacer battle-history"><br></div><h2 class="battle-history">Turn 35</h2><div class="chat chatmessage-inkbug1 mine"><strong style="color:#e46e0f"><small>☆</small><span class="username" data-name="inkbug1">inkbug1</span>:</strong> <em>mvp</em></div><div class="spacer battle-history"><br></div><div class="battle-history">Apollo used <strong>Triple Axel</strong>!<br></div><div class="battle-history"><small>(The opposing Blissey lost 13% of its health!)</small><br></div><div class="battle-history"><small>(The opposing Blissey lost 26% of its health!)</small><br></div><div class="battle-history"><small>(The opposing Blissey lost 12% of its health!)</small><br></div><div class="battle-history"><small>The Pokémon was hit 3 times!</small><br></div><div class="spacer battle-history"><br></div><div class="battle-history">The opposing Blissey fainted!<br></div><div class="chat chatmessage-coppersmith"><strong style="color:#0aa445"><small>☆</small><span class="username" data-name="Coppersmith">Coppersmith</span>:</strong> <em>ok somehow</em></div><div class="chat chatmessage-coppersmith"><strong style="color:#0aa445"><small>☆</small><span class="username" data-name="Coppersmith">Coppersmith</span>:</strong> <em>triple axel is perfectly accurate tonight</em></div><div class="chat chatmessage-inkbug1 mine"><strong style="color:#e46e0f"><small>☆</small><span class="username" data-name="inkbug1">inkbug1</span>:</strong> <em>apparently</em></div><div class="spacer battle-history"><br></div><div class="battle-history">Coppersmith sent out Conkeldurr (<strong>Conkeldurr-Mega</strong>)!<br></div><div class="spacer battle-history"><br></div><h2 class="battle-history">Turn 36</h2><div class="chat chatmessage-inkbug1 mine"><strong style="color:#e46e0f"><small>☆</small><span class="username" data-name="inkbug1">inkbug1</span>:</strong> <em>i havent seen it whiff yet which is nuts</em></div><div class="spacer battle-history"><br></div><div class="battle-history">Apollo used <strong>Close Combat</strong>!<br></div><div class="battle-history"><small>(The opposing Conkeldurr lost 71% of its health!)</small><br></div><div class="battle-history"><small>Apollo's Defense fell!</small><br></div><div class="battle-history"><small>Apollo's Sp. Def fell!</small><br></div><div class="spacer battle-history"><br></div><div class="battle-history">The opposing Conkeldurr used <strong>Knock Off</strong>!<br></div><div class="battle-history"><small>It's not very effective...</small><br></div><div class="battle-history"><small>(Apollo lost <abbr title="−115/296">38.9%</abbr> of its health!)</small><br></div><div class="spacer battle-history"><br></div><h2 class="battle-history">Turn 37</h2><div class="chat chatmessage-coppersmith"><strong style="color:#0aa445"><small>☆</small><span class="username" data-name="Coppersmith">Coppersmith</span>:</strong> <em>its not natural</em></div><div class="spacer battle-history"><br></div><div class="battle-history">Coppersmith withdrew Conkeldurr!<br></div><div class="battle-history">Coppersmith sent out Landorus (<strong>Landorus-Therian</strong>)!<br></div><div class="battle-history">[The opposing Landorus's Intimidate]<br></div><div class="battle-history"><small>Apollo's Attack fell!</small><br></div><div class="spacer battle-history"><br></div><div class="battle-history">Apollo used <strong>Triple Axel</strong>!<br></div><div class="battle-history"><small>The opposing Landorus avoided the attack!</small><br></div><div class="spacer battle-history"><br></div><h2 class="battle-history">Turn 38</h2><div class="chat chatmessage-inkbug1 mine"><strong style="color:#e46e0f"><small>☆</small><span class="username" data-name="inkbug1">inkbug1</span>:</strong> <em>of course i shouldnt say that</em></div><div class="chat chatmessage-inkbug1 mine"><strong style="color:#e46e0f"><small>☆</small><span class="username" data-name="inkbug1">inkbug1</span>:</strong> <em>becauyse</em></div><div class="chat chatmessage-inkbug1 mine"><strong style="color:#e46e0f"><small>☆</small><span class="username" data-name="inkbug1">inkbug1</span>:</strong> <em>YEaH </em></div><div class="chat chatmessage-coppersmith"><strong style="color:#0aa445"><small>☆</small><span class="username" data-name="Coppersmith">Coppersmith</span>:</strong> <em>lol</em></div><div class="chat chatmessage-inkbug1 mine"><strong style="color:#e46e0f"><small>☆</small><span class="username" data-name="inkbug1">inkbug1</span>:</strong> <em>I TYPED THAT before it whiffed there</em></div><div class="spacer battle-history"><br></div><div class="battle-history">Apollo used <strong>Triple Axel</strong>!<br></div><div class="battle-history"><small>It's super effective!</small><br></div><div class="battle-history"><small>(The opposing Landorus lost 43% of its health!)</small><br></div><div class="battle-history"><small>The Pokémon was hit 1 time!</small><br></div><div class="spacer battle-history"><br></div><div class="battle-history">The opposing Landorus fainted!<br></div><div class="spacer battle-history"><br></div><div class="battle-history">Coppersmith sent out <strong>Rillaboom</strong>!<br></div><div class="battle-history">[The opposing Rillaboom's Grassy Surge]<br><small>Grass grew to cover the battlefield!</small><br></div><div class="spacer battle-history"><br></div><h2 class="battle-history">Turn 39</h2><div class="spacer battle-history"><br></div><div class="battle-history">Apollo, come back!<br></div><div class="battle-history">Go! Cindy (<strong>Incineroar</strong>)!<br></div><div class="battle-history">[Cindy's Intimidate]<br></div><div class="battle-history"><small>The opposing Rillaboom's Attack fell!</small><br></div><div class="spacer battle-history"><br></div><div class="battle-history">The opposing Rillaboom used <strong>U-turn</strong>!<br></div><div class="battle-history"><small>(Cindy lost <abbr title="−102/394">25.9%</abbr> of its health!)</small><br></div><div class="chat chatmessage-coppersmith"><strong style="color:#0aa445"><small>☆</small><span class="username" data-name="Coppersmith">Coppersmith</span>:</strong> <em>finally</em></div><div class="spacer battle-history"><br></div><div class="battle-history">The opposing Rillaboom went back to Coppersmith!<br></div><div class="battle-history">Coppersmith sent out <strong>Greninja</strong>!<br></div><div class="spacer battle-history"><br></div><div class="battle-history"><small>Cindy's HP was restored.</small><br></div><div class="spacer battle-history"><br></div><h2 class="battle-history">Turn 40</h2><div class="spacer battle-history"><br></div><div class="battle-history">Cindy, come back!<br></div><div class="battle-history">Go! Finnigan (<strong>Vaporeon</strong>)!<br></div><div class="spacer battle-history"><br></div><div class="battle-history">The opposing Greninja used <strong>Spikes</strong>!<br></div><div class="battle-history"><small>Spikes were scattered on the ground all around your team!</small><br></div><div class="spacer battle-history"><br></div><h2 class="battle-history">Turn 41</h2><div class="spacer battle-history"><br></div><div class="battle-history">The opposing Greninja used <strong>Spikes</strong>!<br></div><div class="battle-history"><small>Spikes were scattered on the ground all around your team!</small><br></div><div class="spacer battle-history"><br></div><div class="battle-history">Finnigan used <strong>Toxic</strong>!<br></div><div class="battle-history"><small>The opposing Greninja was badly poisoned!</small><br></div><div class="spacer battle-history"><br></div><div class="battle-history"><small>The opposing Greninja was hurt by poison!</small><br></div><div class="spacer battle-history"><br></div><h2 class="battle-history">Turn 42</h2><div class="spacer battle-history"><br></div><div class="battle-history">The opposing Greninja used <strong>Spikes</strong>!<br></div><div class="battle-history"><small>Spikes were scattered on the ground all around your team!</small><br></div><div class="spacer battle-history"><br></div><div class="battle-history">Finnigan used <strong>Flip Turn</strong>!<br></div><div class="battle-history"><small>It's not very effective...</small><br></div><div class="battle-history"><small>(The opposing Greninja lost 13% of its health!)</small><br></div><div class="spacer battle-history"><br></div><div class="battle-history">Finnigan, come back!<br></div><div class="battle-history">Go! Oliver (<strong>Noivern</strong>)!<br></div><div class="spacer battle-history"><br></div><div class="battle-history"><small>The opposing Greninja's HP was restored.</small><br></div><div class="battle-history"><small>The opposing Greninja was hurt by poison!</small><br></div><div class="spacer battle-history"><br></div><h2 class="battle-history">Turn 43</h2><div class="spacer battle-history"><br></div><div class="battle-history">Coppersmith withdrew Greninja!<br></div><div class="battle-history">Coppersmith sent out Conkeldurr (<strong>Conkeldurr-Mega</strong>)!<br></div><div class="spacer battle-history"><br></div><div class="battle-history">Oliver used <strong>Defog</strong>!<br></div><div class="battle-history"><small>The opposing Conkeldurr's evasiveness fell!</small><br></div><div class="battle-history"><small>The spikes disappeared from the ground around your team!</small><br></div><div class="battle-history"><small>The grass disappeared from the battlefield.</small><br></div><div class="spacer battle-history"><br></div><h2 class="battle-history">Turn 44</h2><div class="spacer battle-history"><br></div><div class="battle-history">Oliver used <strong>Hurricane</strong>!<br></div><div class="battle-history"><small>It's super effective!</small><br></div><div class="battle-history"><small>(The opposing Conkeldurr lost 25% of its health!)</small><br></div><div class="spacer battle-history"><br></div><div class="battle-history">The opposing Conkeldurr fainted!<br></div><div class="spacer battle-history"><br></div><div class="battle-history">Coppersmith sent out <strong>Greninja</strong>!<br></div><div class="spacer battle-history"><br></div><h2 class="battle-history">Turn 45</h2><div class="chat chatmessage-inkbug1 mine"><strong style="color:#e46e0f"><small>☆</small><span class="username" data-name="inkbug1">inkbug1</span>:</strong> <em>this team is </em></div><div class="chat chatmessage-inkbug1 mine"><strong style="color:#e46e0f"><small>☆</small><span class="username" data-name="inkbug1">inkbug1</span>:</strong> <em>uh </em></div><div class="chat chatmessage-coppersmith"><strong style="color:#0aa445"><small>☆</small><span class="username" data-name="Coppersmith">Coppersmith</span>:</strong> <em>hurricane has also been remarkably accurate.</em></div><div class="chat chatmessage-inkbug1 mine"><strong style="color:#e46e0f"><small>☆</small><span class="username" data-name="inkbug1">inkbug1</span>:</strong> <em>behaving much more admirably than mine usually do</em></div><div class="chat chatmessage-inkbug1 mine"><strong style="color:#e46e0f"><small>☆</small><span class="username" data-name="inkbug1">inkbug1</span>:</strong> <em>which is </em></div><div class="chat chatmessage-inkbug1 mine"><strong style="color:#e46e0f"><small>☆</small><span class="username" data-name="inkbug1">inkbug1</span>:</strong> <em>bizarre</em></div><div class="chat chatmessage-coppersmith"><strong style="color:#0aa445"><small>☆</small><span class="username" data-name="Coppersmith">Coppersmith</span>:</strong> <em>they are on a mission</em></div><div class="spacer battle-history"><br></div><div class="battle-history">Oliver, come back!<br></div><div class="battle-history">Go! Cindy (<strong>Incineroar</strong>)!<br></div><div class="battle-history">[Cindy's Intimidate]<br></div><div class="battle-history"><small>The opposing Greninja's Attack fell!</small><br></div><div class="spacer battle-history"><br></div><div class="battle-history">The opposing Greninja used <strong>Dark Pulse</strong>!<br></div><div class="battle-history"><small>It's not very effective...</small><br></div><div class="battle-history"><small>(Cindy lost <abbr title="−74/394">18.8%</abbr> of its health!)</small><br></div><div class="spacer battle-history"><br></div><div class="battle-history"><small>The opposing Greninja was hurt by poison!</small><br></div><div class="spacer battle-history"><br></div><h2 class="battle-history">Turn 46</h2><div class="chat chatmessage-inkbug1 mine"><strong style="color:#e46e0f"><small>☆</small><span class="username" data-name="inkbug1">inkbug1</span>:</strong> <em>oh i was predicting ice beam but that works too</em></div><div class="chat chatmessage-coppersmith"><strong style="color:#0aa445"><small>☆</small><span class="username" data-name="Coppersmith">Coppersmith</span>:</strong> <em>flinch hax</em></div><div class="chat chatmessage-coppersmith"><strong style="color:#0aa445"><small>☆</small><span class="username" data-name="Coppersmith">Coppersmith</span>:</strong> <em>please</em></div><div class="spacer battle-history"><br></div><div class="battle-history">The opposing Greninja used <strong>Dark Pulse</strong>!<br></div><div class="battle-history"><small>It's not very effective...</small><br></div><div class="battle-history"><small>(Cindy lost <abbr title="−64/394">16.2%</abbr> of its health!)</small><br></div><div class="spacer battle-history"><br></div><div class="battle-history">Cindy flinched and couldn't move!<br></div><div class="spacer battle-history"><br></div><div class="battle-history"><small>The opposing Greninja was hurt by poison!</small><br></div><div class="spacer battle-history"><br></div><h2 class="battle-history">Turn 47</h2><div class="chat chatmessage-coppersmith"><strong style="color:#0aa445"><small>☆</small><span class="username" data-name="Coppersmith">Coppersmith</span>:</strong> <em>yes</em></div><div class="chat chatmessage-inkbug1 mine"><strong style="color:#e46e0f"><small>☆</small><span class="username" data-name="inkbug1">inkbug1</span>:</strong> <em>sdfsdfsdf</em></div><div class="spacer battle-history"><br></div><div class="battle-history">Cindy, come back!<br></div><div class="battle-history">Go! Finnigan (<strong>Vaporeon</strong>)!<br></div><div class="spacer battle-history"><br></div><div class="battle-history">The opposing Greninja used <strong>Dark Pulse</strong>!<br></div><div class="battle-history"><small>(Finnigan lost <abbr title="−180/464">38.8%</abbr> of its health!)</small><br></div><div class="spacer battle-history"><br></div><div class="battle-history"><small>Finnigan restored a little HP using its Leftovers!</small><br></div><div class="battle-history"><small>The opposing Greninja was hurt by poison!</small><br></div><div class="spacer battle-history"><br></div><h2 class="battle-history">Turn 48</h2><div class="chat chatmessage-inkbug1 mine"><strong style="color:#e46e0f"><small>☆</small><span class="username" data-name="inkbug1">inkbug1</span>:</strong> <em>ow ? okay</em></div><div class="chat chatmessage-inkbug1 mine"><strong style="color:#e46e0f"><small>☆</small><span class="username" data-name="inkbug1">inkbug1</span>:</strong> <em>oh wow huh</em></div><div class="chat chatmessage-coppersmith"><strong style="color:#0aa445"><small>☆</small><span class="username" data-name="Coppersmith">Coppersmith</span>:</strong> <em>when i call, flinchhax answers me.</em></div><div class="chat chatmessage-inkbug1 mine"><strong style="color:#e46e0f"><small>☆</small><span class="username" data-name="inkbug1">inkbug1</span>:</strong> <em>cindys spd is actually higher </em></div><div class="spacer battle-history"><br></div><div class="battle-history">The opposing Greninja used <strong>Dark Pulse</strong>!<br></div><div class="battle-history"><small>(Finnigan lost <abbr title="−175/464">37.7%</abbr> of its health!)</small><br></div><div class="spacer battle-history"><br></div><div class="battle-history">Finnigan used <strong>Wish</strong>!<br></div><div class="spacer battle-history"><br></div><div class="battle-history"><small>Finnigan restored a little HP using its Leftovers!</small><br></div><div class="battle-history"><small>The opposing Greninja was hurt by poison!</small><br></div><div class="spacer battle-history"><br></div><h2 class="battle-history">Turn 49</h2><div class="spacer battle-history"><br></div><div class="battle-history">Finnigan, come back!<br></div><div class="battle-history">Go! Shay (<strong>Krookodile</strong>)!<br></div><div class="battle-history">[Shay's Intimidate]<br></div><div class="battle-history"><small>The opposing Greninja's Attack fell!</small><br></div><div class="spacer battle-history"><br></div><div class="battle-history">The opposing Greninja used <strong>Dark Pulse</strong>!<br></div><div class="battle-history"><small>It's not very effective...</small><br></div><div class="battle-history"><small>(Shay lost <abbr title="−99/374">26.5%</abbr> of its health!)</small><br></div><div class="spacer battle-history"><br></div><div class="battle-history"><small>Finnigan's wish came true!</small><br></div><div class="battle-history"><small>The opposing Greninja was hurt by poison!</small><br></div><div class="spacer battle-history"><br></div><div class="battle-history">The opposing Greninja fainted!<br></div><div class="spacer battle-history"><br></div><div class="battle-history">Coppersmith sent out <strong>Rillaboom</strong>!<br></div><div class="battle-history">[The opposing Rillaboom's Grassy Surge]<br><small>Grass grew to cover the battlefield!</small><br></div><div class="spacer battle-history"><br></div><h2 class="battle-history">Turn 50</h2><div class="spacer battle-history"><br></div><div class="battle-history">The opposing Rillaboom used <strong>Grassy Glide</strong>!<br></div><div class="battle-history"><small>It's super effective!</small><br></div><div class="battle-history"><small>A critical hit!</small><br></div><div class="battle-history"><small>(Shay lost <abbr title="−374/374">100%</abbr> of its health!)</small><br></div><div class="spacer battle-history"><br></div><div class="battle-history">Shay fainted!<br></div><div class="chat chatmessage-inkbug1 mine"><strong style="color:#e46e0f"><small>☆</small><span class="username" data-name="inkbug1">inkbug1</span>:</strong> <em>yea thats fair</em></div><div class="spacer battle-history"><br></div><div class="battle-history">Go! Apollo (<strong>Kricketune-Mega</strong>)!<br></div><div class="spacer battle-history"><br></div><h2 class="battle-history">Turn 51</h2><div class="chat chatmessage-coppersmith"><strong style="color:#0aa445"><small>☆</small><span class="username" data-name="Coppersmith">Coppersmith</span>:</strong> <em>tis</em></div><div class="chat chatmessage-inkbug1 mine"><strong style="color:#e46e0f"><small>☆</small><span class="username" data-name="inkbug1">inkbug1</span>:</strong> <em>wait whyd i switch to him</em></div><div class="chat chatmessage-coppersmith"><strong style="color:#0aa445"><small>☆</small><span class="username" data-name="Coppersmith">Coppersmith</span>:</strong> <em>o</em></div><div class="spacer battle-history"><br></div><div class="battle-history">Apollo, come back!<br></div><div class="battle-history">Go! Cindy (<strong>Incineroar</strong>)!<br></div><div class="battle-history">[Cindy's Intimidate]<br></div><div class="battle-history"><small>The opposing Rillaboom's Attack fell!</small><br></div><div class="spacer battle-history"><br></div><div class="battle-history">The opposing Rillaboom used <strong>Grassy Glide</strong>!<br></div><div class="battle-history"><small>It's not very effective...</small><br></div><div class="battle-history"><small>(Cindy lost <abbr title="−58/394">14.7%</abbr> of its health!)</small><br></div><div class="spacer battle-history"><br></div><div class="battle-history">Cindy fainted!<br></div><div class="chat chatmessage-coppersmith"><strong style="color:#0aa445"><small>☆</small><span class="username" data-name="Coppersmith">Coppersmith</span>:</strong> <em>:surprisepika</em></div><div class="spacer battle-history"><br></div><div class="battle-history">Go! Apollo (<strong>Kricketune-Mega</strong>)!<br></div><div class="spacer battle-history"><br></div><h2 class="battle-history">Turn 52</h2><div class="spacer battle-history"><br></div><div class="battle-history">The opposing Rillaboom used <strong>Grassy Glide</strong>!<br></div><div class="battle-history"><small>It's not very effective...</small><br></div><div class="battle-history"><small>(Apollo lost <abbr title="−81/296">27.4%</abbr> of its health!)</small><br></div><div class="spacer battle-history"><br></div><div class="battle-history">Apollo fainted!<br></div><div class="chat chatmessage-inkbug1 mine"><strong style="color:#e46e0f"><small>☆</small><span class="username" data-name="inkbug1">inkbug1</span>:</strong> <em>yea ok </em></div><div class="spacer battle-history"><br></div><div class="battle-history">Go! Oliver (<strong>Noivern</strong>)!<br></div><div class="spacer battle-history"><br></div><h2 class="battle-history">Turn 53</h2><div class="chat chatmessage-coppersmith"><strong style="color:#0aa445"><small>☆</small><span class="username" data-name="Coppersmith">Coppersmith</span>:</strong> <em>still not enough</em></div><div class="chat chatmessage-coppersmith"><strong style="color:#0aa445"><small>☆</small><span class="username" data-name="Coppersmith">Coppersmith</span>:</strong> <em>crit</em></div><div class="spacer battle-history"><br></div><div class="battle-history">The opposing Rillaboom used <strong>Grassy Glide</strong>!<br></div><div class="battle-history"><small>It's not very effective...</small><br></div><div class="battle-history"><small>A critical hit!</small><br></div><div class="battle-history"><small>(Oliver lost <abbr title="−126/311">40.5%</abbr> of its health!)</small><br></div><div class="spacer battle-history"><br></div><div class="battle-history">Oliver used <strong>Hurricane</strong>!<br></div><div class="battle-history"><small>It's super effective!</small><br></div><div class="battle-history"><small>(The opposing Rillaboom lost 100% of its health!)</small><br></div><div class="spacer battle-history"><br></div><div class="battle-history">The opposing Rillaboom fainted!<br></div><div class="spacer battle-history"><br></div><div class="battle-history"><strong>inkbug1</strong> won the battle!<br></div><div class="chat chatmessage-inkbug1 mine"><strong style="color:#e46e0f"><small>☆</small><span class="username" data-name="inkbug1">inkbug1</span>:</strong> <em>it <i>did</i> crit ! </em></div><div class="chat chatmessage-coppersmith"><strong style="color:#0aa445"><small>☆</small><span class="username" data-name="Coppersmith">Coppersmith</span>:</strong> <em>gg!</em></div><div class="chat chatmessage-inkbug1 mine"><strong style="color:#e46e0f"><small>☆</small><span class="username" data-name="inkbug1">inkbug1</span>:</strong> <em>gg !</em></div></div><div class="inner-preempt message-log"></div></div></div>
</div>
<script>
let daily = Math.floor(Date.now()/1000/60/60/24);document.write('<script src="https://dragonheaven.herokuapp.com/js/replay-embed.js?version'+daily+'"></'+'script>');
</script>
