<!DOCTYPE html>
<meta charset="utf-8" />
<!-- version 1 -->
<title>[Gen 8] Megas for All replay: inkbug1 vs. H2OPulse</title>
<style>
html,body {font-family:Verdana, sans-serif;font-size:10pt;margin:0;padding:0;}body{padding:12px 0;} .battle-log {font-family:Verdana, sans-serif;font-size:10pt;} .battle-log-inline {border:1px solid #AAAAAA;background:#EEF2F5;color:black;max-width:640px;margin:0 auto 80px;padding-bottom:5px;} .battle-log .inner {padding:4px 8px 0px 8px;} .battle-log .inner-preempt {padding:0 8px 4px 8px;} .battle-log .inner-after {margin-top:0.5em;} .battle-log h2 {margin:0.5em -8px;padding:4px 8px;border:1px solid #AAAAAA;background:#E0E7EA;border-left:0;border-right:0;font-family:Verdana, sans-serif;font-size:13pt;} .battle-log .chat {vertical-align:middle;padding:3px 0 3px 0;font-size:8pt;} .battle-log .chat strong {color:#40576A;} .battle-log .chat em {padding:1px 4px 1px 3px;color:#000000;font-style:normal;} .chat.mine {background:rgba(0,0,0,0.05);margin-left:-8px;margin-right:-8px;padding-left:8px;padding-right:8px;} .spoiler {color:#BBBBBB;background:#BBBBBB;padding:0px 3px;} .spoiler:hover, .spoiler:active, .spoiler-shown {color:#000000;background:#E2E2E2;padding:0px 3px;} .spoiler a {color:#BBBBBB;} .spoiler:hover a, .spoiler:active a, .spoiler-shown a {color:#2288CC;} .chat code, .chat .spoiler:hover code, .chat .spoiler:active code, .chat .spoiler-shown code {border:1px solid #C0C0C0;background:#EEEEEE;color:black;padding:0 2px;} .chat .spoiler code {border:1px solid #CCCCCC;background:#CCCCCC;color:#CCCCCC;} .battle-log .rated {padding:3px 4px;} .battle-log .rated strong {color:white;background:#89A;padding:1px 4px;border-radius:4px;} .spacer {margin-top:0.5em;} .message-announce {background:#6688AA;color:white;padding:1px 4px 2px;} .message-announce a, .broadcast-green a, .broadcast-blue a, .broadcast-red a {color:#DDEEFF;} .broadcast-green {background-color:#559955;color:white;padding:2px 4px;} .broadcast-blue {background-color:#6688AA;color:white;padding:2px 4px;} .infobox {border:1px solid #6688AA;padding:2px 4px;} .infobox-limited {max-height:200px;overflow:auto;overflow-x:hidden;} .broadcast-red {background-color:#AA5544;color:white;padding:2px 4px;} .message-learn-canlearn {font-weight:bold;color:#228822;text-decoration:underline;} .message-learn-cannotlearn {font-weight:bold;color:#CC2222;text-decoration:underline;} .message-effect-weak {font-weight:bold;color:#CC2222;} .message-effect-resist {font-weight:bold;color:#6688AA;} .message-effect-immune {font-weight:bold;color:#666666;} .message-learn-list {margin-top:0;margin-bottom:0;} .message-throttle-notice, .message-error {color:#992222;} .message-overflow, .chat small.message-overflow {font-size:0pt;} .message-overflow::before {font-size:9pt;content:'...';} .subtle {color:#3A4A66;}
</style>
<div class="wrapper replay-wrapper" style="max-width:1180px;margin:0 auto">
<input type="hidden" name="replayid" value="dragonheaven-gen8megasforall-335" />
<div class="battle"></div><div class="battle-log"></div><div class="replay-controls"></div><div class="replay-controls-2"></div>
<h1 style="font-weight:normal;text-align:center"><strong>[Gen 8] Megas for All</strong><br /><a href="http://pokemonshowdown.com/users/inkbug1" class="subtle" target="_blank">inkbug1</a> vs. <a href="http://pokemonshowdown.com/users/h2opulse" class="subtle" target="_blank">H2OPulse</a></h1>
<script type="text/plain" class="battle-log-data">|j|☆inkbug1

|j|☆H2OPulse
|t:|1609893243
|player|p1|inkbug1|burgh|
|player|p2|H2OPulse|aetherfoundation|
|teamsize|p1|6
|teamsize|p2|6
|gametype|singles
|gen|8
|tier|[Gen 8] Megas for All
|clearpoke
|poke|p1|Leavanny, F|
|poke|p1|Zygarde-10%|
|poke|p1|Rotom-Wash|
|poke|p1|Articuno-Galar|
|poke|p1|Salazzle, F|
|poke|p1|Vaporeon, M|
|poke|p2|Lycanroc, F|
|poke|p2|Vaporeon, F|
|poke|p2|Araquanid, M|
|poke|p2|Kartana|
|poke|p2|Breloom, M|
|poke|p2|Thundurus-Therian, M|
|rule|HP Percentage Mod: HP is shown in percentages
|rule|Endless Battle Clause: Forcing endless battles is banned
|rule|OHKO Clause: OHKO moves are banned
|rule|Evasion Moves Clause: Evasion moves are banned
|rule|Species Clause: Limit one of each Pokémon
|rule|Dynamax Clause: You cannot dynamax
|rule|Sleep Clause Mod: Limit one foe put to sleep
|rule|Freeze Clause Mod: Limit one foe frozen
|teampreview
|
|t:|1609893255
|start
|switch|p1a: Isma|Leavanny, F|354\/354
|switch|p2a: Miko|Lycanroc, F, shiny|100\/100
|turn|1
|
|t:|1609893265
|detailschange|p1a: Isma|Leavanny-Mega, F
|-mega|p1a: Isma|Leavanny|Leavannite
|-start|p1a: Isma|typechange|Bug\/Grass|[silent]
|raw|<ul class="utilichart"><li class="result"><span class="col pokemonnamecol" style="white-space: nowrap">Leavanny-Mega<\/span> <span class="col typecol"><img src="https:\/\/play.pokemonshowdown.com\/sprites\/types\/Bug.png" alt="Bug" height="14" width="32"><img src="https:\/\/play.pokemonshowdown.com\/sprites\/types\/Grass.png" alt="Grass" height="14" width="32"><\/span> <span style="float: left ; min-height: 26px"><span class="col abilitycol">Parental Bond<\/span><span class="col abilitycol"><\/span><\/span><span style="float: left ; min-height: 26px"><span class="col statcol"><em>HP<\/em><br>75<\/span> <span class="col statcol"><em>Atk<\/em><br>133<\/span> <span class="col statcol"><em>Def<\/em><br>100<\/span> <span class="col statcol"><em>SpA<\/em><br>80<\/span> <span class="col statcol"><em>SpD<\/em><br>100<\/span> <span class="col statcol"><em>Spe<\/em><br>112<\/span> <\/span><\/li><li style="clear: both"><\/li><\/ul>
|detailschange|p2a: Miko|Lycanroc-Mega, F, shiny
|-mega|p2a: Miko|Lycanroc|Lycanite
|-start|p2a: Miko|typechange|Rock\/Normal|[silent]
|raw|<ul class="utilichart"><li class="result"><span class="col pokemonnamecol" style="white-space: nowrap">Lycanroc-Mega<\/span> <span class="col typecol"><img src="https:\/\/play.pokemonshowdown.com\/sprites\/types\/Rock.png" alt="Rock" height="14" width="32"><img src="https:\/\/play.pokemonshowdown.com\/sprites\/types\/Normal.png" alt="Normal" height="14" width="32"><\/span> <span style="float: left ; min-height: 26px"><span class="col abilitycol">Down-to-Earth<\/span><span class="col abilitycol"><\/span><\/span><span style="float: left ; min-height: 26px"><span class="col statcol"><em>HP<\/em><br>75<\/span> <span class="col statcol"><em>Atk<\/em><br>130<\/span> <span class="col statcol"><em>Def<\/em><br>115<\/span> <span class="col statcol"><em>SpA<\/em><br>55<\/span> <span class="col statcol"><em>SpD<\/em><br>75<\/span> <span class="col statcol"><em>Spe<\/em><br>137<\/span> <\/span><\/li><li style="clear: both"><\/li><\/ul>
|move|p1a: Isma|Lunge|p2a: Miko
|-damage|p2a: Miko|71\/100
|-unboost|p2a: Miko|atk|1
|-damage|p2a: Miko|63\/100
|-unboost|p2a: Miko|atk|1
|-hitcount|p2a: Miko|2
|move|p2a: Miko|Substitute|p2a: Miko
|-start|p2a: Miko|Substitute
|-damage|p2a: Miko|38\/100
|
|upkeep
|turn|2
|c|☆H2OPulse|Oh you're fASTER OKAY
|c|☆H2OPulse|wow that was really dumb of me then huh
|
|t:|1609893286
|move|p1a: Isma|Apple Acid|p2a: Miko
|-supereffective|p2a: Miko
|-end|p2a: Miko|Substitute
|-supereffective|p2a: Miko
|-damage|p2a: Miko|22\/100
|-unboost|p2a: Miko|spd|1
|-hitcount|p2a: Miko|2
|move|p2a: Miko|Stone Edge|p1a: Isma|[miss]
|-miss|p2a: Miko|p1a: Isma
|
|upkeep
|turn|3
|c|☆inkbug1|oh my god im sorry
|c|☆H2OPulse|Pffff no worries
|
|t:|1609893301
|switch|p2a: Champignon|Breloom, M, shiny|100\/100
|move|p1a: Isma|Apple Acid|p2a: Champignon
|-resisted|p2a: Champignon
|-damage|p2a: Champignon|86\/100
|-unboost|p2a: Champignon|spd|1
|-resisted|p2a: Champignon
|-damage|p2a: Champignon|81\/100
|-unboost|p2a: Champignon|spd|1
|-hitcount|p2a: Champignon|2
|
|-status|p2a: Champignon|tox|[from] item: Toxic Orb
|upkeep
|turn|4
|c|☆H2OPulse|man okay I don't
|c|☆H2OPulse|think I can actually handle this
|
|t:|1609893331
|switch|p2a: Convolvulus|Thundurus-Therian, M|100\/100
|move|p1a: Isma|Poison Jab|p2a: Convolvulus
|-damage|p2a: Convolvulus|70\/100
|-status|p2a: Convolvulus|psn
|-damage|p2a: Convolvulus|63\/100 psn
|-hitcount|p2a: Convolvulus|2
|
|-damage|p2a: Convolvulus|50\/100 psn|[from] psn
|upkeep
|turn|5
|c|☆H2OPulse|Interesting okay
|
|t:|1609893362
|move|p1a: Isma|Apple Acid|p2a: Convolvulus
|-resisted|p2a: Convolvulus
|-damage|p2a: Convolvulus|36\/100 psn
|-unboost|p2a: Convolvulus|spd|1
|-resisted|p2a: Convolvulus
|-damage|p2a: Convolvulus|30\/100 psn
|-unboost|p2a: Convolvulus|spd|1
|-hitcount|p2a: Convolvulus|2
|-zpower|p2a: Convolvulus
|move|p2a: Convolvulus|All-Out Pummeling|p1a: Isma|[zeffect]
|-resisted|p1a: Isma
|-damage|p1a: Isma|213\/354
|
|-damage|p2a: Convolvulus|17\/100 psn|[from] psn
|upkeep
|turn|6
|
|t:|1609893382
|move|p1a: Isma|Poison Jab|p2a: Convolvulus
|-damage|p2a: Convolvulus|0 fnt
|-hitcount|p2a: Convolvulus|1
|faint|p2a: Convolvulus
|
|upkeep
|c|☆inkbug1|well i had a plan but she seems to be doing okay
|
|t:|1609893397
|switch|p2a: Spilly|Araquanid, M|100\/100
|turn|7
|c|☆H2OPulse|Pfff ye ah
|c|☆inkbug1|really frustrating how much more workable physical sets are rn like theyre still interesting but idk
|
|t:|1609893428
|move|p1a: Isma|Lunge|p2a: Spilly
|-damage|p2a: Spilly|63\/100
|-unboost|p2a: Spilly|atk|1
|-damage|p2a: Spilly|53\/100
|-unboost|p2a: Spilly|atk|1
|-hitcount|p2a: Spilly|2
|move|p2a: Spilly|Toxic|p1a: Isma
|-status|p1a: Isma|tox
|
|-damage|p1a: Isma|191\/354 tox|[from] psn
|upkeep
|turn|8
|c|☆inkbug1|like thats 0- attack it really feels like 
|c|☆inkbug1|it should be worse than that 
|c|☆H2OPulse|That's 0- Attack oh gosh
|c|☆inkbug1|yeah
|c|☆H2OPulse|yeah okay
|c|☆inkbug1|ik araquanid is specially biased but
|
|t:|1609893493
|move|p1a: Isma|Poison Jab|p2a: Spilly
|-damage|p2a: Spilly|28\/100
|-status|p2a: Spilly|psn
|-damage|p2a: Spilly|22\/100 psn
|-hitcount|p2a: Spilly|2
|move|p2a: Spilly|Leech Life|p1a: Isma
|-supereffective|p1a: Isma
|-damage|p1a: Isma|87\/354 tox
|-heal|p2a: Spilly|39\/100 psn|[from] drain|[of] p1a: Isma
|
|-damage|p1a: Isma|43\/354 tox|[from] psn
|-damage|p2a: Spilly|27\/100 psn|[from] psn
|upkeep
|turn|9
|
|t:|1609893505
|switch|p1a: Cayenne|Salazzle, F|277\/277
|switch|p2a: Pipa|Kartana, shiny|100\/100
|
|upkeep
|turn|10
|
|t:|1609893519
|switch|p2a: Cattail|Vaporeon, F|100\/100
|move|p1a: Cayenne|Flamethrower|p2a: Cattail
|-resisted|p2a: Cattail
|-damage|p2a: Cattail|86\/100
|
|-heal|p2a: Cattail|92\/100|[from] item: Leftovers
|upkeep
|turn|11
|
|t:|1609893530
|switch|p1a: Finnigan|Vaporeon, M|464\/464
|move|p2a: Cattail|Wish|p2a: Cattail
|
|-heal|p2a: Cattail|98\/100|[from] item: Leftovers
|upkeep
|turn|12
|
|t:|1609893544
|switch|p2a: Miko|Lycanroc-Mega, F, shiny|22\/100
|-start|p2a: Miko|typechange|Rock\/Normal|[silent]
|move|p1a: Finnigan|Heal Bell|p1a: Finnigan
|-activate|p1a: Finnigan|move: Heal Bell
|-curestatus|p1: Isma|tox|[msg]
|
|-heal|p2a: Miko|93\/100|[from] move: Wish|[wisher] Cattail
|upkeep
|turn|13
|
|t:|1609893556
|switch|p2a: Cattail|Vaporeon, F|98\/100
|move|p1a: Finnigan|Wish|p1a: Finnigan
|
|-heal|p2a: Cattail|100\/100|[from] item: Leftovers
|upkeep
|turn|14
|
|t:|1609893566
|move|p2a: Cattail|Flip Turn|p1a: Finnigan
|-immune|p1a: Finnigan|[from] ability: Water Absorb
|move|p1a: Finnigan|Flip Turn|p2a: Cattail
|-immune|p2a: Cattail|[from] ability: Water Absorb
|
|upkeep
|turn|15
|c|☆inkbug1|dammit
|
|t:|1609893576
|move|p2a: Cattail|Wish|p2a: Cattail
|move|p1a: Finnigan|Wish|p1a: Finnigan
|
|upkeep
|turn|16
|
|t:|1609893585
|switch|p1a: Isma|Leavanny-Mega, F|43\/354
|-start|p1a: Isma|typechange|Bug\/Grass|[silent]
|move|p2a: Cattail|Flip Turn|p1a: Isma
|-resisted|p1a: Isma
|-damage|p1a: Isma|16\/354
|c|☆H2OPulse|NOT ENOUGH okay
|
|t:|1609893596
|switch|p2a: Spilly|Araquanid, M|27\/100 psn|[from]move: Flip Turn
|
|-heal|p1a: Isma|248\/354|[from] move: Wish|[wisher] Finnigan
|-heal|p2a: Spilly|100\/100 psn|[from] move: Wish|[wisher] Cattail
|-damage|p2a: Spilly|88\/100 psn|[from] psn
|upkeep
|turn|17
|
|t:|1609893604
|switch|p1a: Cayenne|Salazzle, F|277\/277
|move|p2a: Spilly|Toxic|p1a: Cayenne
|-immune|p1a: Cayenne
|
|-damage|p2a: Spilly|76\/100 psn|[from] psn
|upkeep
|turn|18
|
|t:|1609893611
|move|p1a: Cayenne|Venoshock|p2a: Spilly
|-damage|p2a: Spilly|21\/100 psn
|move|p2a: Spilly|Liquidation|p1a: Cayenne
|-supereffective|p1a: Cayenne
|-damage|p1a: Cayenne|0 fnt
|faint|p1a: Cayenne
|
|-damage|p2a: Spilly|8\/100 psn|[from] psn
|upkeep
|c|☆inkbug1|ok yeah tht was risky and dumb
|c|☆inkbug1|wonder if foul play wouldve done more
|
|t:|1609893635
|switch|p1a: Isma|Leavanny-Mega, F|248\/354
|-start|p1a: Isma|typechange|Bug\/Grass|[silent]
|turn|19
|
|t:|1609893653
|move|p1a: Isma|Apple Acid|p2a: Spilly
|-damage|p2a: Spilly|0 fnt
|-hitcount|p2a: Spilly|1
|faint|p2a: Spilly
|
|upkeep
|
|t:|1609893664
|switch|p2a: Champignon|Breloom, M, shiny|81\/100 tox
|turn|20
|
|t:|1609893668
|move|p1a: Isma|Poison Jab|p2a: Champignon
|-supereffective|p2a: Champignon
|-damage|p2a: Champignon|26\/100 tox
|-supereffective|p2a: Champignon
|-damage|p2a: Champignon|11\/100 tox
|-hitcount|p2a: Champignon|2
|move|p2a: Champignon|Substitute|p2a: Champignon
|-fail|p2a: Champignon|move: Substitute|[weak]
|
|-heal|p2a: Champignon|24\/100 tox|[from] ability: Poison Heal
|upkeep
|turn|21
|c|☆H2OPulse|Oh okay duh
|
|t:|1609893695
|-singleturn|p2a: Champignon|move: Focus Punch
|move|p1a: Isma|Apple Acid|p2a: Champignon
|-resisted|p2a: Champignon
|-damage|p2a: Champignon|12\/100 tox
|-unboost|p2a: Champignon|spd|1
|-resisted|p2a: Champignon
|-damage|p2a: Champignon|6\/100 tox
|-unboost|p2a: Champignon|spd|1
|-hitcount|p2a: Champignon|2
|cant|p2a: Champignon|Focus Punch|Focus Punch
|
|-heal|p2a: Champignon|19\/100 tox|[from] ability: Poison Heal
|upkeep
|turn|22
|c|☆inkbug1|yeah the more i try to do this the more sure i am abt this 
|c|☆inkbug1|like
|c|☆inkbug1|i dunno im sitll not 100% 
|c|☆inkbug1|but 
|
|t:|1609893737
|-singleturn|p2a: Champignon|move: Focus Punch
|move|p1a: Isma|Apple Acid|p2a: Champignon
|-resisted|p2a: Champignon
|-damage|p2a: Champignon|0 fnt
|-hitcount|p2a: Champignon|1
|faint|p2a: Champignon
|
|upkeep
|
|t:|1609893748
|switch|p2a: Pipa|Kartana, shiny|100\/100
|turn|23
|
|t:|1609893758
|move|p2a: Pipa|Smart Strike|p1a: Isma
|-damage|p1a: Isma|112\/354
|move|p1a: Isma|Lunge|p2a: Pipa
|-damage|p2a: Pipa|71\/100
|-unboost|p2a: Pipa|atk|1
|-damage|p2a: Pipa|63\/100
|-unboost|p2a: Pipa|atk|1
|-hitcount|p2a: Pipa|2
|
|upkeep
|turn|24
|
|t:|1609893768
|move|p2a: Pipa|Smart Strike|p1a: Isma
|-damage|p1a: Isma|37\/354
|move|p1a: Isma|Synthesis|p1a: Isma
|-heal|p1a: Isma|214\/354
|
|upkeep
|turn|25
|
|t:|1609893776
|move|p2a: Pipa|Smart Strike|p1a: Isma
|-damage|p1a: Isma|142\/354
|move|p1a: Isma|Lunge|p2a: Pipa
|-damage|p2a: Pipa|32\/100
|-unboost|p2a: Pipa|atk|1
|-damage|p2a: Pipa|24\/100
|-unboost|p2a: Pipa|atk|1
|-hitcount|p2a: Pipa|2
|
|upkeep
|turn|26
|c|☆inkbug1|I DUNNO i just 
|c|☆H2OPulse|Yeah I'm gonna lose this time huh!
|c|☆inkbug1|mmm
|c|☆inkbug1|its really hard to say
|
|t:|1609893797
|move|p2a: Pipa|Smart Strike|p1a: Isma
|-damage|p1a: Isma|91\/354
|move|p1a: Isma|Synthesis|p1a: Isma
|-heal|p1a: Isma|268\/354
|
|upkeep
|turn|27
|c|☆H2OPulse|Okay so physical sets do seem way better
|c|☆H2OPulse|Or well
|c|☆H2OPulse|mixed ones like this
|c|☆H2OPulse|Apple Acid is also super relevant
|c|☆inkbug1|honestly im basically only using apple acid for utility on this
|c|☆inkbug1|it could be -spa
|
|t:|1609893838
|move|p2a: Pipa|Smart Strike|p1a: Isma
|-damage|p1a: Isma|223\/354
|move|p1a: Isma|Lunge|p2a: Pipa
|-damage|p2a: Pipa|0 fnt
|-hitcount|p2a: Pipa|1
|faint|p2a: Pipa
|
|upkeep
|
|t:|1609893841
|switch|p2a: Miko|Lycanroc-Mega, F, shiny|93\/100
|-start|p2a: Miko|typechange|Rock\/Normal|[silent]
|turn|28
|
|t:|1609893848
|move|p2a: Miko|Extreme Speed|p1a: Isma
|-damage|p1a: Isma|72\/354
|move|p1a: Isma|Lunge|p2a: Miko
|-damage|p2a: Miko|63\/100
|-unboost|p2a: Miko|atk|1
|-damage|p2a: Miko|55\/100
|-unboost|p2a: Miko|atk|1
|-hitcount|p2a: Miko|2
|
|upkeep
|turn|29
|
|t:|1609893863
|move|p2a: Miko|Extreme Speed|p1a: Isma
|-damage|p1a: Isma|0 fnt
|faint|p1a: Isma
|
|upkeep
|c|☆inkbug1|not Quite enough ok
|c|☆inkbug1|was hoping thatd b enough
|c|☆H2OPulse|That was an unreasonably close and roll-dependent KO haha
|c|☆inkbug1|ggs leavanny that was def the cleanest so far
|c|☆H2OPulse|Y e a h
|
|t:|1609893889
|switch|p1a: Brian|Articuno-Galar|383\/383
|turn|30
|
|t:|1609893914
|switch|p2a: Cattail|Vaporeon, F|100\/100
|move|p1a: Brian|Hurricane|p2a: Cattail
|-damage|p2a: Cattail|63\/100
|
|-heal|p2a: Cattail|70\/100|[from] item: Leftovers
|upkeep
|turn|31
|
|t:|1609893928
|move|p1a: Brian|Calm Mind|p1a: Brian
|-boost|p1a: Brian|spa|1
|-boost|p1a: Brian|spd|1
|move|p2a: Cattail|Toxic|p1a: Brian|[miss]
|-miss|p2a: Cattail|p1a: Brian
|
|-heal|p2a: Cattail|76\/100|[from] item: Leftovers
|upkeep
|turn|32
|
|t:|1609893935
|move|p1a: Brian|Psyshock|p2a: Cattail
|-damage|p2a: Cattail|43\/100
|move|p2a: Cattail|Toxic|p1a: Brian
|-status|p1a: Brian|tox
|
|-heal|p2a: Cattail|49\/100|[from] item: Leftovers
|-damage|p1a: Brian|360\/383 tox|[from] psn
|upkeep
|turn|33
|
|t:|1609893951
|-zpower|p1a: Brian
|move|p1a: Brian|Supersonic Skystrike|p2a: Cattail|[zeffect]
|-damage|p2a: Cattail|0 fnt
|faint|p2a: Cattail
|
|-damage|p1a: Brian|314\/383 tox|[from] psn
|upkeep
|
|t:|1609893953
|switch|p2a: Miko|Lycanroc-Mega, F, shiny|55\/100
|-start|p2a: Miko|typechange|Rock\/Normal|[silent]
|turn|34
|
|t:|1609893996
|move|p2a: Miko|Substitute|p2a: Miko
|-start|p2a: Miko|Substitute
|-damage|p2a: Miko|30\/100
|move|p1a: Brian|Hurricane|p2a: Miko|[miss]
|-miss|p1a: Brian|p2a: Miko
|
|-damage|p1a: Brian|245\/383 tox|[from] psn
|upkeep
|turn|35
|c|☆H2OPulse|O o f
|
|t:|1609894008
|move|p2a: Miko|Stone Edge|p1a: Brian
|-supereffective|p1a: Brian
|-damage|p1a: Brian|0 fnt
|faint|p1a: Brian
|
|upkeep
|c|☆H2OPulse|sorry I needed that a lot
|c|☆inkbug1|ur good
|
|t:|1609894021
|switch|p1a: Maytag|Rotom-Wash|241\/241
|turn|36
|
|t:|1609894024
|move|p2a: Miko|Stone Edge|p1a: Maytag
|-damage|p1a: Maytag|49\/241
|move|p1a: Maytag|Hydro Pump|p2a: Miko|[miss]
|-miss|p1a: Maytag|p2a: Miko
|
|upkeep
|turn|37
|c|☆H2OPulse|...,
|c|☆inkbug1|pfffff
|
|t:|1609894039
|move|p2a: Miko|Extreme Speed|p1a: Maytag
|-damage|p1a: Maytag|0 fnt
|faint|p1a: Maytag
|
|upkeep
|
|t:|1609894044
|switch|p1a: Cello|Zygarde-10%|249\/249
|-ability|p1a: Cello|Aura Break
|turn|38
|
|t:|1609894052
|move|p2a: Miko|Extreme Speed|p1a: Cello
|-damage|p1a: Cello|50\/249
|move|p1a: Cello|Outrage|p2a: Miko
|-end|p2a: Miko|Substitute
|-damage|p1a: Cello|26\/249|[from] item: Life Orb
|
|upkeep
|turn|39
|
|t:|1609894060
|move|p2a: Miko|Extreme Speed|p1a: Cello
|-damage|p1a: Cello|0 fnt
|faint|p1a: Cello
|
|upkeep
|
|t:|1609894064
|switch|p1a: Finnigan|Vaporeon, M|464\/464
|turn|40
|c|☆H2OPulse|I __think__ I still lose now right
|c|☆H2OPulse|but wow good dog
|c|☆H2OPulse|Good game!!!
|
|t:|1609894079
|move|p2a: Miko|Stone Edge|p1a: Finnigan|[miss]
|-miss|p2a: Miko|p1a: Finnigan
|move|p1a: Finnigan|Flip Turn|p2a: Miko
|-supereffective|p2a: Miko
|-damage|p2a: Miko|2\/100
|
|upkeep
|turn|41
|c|☆H2OPulse|Pfff
|
|t:|1609894085
|move|p2a: Miko|Stone Edge|p1a: Finnigan
|-damage|p1a: Finnigan|263\/464
|move|p1a: Finnigan|Flip Turn|p2a: Miko
|-supereffective|p2a: Miko
|-damage|p2a: Miko|0 fnt
|faint|p2a: Miko
|
|win|inkbug1
|c|☆inkbug1|mm
|c|☆H2OPulse|OKAY YEAH I would've lost either way
|c|☆inkbug1|ok 
|c|☆inkbug1|hmmm
|c|☆H2OPulse|Gosh that was so funny
|c|☆H2OPulse|the hax in this fight on both sides
|c|☆inkbug1|its really weird like... how do 
|c|☆H2OPulse|That was a way better showing than Leavanny has had though that's really good to know
|j| Coppersmith
|c|☆inkbug1|yeah 
|c|☆inkbug1|i think like
|c| Coppersmith|Hey I’m back for 30 seconds
|c|☆inkbug1|i mean we keep saying the same thing
|c|☆inkbug1|heya
|c| Coppersmith|hematite you got the replay of ours right?
|c|☆inkbug1|like special sets are outclassed in literally every way here
|c| Coppersmith|Bye
|c|☆H2OPulse|Yeah haha
|l| Coppersmith
|c|☆H2OPulse|And yes!! I did!
|c|☆inkbug1|they cant outdamage, and they dont have the coverage
|c|☆inkbug1|even with all the crazy snowballing potential
|c|☆inkbug1|even with max spa 
|c|☆inkbug1|it just does not measure up
|c|☆H2OPulse|Right yeah
|c|☆inkbug1|and then the phys moves hit harder than they reasonably should with literally negative investment
|c|☆H2OPulse|Yeah I gave it super low Special Attack on purpose but like
|c|☆H2OPulse|it wasn't supposed to be __this__ much worse
|c|☆H2OPulse|I expected special sets to have a lot more advantages and thought they needed the help
|c|☆inkbug1|i think __used like this__ its definitely usable
|c|☆H2OPulse|*that physical sets needed the help I mean
|c|☆inkbug1|but it doesnt really have options
|c|☆inkbug1|if it wants to do stuff
|c|☆H2OPulse|so yeah seeing them outclassed this much is surprising
|c|☆H2OPulse|Fair hahah
|c|☆inkbug1|like what moves to pick obbviously</script>
</div>
<div class="battle-log battle-log-inline"><div class="inner"><div class="battle-options"><div style="padding-top: 3px; padding-right: 3px; text-align: right"><button class="icon button" name="openBattleOptions" title="Options">Battle Options</button></div></div><div class="inner message-log"><div class="chat"><small>☆inkbug1 and ☆H2OPulse joined</small></div><div class=""><small>Format:</small> <br><strong>[Gen 8] Megas for All</strong></div><div class=""><small><em>HP Percentage Mod:</em> HP is shown in percentages</small></div><div class=""><small><em>Endless Battle Clause:</em> Forcing endless battles is banned</small></div><div class=""><small><em>OHKO Clause:</em> OHKO moves are banned</small></div><div class=""><small><em>Evasion Moves Clause:</em> Evasion moves are banned</small></div><div class=""><small><em>Species Clause:</em> Limit one of each Pokémon</small></div><div class=""><small><em>Dynamax Clause:</em> You cannot dynamax</small></div><div class=""><small><em>Sleep Clause Mod:</em> Limit one foe put to sleep</small></div><div class=""><small><em>Freeze Clause Mod:</em> Limit one foe frozen</small></div><div class="chat battle-history"><strong>inkbug1's team:</strong> <em style="color:#445566;display:block;">Leavanny / Zygarde-10% / Rotom-Wash / Articuno-Galar / Salazzle / Vaporeon</em></div><div class="chat battle-history"><strong>H2OPulse's team:</strong> <em style="color:#445566;display:block;">Lycanroc / Vaporeon / Araquanid / Kartana / Breloom / Thundurus-Therian</em></div><div class="spacer battle-history"><br></div><div class="battle-history">Battle started between inkbug1 and H2OPulse!<br></div><div class="spacer battle-history"><br></div><div class="battle-history">Go! Isma (<strong>Leavanny</strong>)!<br></div><div class="spacer battle-history"><br></div><div class="battle-history">H2OPulse sent out Miko (<strong>Lycanroc</strong>)!<br></div><div class="spacer battle-history"><br></div><h2 class="battle-history">Turn 1</h2><div class="spacer battle-history"><br></div><div class="battle-history"><small>Isma's Leavannite is reacting to the Key Stone!</small><br>Isma has Mega Evolved into Mega Leavanny!<br></div><div class="chat"><ul class="utilichart"><li class="result"><span class="col pokemonnamecol" style="white-space: nowrap">Leavanny-Mega</span> <span class="col typecol"><img src="https://play.pokemonshowdown.com/sprites/types/Bug.png" alt="Bug" height="14" width="32"><img src="https://play.pokemonshowdown.com/sprites/types/Grass.png" alt="Grass" height="14" width="32"></span> <span style="float: left ; min-height: 26px"><span class="col abilitycol">Parental Bond</span><span class="col abilitycol"></span></span><span style="float: left ; min-height: 26px"><span class="col statcol"><em>HP</em><br>75</span> <span class="col statcol"><em>Atk</em><br>133</span> <span class="col statcol"><em>Def</em><br>100</span> <span class="col statcol"><em>SpA</em><br>80</span> <span class="col statcol"><em>SpD</em><br>100</span> <span class="col statcol"><em>Spe</em><br>112</span> </span></li><li style="clear: both"></li></ul></div><div class="spacer battle-history"><br></div><div class="battle-history"><small>The opposing Miko's Lycanite is reacting to the Key Stone!</small><br>The opposing Miko has Mega Evolved into Mega Lycanroc!<br></div><div class="chat"><ul class="utilichart"><li class="result"><span class="col pokemonnamecol" style="white-space: nowrap">Lycanroc-Mega</span> <span class="col typecol"><img src="https://play.pokemonshowdown.com/sprites/types/Rock.png" alt="Rock" height="14" width="32"><img src="https://play.pokemonshowdown.com/sprites/types/Normal.png" alt="Normal" height="14" width="32"></span> <span style="float: left ; min-height: 26px"><span class="col abilitycol">Down-to-Earth</span><span class="col abilitycol"></span></span><span style="float: left ; min-height: 26px"><span class="col statcol"><em>HP</em><br>75</span> <span class="col statcol"><em>Atk</em><br>130</span> <span class="col statcol"><em>Def</em><br>115</span> <span class="col statcol"><em>SpA</em><br>55</span> <span class="col statcol"><em>SpD</em><br>75</span> <span class="col statcol"><em>Spe</em><br>137</span> </span></li><li style="clear: both"></li></ul></div><div class="spacer battle-history"><br></div><div class="battle-history">Isma used <strong>Lunge</strong>!<br></div><div class="battle-history"><small>(The opposing Miko lost 29% of its health!)</small><br></div><div class="battle-history"><small>The opposing Miko's Attack fell!</small><br></div><div class="battle-history"><small>(The opposing Miko lost 8% of its health!)</small><br></div><div class="battle-history"><small>The opposing Miko's Attack fell!</small><br></div><div class="battle-history"><small>The Pokémon was hit 2 times!</small><br></div><div class="spacer battle-history"><br></div><div class="battle-history">The opposing Miko used <strong>Substitute</strong>!<br></div><div class="battle-history"><small>The opposing Miko put in a substitute!</small><br></div><div class="battle-history"><small>(The opposing Miko lost 25% of its health!)</small><br></div><div class="spacer battle-history"><br></div><h2 class="battle-history">Turn 2</h2><div class="chat chatmessage-h2opulse"><strong style="color:#6e8c2b"><small>☆</small><span class="username" data-name="H2OPulse">H2OPulse</span>:</strong> <em>Oh you're fASTER OKAY</em></div><div class="chat chatmessage-h2opulse"><strong style="color:#6e8c2b"><small>☆</small><span class="username" data-name="H2OPulse">H2OPulse</span>:</strong> <em>wow that was really dumb of me then huh</em></div><div class="spacer battle-history"><br></div><div class="battle-history">Isma used <strong>Apple Acid</strong>!<br></div><div class="battle-history"><small>It's super effective!</small><br></div><div class="battle-history"><small>The opposing Miko's substitute faded!</small><br></div><div class="battle-history"><small>It's super effective!</small><br></div><div class="battle-history"><small>(The opposing Miko lost 16% of its health!)</small><br></div><div class="battle-history"><small>The opposing Miko's Sp. Def fell!</small><br></div><div class="battle-history"><small>The Pokémon was hit 2 times!</small><br></div><div class="spacer battle-history"><br></div><div class="battle-history">The opposing Miko used <strong>Stone Edge</strong>!<br></div><div class="battle-history"><small>Isma avoided the attack!</small><br></div><div class="spacer battle-history"><br></div><h2 class="battle-history">Turn 3</h2><div class="chat chatmessage-inkbug1 mine"><strong style="color:#e46e0f"><small>☆</small><span class="username" data-name="inkbug1">inkbug1</span>:</strong> <em>oh my god im sorry</em></div><div class="chat chatmessage-h2opulse"><strong style="color:#6e8c2b"><small>☆</small><span class="username" data-name="H2OPulse">H2OPulse</span>:</strong> <em>Pffff no worries</em></div><div class="spacer battle-history"><br></div><div class="battle-history">H2OPulse withdrew Miko!<br></div><div class="battle-history">H2OPulse sent out Champignon (<strong>Breloom</strong>)!<br></div><div class="spacer battle-history"><br></div><div class="battle-history">Isma used <strong>Apple Acid</strong>!<br></div><div class="battle-history"><small>It's not very effective...</small><br></div><div class="battle-history"><small>(The opposing Champignon lost 14% of its health!)</small><br></div><div class="battle-history"><small>The opposing Champignon's Sp. Def fell!</small><br></div><div class="battle-history"><small>It's not very effective...</small><br></div><div class="battle-history"><small>(The opposing Champignon lost 5% of its health!)</small><br></div><div class="battle-history"><small>The opposing Champignon's Sp. Def fell!</small><br></div><div class="battle-history"><small>The Pokémon was hit 2 times!</small><br></div><div class="spacer battle-history"><br></div><div class="battle-history"><small>The opposing Champignon was badly poisoned!</small><br></div><div class="spacer battle-history"><br></div><h2 class="battle-history">Turn 4</h2><div class="chat chatmessage-h2opulse"><strong style="color:#6e8c2b"><small>☆</small><span class="username" data-name="H2OPulse">H2OPulse</span>:</strong> <em>man okay I don't</em></div><div class="chat chatmessage-h2opulse"><strong style="color:#6e8c2b"><small>☆</small><span class="username" data-name="H2OPulse">H2OPulse</span>:</strong> <em>think I can actually handle this</em></div><div class="spacer battle-history"><br></div><div class="battle-history">H2OPulse withdrew Champignon!<br></div><div class="battle-history">H2OPulse sent out Convolvulus (<strong>Thundurus-Therian</strong>)!<br></div><div class="spacer battle-history"><br></div><div class="battle-history">Isma used <strong>Poison Jab</strong>!<br></div><div class="battle-history"><small>(The opposing Convolvulus lost 30% of its health!)</small><br></div><div class="battle-history"><small>The opposing Convolvulus was poisoned!</small><br></div><div class="battle-history"><small>(The opposing Convolvulus lost 7% of its health!)</small><br></div><div class="battle-history"><small>The Pokémon was hit 2 times!</small><br></div><div class="spacer battle-history"><br></div><div class="battle-history"><small>The opposing Convolvulus was hurt by poison!</small><br></div><div class="spacer battle-history"><br></div><h2 class="battle-history">Turn 5</h2><div class="chat chatmessage-h2opulse"><strong style="color:#6e8c2b"><small>☆</small><span class="username" data-name="H2OPulse">H2OPulse</span>:</strong> <em>Interesting okay</em></div><div class="spacer battle-history"><br></div><div class="battle-history">Isma used <strong>Apple Acid</strong>!<br></div><div class="battle-history"><small>It's not very effective...</small><br></div><div class="battle-history"><small>(The opposing Convolvulus lost 14% of its health!)</small><br></div><div class="battle-history"><small>The opposing Convolvulus's Sp. Def fell!</small><br></div><div class="battle-history"><small>It's not very effective...</small><br></div><div class="battle-history"><small>(The opposing Convolvulus lost 6% of its health!)</small><br></div><div class="battle-history"><small>The opposing Convolvulus's Sp. Def fell!</small><br></div><div class="battle-history"><small>The Pokémon was hit 2 times!</small><br></div><div class="battle-history"><small>The opposing Convolvulus surrounded itself with its Z-Power!</small><br></div><div class="spacer battle-history"><br></div><div class="battle-history"><small>The opposing Convolvulus unleashes its full-force Z-Move!</small><br>The opposing Convolvulus used <strong>All-Out Pummeling</strong>!<br></div><div class="battle-history"><small>It's not very effective...</small><br></div><div class="battle-history"><small>(Isma lost <abbr title="−141/354">39.8%</abbr> of its health!)</small><br></div><div class="spacer battle-history"><br></div><div class="battle-history"><small>The opposing Convolvulus was hurt by poison!</small><br></div><div class="spacer battle-history"><br></div><h2 class="battle-history">Turn 6</h2><div class="spacer battle-history"><br></div><div class="battle-history">Isma used <strong>Poison Jab</strong>!<br></div><div class="battle-history"><small>(The opposing Convolvulus lost 17% of its health!)</small><br></div><div class="battle-history"><small>The Pokémon was hit 1 time!</small><br></div><div class="spacer battle-history"><br></div><div class="battle-history">The opposing Convolvulus fainted!<br></div><div class="chat chatmessage-inkbug1 mine"><strong style="color:#e46e0f"><small>☆</small><span class="username" data-name="inkbug1">inkbug1</span>:</strong> <em>well i had a plan but she seems to be doing okay</em></div><div class="spacer battle-history"><br></div><div class="battle-history">H2OPulse sent out Spilly (<strong>Araquanid</strong>)!<br></div><div class="spacer battle-history"><br></div><h2 class="battle-history">Turn 7</h2><div class="chat chatmessage-h2opulse"><strong style="color:#6e8c2b"><small>☆</small><span class="username" data-name="H2OPulse">H2OPulse</span>:</strong> <em>Pfff ye ah</em></div><div class="chat chatmessage-inkbug1 mine"><strong style="color:#e46e0f"><small>☆</small><span class="username" data-name="inkbug1">inkbug1</span>:</strong> <em>really frustrating how much more workable physical sets are rn like theyre still interesting but idk</em></div><div class="spacer battle-history"><br></div><div class="battle-history">Isma used <strong>Lunge</strong>!<br></div><div class="battle-history"><small>(The opposing Spilly lost 37% of its health!)</small><br></div><div class="battle-history"><small>The opposing Spilly's Attack fell!</small><br></div><div class="battle-history"><small>(The opposing Spilly lost 10% of its health!)</small><br></div><div class="battle-history"><small>The opposing Spilly's Attack fell!</small><br></div><div class="battle-history"><small>The Pokémon was hit 2 times!</small><br></div><div class="spacer battle-history"><br></div><div class="battle-history">The opposing Spilly used <strong>Toxic</strong>!<br></div><div class="battle-history"><small>Isma was badly poisoned!</small><br></div><div class="spacer battle-history"><br></div><div class="battle-history"><small>Isma was hurt by poison!</small><br></div><div class="spacer battle-history"><br></div><h2 class="battle-history">Turn 8</h2><div class="chat chatmessage-inkbug1 mine"><strong style="color:#e46e0f"><small>☆</small><span class="username" data-name="inkbug1">inkbug1</span>:</strong> <em>like thats 0- attack it really feels like </em></div><div class="chat chatmessage-inkbug1 mine"><strong style="color:#e46e0f"><small>☆</small><span class="username" data-name="inkbug1">inkbug1</span>:</strong> <em>it should be worse than that </em></div><div class="chat chatmessage-h2opulse"><strong style="color:#6e8c2b"><small>☆</small><span class="username" data-name="H2OPulse">H2OPulse</span>:</strong> <em>That's 0- Attack oh gosh</em></div><div class="chat chatmessage-inkbug1 mine"><strong style="color:#e46e0f"><small>☆</small><span class="username" data-name="inkbug1">inkbug1</span>:</strong> <em>yeah</em></div><div class="chat chatmessage-h2opulse"><strong style="color:#6e8c2b"><small>☆</small><span class="username" data-name="H2OPulse">H2OPulse</span>:</strong> <em>yeah okay</em></div><div class="chat chatmessage-inkbug1 mine"><strong style="color:#e46e0f"><small>☆</small><span class="username" data-name="inkbug1">inkbug1</span>:</strong> <em>ik araquanid is specially biased but</em></div><div class="spacer battle-history"><br></div><div class="battle-history">Isma used <strong>Poison Jab</strong>!<br></div><div class="battle-history"><small>(The opposing Spilly lost 25% of its health!)</small><br></div><div class="battle-history"><small>The opposing Spilly was poisoned!</small><br></div><div class="battle-history"><small>(The opposing Spilly lost 6% of its health!)</small><br></div><div class="battle-history"><small>The Pokémon was hit 2 times!</small><br></div><div class="spacer battle-history"><br></div><div class="battle-history">The opposing Spilly used <strong>Leech Life</strong>!<br></div><div class="battle-history"><small>It's super effective!</small><br></div><div class="battle-history"><small>(Isma lost <abbr title="−104/354">29.4%</abbr> of its health!)</small><br></div><div class="battle-history"><small>Isma had its energy drained!</small><br></div><div class="spacer battle-history"><br></div><div class="battle-history"><small>Isma was hurt by poison!</small><br></div><div class="battle-history"><small>The opposing Spilly was hurt by poison!</small><br></div><div class="spacer battle-history"><br></div><h2 class="battle-history">Turn 9</h2><div class="spacer battle-history"><br></div><div class="battle-history">Isma, come back!<br></div><div class="battle-history">Go! Cayenne (<strong>Salazzle</strong>)!<br></div><div class="spacer battle-history"><br></div><div class="battle-history">H2OPulse withdrew Spilly!<br></div><div class="battle-history">H2OPulse sent out Pipa (<strong>Kartana</strong>)!<br></div><div class="spacer battle-history"><br></div><h2 class="battle-history">Turn 10</h2><div class="spacer battle-history"><br></div><div class="battle-history">H2OPulse withdrew Pipa!<br></div><div class="battle-history">H2OPulse sent out Cattail (<strong>Vaporeon</strong>)!<br></div><div class="spacer battle-history"><br></div><div class="battle-history">Cayenne used <strong>Flamethrower</strong>!<br></div><div class="battle-history"><small>It's not very effective...</small><br></div><div class="battle-history"><small>(The opposing Cattail lost 14% of its health!)</small><br></div><div class="spacer battle-history"><br></div><div class="battle-history"><small>The opposing Cattail restored a little HP using its Leftovers!</small><br></div><div class="spacer battle-history"><br></div><h2 class="battle-history">Turn 11</h2><div class="spacer battle-history"><br></div><div class="battle-history">Cayenne, come back!<br></div><div class="battle-history">Go! Finnigan (<strong>Vaporeon</strong>)!<br></div><div class="spacer battle-history"><br></div><div class="battle-history">The opposing Cattail used <strong>Wish</strong>!<br></div><div class="spacer battle-history"><br></div><div class="battle-history"><small>The opposing Cattail restored a little HP using its Leftovers!</small><br></div><div class="spacer battle-history"><br></div><h2 class="battle-history">Turn 12</h2><div class="spacer battle-history"><br></div><div class="battle-history">H2OPulse withdrew Cattail!<br></div><div class="battle-history">H2OPulse sent out Miko (<strong>Lycanroc-Mega</strong>)!<br></div><div class="spacer battle-history"><br></div><div class="battle-history">Finnigan used <strong>Heal Bell</strong>!<br></div><div class="battle-history"><small>A bell chimed!</small><br></div><div class="battle-history"><small>Isma was cured of its poisoning!</small><br></div><div class="spacer battle-history"><br></div><div class="battle-history"><small>Cattail's wish came true!</small><br></div><div class="spacer battle-history"><br></div><h2 class="battle-history">Turn 13</h2><div class="spacer battle-history"><br></div><div class="battle-history">H2OPulse withdrew Miko!<br></div><div class="battle-history">H2OPulse sent out Cattail (<strong>Vaporeon</strong>)!<br></div><div class="spacer battle-history"><br></div><div class="battle-history">Finnigan used <strong>Wish</strong>!<br></div><div class="spacer battle-history"><br></div><div class="battle-history"><small>The opposing Cattail restored a little HP using its Leftovers!</small><br></div><div class="spacer battle-history"><br></div><h2 class="battle-history">Turn 14</h2><div class="spacer battle-history"><br></div><div class="battle-history">The opposing Cattail used <strong>Flip Turn</strong>!<br></div><div class="battle-history">[Finnigan's Water Absorb]<br><small>It doesn't affect Finnigan...</small><br></div><div class="spacer battle-history"><br></div><div class="battle-history">Finnigan used <strong>Flip Turn</strong>!<br></div><div class="battle-history">[The opposing Cattail's Water Absorb]<br><small>It doesn't affect the opposing Cattail...</small><br></div><div class="spacer battle-history"><br></div><h2 class="battle-history">Turn 15</h2><div class="chat chatmessage-inkbug1 mine"><strong style="color:#e46e0f"><small>☆</small><span class="username" data-name="inkbug1">inkbug1</span>:</strong> <em>dammit</em></div><div class="spacer battle-history"><br></div><div class="battle-history">The opposing Cattail used <strong>Wish</strong>!<br></div><div class="spacer battle-history"><br></div><div class="battle-history">Finnigan used <strong>Wish</strong>!<br></div><div class="spacer battle-history"><br></div><h2 class="battle-history">Turn 16</h2><div class="spacer battle-history"><br></div><div class="battle-history">Finnigan, come back!<br></div><div class="battle-history">Go! Isma (<strong>Leavanny-Mega</strong>)!<br></div><div class="spacer battle-history"><br></div><div class="battle-history">The opposing Cattail used <strong>Flip Turn</strong>!<br></div><div class="battle-history"><small>It's not very effective...</small><br></div><div class="battle-history"><small>(Isma lost <abbr title="−27/354">7.6%</abbr> of its health!)</small><br></div><div class="chat chatmessage-h2opulse"><strong style="color:#6e8c2b"><small>☆</small><span class="username" data-name="H2OPulse">H2OPulse</span>:</strong> <em>NOT ENOUGH okay</em></div><div class="spacer battle-history"><br></div><div class="battle-history">H2OPulse withdrew Cattail!<br></div><div class="battle-history">H2OPulse sent out Spilly (<strong>Araquanid</strong>)!<br></div><div class="spacer battle-history"><br></div><div class="battle-history"><small>Finnigan's wish came true!</small><br></div><div class="battle-history"><small>Cattail's wish came true!</small><br></div><div class="battle-history"><small>The opposing Spilly was hurt by poison!</small><br></div><div class="spacer battle-history"><br></div><h2 class="battle-history">Turn 17</h2><div class="spacer battle-history"><br></div><div class="battle-history">Isma, come back!<br></div><div class="battle-history">Go! Cayenne (<strong>Salazzle</strong>)!<br></div><div class="spacer battle-history"><br></div><div class="battle-history">The opposing Spilly used <strong>Toxic</strong>!<br></div><div class="battle-history"><small>It doesn't affect Cayenne...</small><br></div><div class="spacer battle-history"><br></div><div class="battle-history"><small>The opposing Spilly was hurt by poison!</small><br></div><div class="spacer battle-history"><br></div><h2 class="battle-history">Turn 18</h2><div class="spacer battle-history"><br></div><div class="battle-history">Cayenne used <strong>Venoshock</strong>!<br></div><div class="battle-history"><small>(The opposing Spilly lost 55% of its health!)</small><br></div><div class="spacer battle-history"><br></div><div class="battle-history">The opposing Spilly used <strong>Liquidation</strong>!<br></div><div class="battle-history"><small>It's super effective!</small><br></div><div class="battle-history"><small>(Cayenne lost <abbr title="−277/277">100%</abbr> of its health!)</small><br></div><div class="spacer battle-history"><br></div><div class="battle-history">Cayenne fainted!<br></div><div class="spacer battle-history"><br></div><div class="battle-history"><small>The opposing Spilly was hurt by poison!</small><br></div><div class="chat chatmessage-inkbug1 mine"><strong style="color:#e46e0f"><small>☆</small><span class="username" data-name="inkbug1">inkbug1</span>:</strong> <em>ok yeah tht was risky and dumb</em></div><div class="chat chatmessage-inkbug1 mine"><strong style="color:#e46e0f"><small>☆</small><span class="username" data-name="inkbug1">inkbug1</span>:</strong> <em>wonder if foul play wouldve done more</em></div><div class="spacer battle-history"><br></div><div class="battle-history">Go! Isma (<strong>Leavanny-Mega</strong>)!<br></div><div class="spacer battle-history"><br></div><h2 class="battle-history">Turn 19</h2><div class="spacer battle-history"><br></div><div class="battle-history">Isma used <strong>Apple Acid</strong>!<br></div><div class="battle-history"><small>(The opposing Spilly lost 8% of its health!)</small><br></div><div class="battle-history"><small>The Pokémon was hit 1 time!</small><br></div><div class="spacer battle-history"><br></div><div class="battle-history">The opposing Spilly fainted!<br></div><div class="spacer battle-history"><br></div><div class="battle-history">H2OPulse sent out Champignon (<strong>Breloom</strong>)!<br></div><div class="spacer battle-history"><br></div><h2 class="battle-history">Turn 20</h2><div class="spacer battle-history"><br></div><div class="battle-history">Isma used <strong>Poison Jab</strong>!<br></div><div class="battle-history"><small>It's super effective!</small><br></div><div class="battle-history"><small>(The opposing Champignon lost 55% of its health!)</small><br></div><div class="battle-history"><small>It's super effective!</small><br></div><div class="battle-history"><small>(The opposing Champignon lost 15% of its health!)</small><br></div><div class="battle-history"><small>The Pokémon was hit 2 times!</small><br></div><div class="spacer battle-history"><br></div><div class="battle-history">The opposing Champignon used <strong>Substitute</strong>!<br></div><div class="battle-history"><small>But it does not have enough HP left to make a substitute!</small><br></div><div class="spacer battle-history"><br></div><div class="battle-history">[The opposing Champignon's Poison Heal]<br><small>The opposing Champignon had its HP restored.</small><br></div><div class="spacer battle-history"><br></div><h2 class="battle-history">Turn 21</h2><div class="chat chatmessage-h2opulse"><strong style="color:#6e8c2b"><small>☆</small><span class="username" data-name="H2OPulse">H2OPulse</span>:</strong> <em>Oh okay duh</em></div><div class="spacer battle-history"><br></div><div class="battle-history"><small>The opposing Champignon is tightening its focus!</small><br></div><div class="spacer battle-history"><br></div><div class="battle-history">Isma used <strong>Apple Acid</strong>!<br></div><div class="battle-history"><small>It's not very effective...</small><br></div><div class="battle-history"><small>(The opposing Champignon lost 12% of its health!)</small><br></div><div class="battle-history"><small>The opposing Champignon's Sp. Def fell!</small><br></div><div class="battle-history"><small>It's not very effective...</small><br></div><div class="battle-history"><small>(The opposing Champignon lost 6% of its health!)</small><br></div><div class="battle-history"><small>The opposing Champignon's Sp. Def fell!</small><br></div><div class="battle-history"><small>The Pokémon was hit 2 times!</small><br></div><div class="spacer battle-history"><br></div><div class="battle-history">The opposing Champignon lost its focus and couldn't move!<br></div><div class="spacer battle-history"><br></div><div class="battle-history">[The opposing Champignon's Poison Heal]<br><small>The opposing Champignon had its HP restored.</small><br></div><div class="spacer battle-history"><br></div><h2 class="battle-history">Turn 22</h2><div class="chat chatmessage-inkbug1 mine"><strong style="color:#e46e0f"><small>☆</small><span class="username" data-name="inkbug1">inkbug1</span>:</strong> <em>yeah the more i try to do this the more sure i am abt this </em></div><div class="chat chatmessage-inkbug1 mine"><strong style="color:#e46e0f"><small>☆</small><span class="username" data-name="inkbug1">inkbug1</span>:</strong> <em>like</em></div><div class="chat chatmessage-inkbug1 mine"><strong style="color:#e46e0f"><small>☆</small><span class="username" data-name="inkbug1">inkbug1</span>:</strong> <em>i dunno im sitll not 100% </em></div><div class="chat chatmessage-inkbug1 mine"><strong style="color:#e46e0f"><small>☆</small><span class="username" data-name="inkbug1">inkbug1</span>:</strong> <em>but </em></div><div class="spacer battle-history"><br></div><div class="battle-history"><small>The opposing Champignon is tightening its focus!</small><br></div><div class="spacer battle-history"><br></div><div class="battle-history">Isma used <strong>Apple Acid</strong>!<br></div><div class="battle-history"><small>It's not very effective...</small><br></div><div class="battle-history"><small>(The opposing Champignon lost 19% of its health!)</small><br></div><div class="battle-history"><small>The Pokémon was hit 1 time!</small><br></div><div class="spacer battle-history"><br></div><div class="battle-history">The opposing Champignon fainted!<br></div><div class="spacer battle-history"><br></div><div class="battle-history">H2OPulse sent out Pipa (<strong>Kartana</strong>)!<br></div><div class="spacer battle-history"><br></div><h2 class="battle-history">Turn 23</h2><div class="spacer battle-history"><br></div><div class="battle-history">The opposing Pipa used <strong>Smart Strike</strong>!<br></div><div class="battle-history"><small>(Isma lost <abbr title="−136/354">38.4%</abbr> of its health!)</small><br></div><div class="spacer battle-history"><br></div><div class="battle-history">Isma used <strong>Lunge</strong>!<br></div><div class="battle-history"><small>(The opposing Pipa lost 29% of its health!)</small><br></div><div class="battle-history"><small>The opposing Pipa's Attack fell!</small><br></div><div class="battle-history"><small>(The opposing Pipa lost 8% of its health!)</small><br></div><div class="battle-history"><small>The opposing Pipa's Attack fell!</small><br></div><div class="battle-history"><small>The Pokémon was hit 2 times!</small><br></div><div class="spacer battle-history"><br></div><h2 class="battle-history">Turn 24</h2><div class="spacer battle-history"><br></div><div class="battle-history">The opposing Pipa used <strong>Smart Strike</strong>!<br></div><div class="battle-history"><small>(Isma lost <abbr title="−75/354">21.2%</abbr> of its health!)</small><br></div><div class="spacer battle-history"><br></div><div class="battle-history">Isma used <strong>Synthesis</strong>!<br></div><div class="battle-history"><small>Isma had its HP restored.</small><br></div><div class="spacer battle-history"><br></div><h2 class="battle-history">Turn 25</h2><div class="spacer battle-history"><br></div><div class="battle-history">The opposing Pipa used <strong>Smart Strike</strong>!<br></div><div class="battle-history"><small>(Isma lost <abbr title="−72/354">20.3%</abbr> of its health!)</small><br></div><div class="spacer battle-history"><br></div><div class="battle-history">Isma used <strong>Lunge</strong>!<br></div><div class="battle-history"><small>(The opposing Pipa lost 31% of its health!)</small><br></div><div class="battle-history"><small>The opposing Pipa's Attack fell!</small><br></div><div class="battle-history"><small>(The opposing Pipa lost 8% of its health!)</small><br></div><div class="battle-history"><small>The opposing Pipa's Attack fell!</small><br></div><div class="battle-history"><small>The Pokémon was hit 2 times!</small><br></div><div class="spacer battle-history"><br></div><h2 class="battle-history">Turn 26</h2><div class="chat chatmessage-inkbug1 mine"><strong style="color:#e46e0f"><small>☆</small><span class="username" data-name="inkbug1">inkbug1</span>:</strong> <em>I DUNNO i just </em></div><div class="chat chatmessage-h2opulse"><strong style="color:#6e8c2b"><small>☆</small><span class="username" data-name="H2OPulse">H2OPulse</span>:</strong> <em>Yeah I'm gonna lose this time huh!</em></div><div class="chat chatmessage-inkbug1 mine"><strong style="color:#e46e0f"><small>☆</small><span class="username" data-name="inkbug1">inkbug1</span>:</strong> <em>mmm</em></div><div class="chat chatmessage-inkbug1 mine"><strong style="color:#e46e0f"><small>☆</small><span class="username" data-name="inkbug1">inkbug1</span>:</strong> <em>its really hard to say</em></div><div class="spacer battle-history"><br></div><div class="battle-history">The opposing Pipa used <strong>Smart Strike</strong>!<br></div><div class="battle-history"><small>(Isma lost <abbr title="−51/354">14.4%</abbr> of its health!)</small><br></div><div class="spacer battle-history"><br></div><div class="battle-history">Isma used <strong>Synthesis</strong>!<br></div><div class="battle-history"><small>Isma had its HP restored.</small><br></div><div class="spacer battle-history"><br></div><h2 class="battle-history">Turn 27</h2><div class="chat chatmessage-h2opulse"><strong style="color:#6e8c2b"><small>☆</small><span class="username" data-name="H2OPulse">H2OPulse</span>:</strong> <em>Okay so physical sets do seem way better</em></div><div class="chat chatmessage-h2opulse"><strong style="color:#6e8c2b"><small>☆</small><span class="username" data-name="H2OPulse">H2OPulse</span>:</strong> <em>Or well</em></div><div class="chat chatmessage-h2opulse"><strong style="color:#6e8c2b"><small>☆</small><span class="username" data-name="H2OPulse">H2OPulse</span>:</strong> <em>mixed ones like this</em></div><div class="chat chatmessage-h2opulse"><strong style="color:#6e8c2b"><small>☆</small><span class="username" data-name="H2OPulse">H2OPulse</span>:</strong> <em>Apple Acid is also super relevant</em></div><div class="chat chatmessage-inkbug1 mine"><strong style="color:#e46e0f"><small>☆</small><span class="username" data-name="inkbug1">inkbug1</span>:</strong> <em>honestly im basically only using apple acid for utility on this</em></div><div class="chat chatmessage-inkbug1 mine"><strong style="color:#e46e0f"><small>☆</small><span class="username" data-name="inkbug1">inkbug1</span>:</strong> <em>it could be -spa</em></div><div class="spacer battle-history"><br></div><div class="battle-history">The opposing Pipa used <strong>Smart Strike</strong>!<br></div><div class="battle-history"><small>(Isma lost <abbr title="−45/354">12.7%</abbr> of its health!)</small><br></div><div class="spacer battle-history"><br></div><div class="battle-history">Isma used <strong>Lunge</strong>!<br></div><div class="battle-history"><small>(The opposing Pipa lost 24% of its health!)</small><br></div><div class="battle-history"><small>The Pokémon was hit 1 time!</small><br></div><div class="spacer battle-history"><br></div><div class="battle-history">The opposing Pipa fainted!<br></div><div class="spacer battle-history"><br></div><div class="battle-history">H2OPulse sent out Miko (<strong>Lycanroc-Mega</strong>)!<br></div><div class="spacer battle-history"><br></div><h2 class="battle-history">Turn 28</h2><div class="spacer battle-history"><br></div><div class="battle-history">The opposing Miko used <strong>Extreme Speed</strong>!<br></div><div class="battle-history"><small>(Isma lost <abbr title="−151/354">42.7%</abbr> of its health!)</small><br></div><div class="spacer battle-history"><br></div><div class="battle-history">Isma used <strong>Lunge</strong>!<br></div><div class="battle-history"><small>(The opposing Miko lost 30% of its health!)</small><br></div><div class="battle-history"><small>The opposing Miko's Attack fell!</small><br></div><div class="battle-history"><small>(The opposing Miko lost 8% of its health!)</small><br></div><div class="battle-history"><small>The opposing Miko's Attack fell!</small><br></div><div class="battle-history"><small>The Pokémon was hit 2 times!</small><br></div><div class="spacer battle-history"><br></div><h2 class="battle-history">Turn 29</h2><div class="spacer battle-history"><br></div><div class="battle-history">The opposing Miko used <strong>Extreme Speed</strong>!<br></div><div class="battle-history"><small>(Isma lost <abbr title="−72/354">20.3%</abbr> of its health!)</small><br></div><div class="spacer battle-history"><br></div><div class="battle-history">Isma fainted!<br></div><div class="chat chatmessage-inkbug1 mine"><strong style="color:#e46e0f"><small>☆</small><span class="username" data-name="inkbug1">inkbug1</span>:</strong> <em>not Quite enough ok</em></div><div class="chat chatmessage-inkbug1 mine"><strong style="color:#e46e0f"><small>☆</small><span class="username" data-name="inkbug1">inkbug1</span>:</strong> <em>was hoping thatd b enough</em></div><div class="chat chatmessage-h2opulse"><strong style="color:#6e8c2b"><small>☆</small><span class="username" data-name="H2OPulse">H2OPulse</span>:</strong> <em>That was an unreasonably close and roll-dependent KO haha</em></div><div class="chat chatmessage-inkbug1 mine"><strong style="color:#e46e0f"><small>☆</small><span class="username" data-name="inkbug1">inkbug1</span>:</strong> <em>ggs leavanny that was def the cleanest so far</em></div><div class="chat chatmessage-h2opulse"><strong style="color:#6e8c2b"><small>☆</small><span class="username" data-name="H2OPulse">H2OPulse</span>:</strong> <em>Y e a h</em></div><div class="spacer battle-history"><br></div><div class="battle-history">Go! Brian (<strong>Articuno-Galar</strong>)!<br></div><div class="spacer battle-history"><br></div><h2 class="battle-history">Turn 30</h2><div class="spacer battle-history"><br></div><div class="battle-history">H2OPulse withdrew Miko!<br></div><div class="battle-history">H2OPulse sent out Cattail (<strong>Vaporeon</strong>)!<br></div><div class="spacer battle-history"><br></div><div class="battle-history">Brian used <strong>Hurricane</strong>!<br></div><div class="battle-history"><small>(The opposing Cattail lost 37% of its health!)</small><br></div><div class="spacer battle-history"><br></div><div class="battle-history"><small>The opposing Cattail restored a little HP using its Leftovers!</small><br></div><div class="spacer battle-history"><br></div><h2 class="battle-history">Turn 31</h2><div class="spacer battle-history"><br></div><div class="battle-history">Brian used <strong>Calm Mind</strong>!<br></div><div class="battle-history"><small>Brian's Sp. Atk rose!</small><br></div><div class="battle-history"><small>Brian's Sp. Def rose!</small><br></div><div class="spacer battle-history"><br></div><div class="battle-history">The opposing Cattail used <strong>Toxic</strong>!<br></div><div class="battle-history"><small>Brian avoided the attack!</small><br></div><div class="spacer battle-history"><br></div><div class="battle-history"><small>The opposing Cattail restored a little HP using its Leftovers!</small><br></div><div class="spacer battle-history"><br></div><h2 class="battle-history">Turn 32</h2><div class="spacer battle-history"><br></div><div class="battle-history">Brian used <strong>Psyshock</strong>!<br></div><div class="battle-history"><small>(The opposing Cattail lost 33% of its health!)</small><br></div><div class="spacer battle-history"><br></div><div class="battle-history">The opposing Cattail used <strong>Toxic</strong>!<br></div><div class="battle-history"><small>Brian was badly poisoned!</small><br></div><div class="spacer battle-history"><br></div><div class="battle-history"><small>The opposing Cattail restored a little HP using its Leftovers!</small><br></div><div class="battle-history"><small>Brian was hurt by poison!</small><br></div><div class="spacer battle-history"><br></div><h2 class="battle-history">Turn 33</h2><div class="spacer battle-history"><br></div><div class="battle-history"><small>Brian surrounded itself with its Z-Power!</small><br></div><div class="spacer battle-history"><br></div><div class="battle-history"><small>Brian unleashes its full-force Z-Move!</small><br>Brian used <strong>Supersonic Skystrike</strong>!<br></div><div class="battle-history"><small>(The opposing Cattail lost 49% of its health!)</small><br></div><div class="spacer battle-history"><br></div><div class="battle-history">The opposing Cattail fainted!<br></div><div class="spacer battle-history"><br></div><div class="battle-history"><small>Brian was hurt by poison!</small><br></div><div class="spacer battle-history"><br></div><div class="battle-history">H2OPulse sent out Miko (<strong>Lycanroc-Mega</strong>)!<br></div><div class="spacer battle-history"><br></div><h2 class="battle-history">Turn 34</h2><div class="spacer battle-history"><br></div><div class="battle-history">The opposing Miko used <strong>Substitute</strong>!<br></div><div class="battle-history"><small>The opposing Miko put in a substitute!</small><br></div><div class="battle-history"><small>(The opposing Miko lost 25% of its health!)</small><br></div><div class="spacer battle-history"><br></div><div class="battle-history">Brian used <strong>Hurricane</strong>!<br></div><div class="battle-history"><small>The opposing Miko avoided the attack!</small><br></div><div class="spacer battle-history"><br></div><div class="battle-history"><small>Brian was hurt by poison!</small><br></div><div class="spacer battle-history"><br></div><h2 class="battle-history">Turn 35</h2><div class="chat chatmessage-h2opulse"><strong style="color:#6e8c2b"><small>☆</small><span class="username" data-name="H2OPulse">H2OPulse</span>:</strong> <em>O o f</em></div><div class="spacer battle-history"><br></div><div class="battle-history">The opposing Miko used <strong>Stone Edge</strong>!<br></div><div class="battle-history"><small>It's super effective!</small><br></div><div class="battle-history"><small>(Brian lost <abbr title="−245/383">64.0%</abbr> of its health!)</small><br></div><div class="spacer battle-history"><br></div><div class="battle-history">Brian fainted!<br></div><div class="chat chatmessage-h2opulse"><strong style="color:#6e8c2b"><small>☆</small><span class="username" data-name="H2OPulse">H2OPulse</span>:</strong> <em>sorry I needed that a lot</em></div><div class="chat chatmessage-inkbug1 mine"><strong style="color:#e46e0f"><small>☆</small><span class="username" data-name="inkbug1">inkbug1</span>:</strong> <em>ur good</em></div><div class="spacer battle-history"><br></div><div class="battle-history">Go! Maytag (<strong>Rotom-Wash</strong>)!<br></div><div class="spacer battle-history"><br></div><h2 class="battle-history">Turn 36</h2><div class="spacer battle-history"><br></div><div class="battle-history">The opposing Miko used <strong>Stone Edge</strong>!<br></div><div class="battle-history"><small>(Maytag lost <abbr title="−192/241">79.7%</abbr> of its health!)</small><br></div><div class="spacer battle-history"><br></div><div class="battle-history">Maytag used <strong>Hydro Pump</strong>!<br></div><div class="battle-history"><small>The opposing Miko avoided the attack!</small><br></div><div class="spacer battle-history"><br></div><h2 class="battle-history">Turn 37</h2><div class="chat chatmessage-h2opulse"><strong style="color:#6e8c2b"><small>☆</small><span class="username" data-name="H2OPulse">H2OPulse</span>:</strong> <em>...,</em></div><div class="chat chatmessage-inkbug1 mine"><strong style="color:#e46e0f"><small>☆</small><span class="username" data-name="inkbug1">inkbug1</span>:</strong> <em>pfffff</em></div><div class="spacer battle-history"><br></div><div class="battle-history">The opposing Miko used <strong>Extreme Speed</strong>!<br></div><div class="battle-history"><small>(Maytag lost <abbr title="−49/241">20.3%</abbr> of its health!)</small><br></div><div class="spacer battle-history"><br></div><div class="battle-history">Maytag fainted!<br></div><div class="spacer battle-history"><br></div><div class="battle-history">Go! Cello (<strong>Zygarde-10%</strong>)!<br></div><div class="battle-history">[Cello's Aura Break]<br><small>Cello reversed all other Pokémon's auras!</small><br></div><div class="spacer battle-history"><br></div><h2 class="battle-history">Turn 38</h2><div class="spacer battle-history"><br></div><div class="battle-history">The opposing Miko used <strong>Extreme Speed</strong>!<br></div><div class="battle-history"><small>(Cello lost <abbr title="−199/249">79.9%</abbr> of its health!)</small><br></div><div class="spacer battle-history"><br></div><div class="battle-history">Cello used <strong>Outrage</strong>!<br></div><div class="battle-history"><small>The opposing Miko's substitute faded!</small><br></div><div class="battle-history"><small>Cello lost some of its HP!</small><br></div><div class="spacer battle-history"><br></div><h2 class="battle-history">Turn 39</h2><div class="spacer battle-history"><br></div><div class="battle-history">The opposing Miko used <strong>Extreme Speed</strong>!<br></div><div class="battle-history"><small>(Cello lost <abbr title="−26/249">10.4%</abbr> of its health!)</small><br></div><div class="spacer battle-history"><br></div><div class="battle-history">Cello fainted!<br></div><div class="spacer battle-history"><br></div><div class="battle-history">Go! Finnigan (<strong>Vaporeon</strong>)!<br></div><div class="spacer battle-history"><br></div><h2 class="battle-history">Turn 40</h2><div class="chat chatmessage-h2opulse"><strong style="color:#6e8c2b"><small>☆</small><span class="username" data-name="H2OPulse">H2OPulse</span>:</strong> <em>I <i>think</i> I still lose now right</em></div><div class="chat chatmessage-h2opulse"><strong style="color:#6e8c2b"><small>☆</small><span class="username" data-name="H2OPulse">H2OPulse</span>:</strong> <em>but wow good dog</em></div><div class="chat chatmessage-h2opulse"><strong style="color:#6e8c2b"><small>☆</small><span class="username" data-name="H2OPulse">H2OPulse</span>:</strong> <em>Good game!!!</em></div><div class="spacer battle-history"><br></div><div class="battle-history">The opposing Miko used <strong>Stone Edge</strong>!<br></div><div class="battle-history"><small>Finnigan avoided the attack!</small><br></div><div class="spacer battle-history"><br></div><div class="battle-history">Finnigan used <strong>Flip Turn</strong>!<br></div><div class="battle-history"><small>It's super effective!</small><br></div><div class="battle-history"><small>(The opposing Miko lost 28% of its health!)</small><br></div><div class="spacer battle-history"><br></div><h2 class="battle-history">Turn 41</h2><div class="chat chatmessage-h2opulse"><strong style="color:#6e8c2b"><small>☆</small><span class="username" data-name="H2OPulse">H2OPulse</span>:</strong> <em>Pfff</em></div><div class="spacer battle-history"><br></div><div class="battle-history">The opposing Miko used <strong>Stone Edge</strong>!<br></div><div class="battle-history"><small>(Finnigan lost <abbr title="−201/464">43.3%</abbr> of its health!)</small><br></div><div class="spacer battle-history"><br></div><div class="battle-history">Finnigan used <strong>Flip Turn</strong>!<br></div><div class="battle-history"><small>It's super effective!</small><br></div><div class="battle-history"><small>(The opposing Miko lost 2% of its health!)</small><br></div><div class="spacer battle-history"><br></div><div class="battle-history">The opposing Miko fainted!<br></div><div class="spacer battle-history"><br></div><div class="battle-history"><strong>inkbug1</strong> won the battle!<br></div><div class="chat chatmessage-inkbug1 mine"><strong style="color:#e46e0f"><small>☆</small><span class="username" data-name="inkbug1">inkbug1</span>:</strong> <em>mm</em></div><div class="chat chatmessage-h2opulse"><strong style="color:#6e8c2b"><small>☆</small><span class="username" data-name="H2OPulse">H2OPulse</span>:</strong> <em>OKAY YEAH I would've lost either way</em></div><div class="chat chatmessage-inkbug1 mine"><strong style="color:#e46e0f"><small>☆</small><span class="username" data-name="inkbug1">inkbug1</span>:</strong> <em>ok </em></div><div class="chat chatmessage-inkbug1 mine"><strong style="color:#e46e0f"><small>☆</small><span class="username" data-name="inkbug1">inkbug1</span>:</strong> <em>hmmm</em></div><div class="chat chatmessage-h2opulse"><strong style="color:#6e8c2b"><small>☆</small><span class="username" data-name="H2OPulse">H2OPulse</span>:</strong> <em>Gosh that was so funny</em></div><div class="chat chatmessage-h2opulse"><strong style="color:#6e8c2b"><small>☆</small><span class="username" data-name="H2OPulse">H2OPulse</span>:</strong> <em>the hax in this fight on both sides</em></div><div class="chat chatmessage-inkbug1 mine"><strong style="color:#e46e0f"><small>☆</small><span class="username" data-name="inkbug1">inkbug1</span>:</strong> <em>its really weird like... how do </em></div><div class="chat chatmessage-h2opulse"><strong style="color:#6e8c2b"><small>☆</small><span class="username" data-name="H2OPulse">H2OPulse</span>:</strong> <em>That was a way better showing than Leavanny has had though that's really good to know</em></div><div class="chat"><small> Coppersmith joined</small></div><div class="chat chatmessage-inkbug1 mine"><strong style="color:#e46e0f"><small>☆</small><span class="username" data-name="inkbug1">inkbug1</span>:</strong> <em>yeah </em></div><div class="chat chatmessage-inkbug1 mine"><strong style="color:#e46e0f"><small>☆</small><span class="username" data-name="inkbug1">inkbug1</span>:</strong> <em>i think like</em></div><div class="chat chatmessage-coppersmith"><strong style="color:#0aa445"><small> </small><span class="username" data-name="Coppersmith">Coppersmith</span>:</strong> <em>Hey I’m back for 30 seconds</em></div><div class="chat chatmessage-inkbug1 mine"><strong style="color:#e46e0f"><small>☆</small><span class="username" data-name="inkbug1">inkbug1</span>:</strong> <em>i mean we keep saying the same thing</em></div><div class="chat chatmessage-inkbug1 mine"><strong style="color:#e46e0f"><small>☆</small><span class="username" data-name="inkbug1">inkbug1</span>:</strong> <em>heya</em></div><div class="chat chatmessage-coppersmith"><strong style="color:#0aa445"><small> </small><span class="username" data-name="Coppersmith">Coppersmith</span>:</strong> <em>hematite you got the replay of ours right?</em></div><div class="chat chatmessage-inkbug1 mine"><strong style="color:#e46e0f"><small>☆</small><span class="username" data-name="inkbug1">inkbug1</span>:</strong> <em>like special sets are outclassed in literally every way here</em></div><div class="chat chatmessage-coppersmith"><strong style="color:#0aa445"><small> </small><span class="username" data-name="Coppersmith">Coppersmith</span>:</strong> <em>Bye</em></div><div class="chat chatmessage-h2opulse"><strong style="color:#6e8c2b"><small>☆</small><span class="username" data-name="H2OPulse">H2OPulse</span>:</strong> <em>Yeah haha</em></div><div class="chat"><small> Coppersmith left</small></div><div class="chat chatmessage-h2opulse"><strong style="color:#6e8c2b"><small>☆</small><span class="username" data-name="H2OPulse">H2OPulse</span>:</strong> <em>And yes!! I did!</em></div><div class="chat chatmessage-inkbug1 mine"><strong style="color:#e46e0f"><small>☆</small><span class="username" data-name="inkbug1">inkbug1</span>:</strong> <em>they cant outdamage, and they dont have the coverage</em></div><div class="chat chatmessage-inkbug1 mine"><strong style="color:#e46e0f"><small>☆</small><span class="username" data-name="inkbug1">inkbug1</span>:</strong> <em>even with all the crazy snowballing potential</em></div><div class="chat chatmessage-inkbug1 mine"><strong style="color:#e46e0f"><small>☆</small><span class="username" data-name="inkbug1">inkbug1</span>:</strong> <em>even with max spa </em></div><div class="chat chatmessage-inkbug1 mine"><strong style="color:#e46e0f"><small>☆</small><span class="username" data-name="inkbug1">inkbug1</span>:</strong> <em>it just does not measure up</em></div><div class="chat chatmessage-h2opulse"><strong style="color:#6e8c2b"><small>☆</small><span class="username" data-name="H2OPulse">H2OPulse</span>:</strong> <em>Right yeah</em></div><div class="chat chatmessage-inkbug1 mine"><strong style="color:#e46e0f"><small>☆</small><span class="username" data-name="inkbug1">inkbug1</span>:</strong> <em>and then the phys moves hit harder than they reasonably should with literally negative investment</em></div><div class="chat chatmessage-h2opulse"><strong style="color:#6e8c2b"><small>☆</small><span class="username" data-name="H2OPulse">H2OPulse</span>:</strong> <em>Yeah I gave it super low Special Attack on purpose but like</em></div><div class="chat chatmessage-h2opulse"><strong style="color:#6e8c2b"><small>☆</small><span class="username" data-name="H2OPulse">H2OPulse</span>:</strong> <em>it wasn't supposed to be <i>this</i> much worse</em></div><div class="chat chatmessage-h2opulse"><strong style="color:#6e8c2b"><small>☆</small><span class="username" data-name="H2OPulse">H2OPulse</span>:</strong> <em>I expected special sets to have a lot more advantages and thought they needed the help</em></div><div class="chat chatmessage-inkbug1 mine"><strong style="color:#e46e0f"><small>☆</small><span class="username" data-name="inkbug1">inkbug1</span>:</strong> <em>i think <i>used like this</i> its definitely usable</em></div><div class="chat chatmessage-h2opulse"><strong style="color:#6e8c2b"><small>☆</small><span class="username" data-name="H2OPulse">H2OPulse</span>:</strong> <em>*that physical sets needed the help I mean</em></div><div class="chat chatmessage-inkbug1 mine"><strong style="color:#e46e0f"><small>☆</small><span class="username" data-name="inkbug1">inkbug1</span>:</strong> <em>but it doesnt really have options</em></div><div class="chat chatmessage-inkbug1 mine"><strong style="color:#e46e0f"><small>☆</small><span class="username" data-name="inkbug1">inkbug1</span>:</strong> <em>if it wants to do stuff</em></div><div class="chat chatmessage-h2opulse"><strong style="color:#6e8c2b"><small>☆</small><span class="username" data-name="H2OPulse">H2OPulse</span>:</strong> <em>so yeah seeing them outclassed this much is surprising</em></div><div class="chat chatmessage-h2opulse"><strong style="color:#6e8c2b"><small>☆</small><span class="username" data-name="H2OPulse">H2OPulse</span>:</strong> <em>Fair hahah</em></div><div class="chat chatmessage-inkbug1 mine"><strong style="color:#e46e0f"><small>☆</small><span class="username" data-name="inkbug1">inkbug1</span>:</strong> <em>like what moves to pick obbviously</em></div></div><div class="inner-preempt message-log"></div></div></div>
</div>
<script>
let daily = Math.floor(Date.now()/1000/60/60/24);document.write('<script src="https://dragonheaven.herokuapp.com/js/replay-embed.js?version'+daily+'"></'+'script>');
</script>
