<!DOCTYPE html>
<meta charset="utf-8" />
<!-- version 1 -->
<title>[Gen 8] Nihilego test replay: Nihilego test vs. H2OPulse</title>
<style>
html,body {font-family:Verdana, sans-serif;font-size:10pt;margin:0;padding:0;}body{padding:12px 0;} .battle-log {font-family:Verdana, sans-serif;font-size:10pt;} .battle-log-inline {border:1px solid #AAAAAA;background:#EEF2F5;color:black;max-width:640px;margin:0 auto 80px;padding-bottom:5px;} .battle-log .inner {padding:4px 8px 0px 8px;} .battle-log .inner-preempt {padding:0 8px 4px 8px;} .battle-log .inner-after {margin-top:0.5em;} .battle-log h2 {margin:0.5em -8px;padding:4px 8px;border:1px solid #AAAAAA;background:#E0E7EA;border-left:0;border-right:0;font-family:Verdana, sans-serif;font-size:13pt;} .battle-log .chat {vertical-align:middle;padding:3px 0 3px 0;font-size:8pt;} .battle-log .chat strong {color:#40576A;} .battle-log .chat em {padding:1px 4px 1px 3px;color:#000000;font-style:normal;} .chat.mine {background:rgba(0,0,0,0.05);margin-left:-8px;margin-right:-8px;padding-left:8px;padding-right:8px;} .spoiler {color:#BBBBBB;background:#BBBBBB;padding:0px 3px;} .spoiler:hover, .spoiler:active, .spoiler-shown {color:#000000;background:#E2E2E2;padding:0px 3px;} .spoiler a {color:#BBBBBB;} .spoiler:hover a, .spoiler:active a, .spoiler-shown a {color:#2288CC;} .chat code, .chat .spoiler:hover code, .chat .spoiler:active code, .chat .spoiler-shown code {border:1px solid #C0C0C0;background:#EEEEEE;color:black;padding:0 2px;} .chat .spoiler code {border:1px solid #CCCCCC;background:#CCCCCC;color:#CCCCCC;} .battle-log .rated {padding:3px 4px;} .battle-log .rated strong {color:white;background:#89A;padding:1px 4px;border-radius:4px;} .spacer {margin-top:0.5em;} .message-announce {background:#6688AA;color:white;padding:1px 4px 2px;} .message-announce a, .broadcast-green a, .broadcast-blue a, .broadcast-red a {color:#DDEEFF;} .broadcast-green {background-color:#559955;color:white;padding:2px 4px;} .broadcast-blue {background-color:#6688AA;color:white;padding:2px 4px;} .infobox {border:1px solid #6688AA;padding:2px 4px;} .infobox-limited {max-height:200px;overflow:auto;overflow-x:hidden;} .broadcast-red {background-color:#AA5544;color:white;padding:2px 4px;} .message-learn-canlearn {font-weight:bold;color:#228822;text-decoration:underline;} .message-learn-cannotlearn {font-weight:bold;color:#CC2222;text-decoration:underline;} .message-effect-weak {font-weight:bold;color:#CC2222;} .message-effect-resist {font-weight:bold;color:#6688AA;} .message-effect-immune {font-weight:bold;color:#666666;} .message-learn-list {margin-top:0;margin-bottom:0;} .message-throttle-notice, .message-error {color:#992222;} .message-overflow, .chat small.message-overflow {font-size:0pt;} .message-overflow::before {font-size:9pt;content:'...';} .subtle {color:#3A4A66;}
</style>
<div class="wrapper replay-wrapper" style="max-width:1180px;margin:0 auto">
<input type="hidden" name="replayid" value="unregisteredserver-gen8nihilegotest-1" />
<div class="battle"></div><div class="battle-log"></div><div class="replay-controls"></div><div class="replay-controls-2"></div>
<h1 style="font-weight:normal;text-align:center"><strong>[Gen 8] Nihilego test</strong><br /><a href="http://pokemonshowdown.com/users/nihilegotest" class="subtle" target="_blank">Nihilego test</a> vs. <a href="http://pokemonshowdown.com/users/h2opulse" class="subtle" target="_blank">H2OPulse</a></h1>
<script type="text/plain" class="battle-log-data">|j|☆Nihilego test

|j|☆H2OPulse
|t:|1666072791
|player|p1|Nihilego test|aetherfoundation|
|player|p2|H2OPulse|aetherfoundation|
|teamsize|p1|4
|teamsize|p2|4
|gametype|singles
|gen|8
|tier|[Gen 8] Nihilego test
|clearpoke
|poke|p1|Incineroar, M|
|poke|p1|Nihilego|
|poke|p1|Araquanid, M|
|poke|p1|Lurantis, M|
|poke|p2|Incineroar, M|
|poke|p2|Nihilego|
|poke|p2|Araquanid, M|
|poke|p2|Lurantis, M|
|rule|HP Percentage Mod: HP is shown in percentages
|rule|Dynamax Clause: You cannot dynamax
|rule|Sleep Clause Mod: Limit one foe put to sleep
|teampreview
|
|t:|1666072798
|start
|switch|p1a: Lamial|Incineroar, M|394\/394
|switch|p2a: Mandevilla|Nihilego|100\/100
|-ability|p1a: Lamial|Intimidate|boost
|-unboost|p2a: Mandevilla|atk|1
|turn|1
|
|t:|1666072807
|move|p2a: Mandevilla|Sludge Wave|p1a: Lamial
|-damage|p1a: Lamial|216\/394
|move|p1a: Lamial|Darkest Lariat|p2a: Mandevilla
|-damage|p2a: Mandevilla|29\/100
|
|upkeep
|turn|2
|
|t:|1666072825
|switch|p2a: Spilly|Araquanid, M|100\/100
|-message|Huh?!
|-anim|p1a: Lamial|Spite|p1a: Lamial
|-message|Lamial's ally, Mandevilla, is latching onto Lamial's Nihilegium Z...!
|detailschange|p1: Mandevilla|Nihilego-Symbiont
|-burst|p1: Mandevilla|Nihilego|
|-item|p1: Mandevilla|Nihilegium Z
|faint|p1a: Lamial
|
|upkeep
|
|t:|1666072833
|switch|p1a: Mandevilla|Nihilego-Symbiont|467\/556
|-start|p1a: Mandevilla|typechange|Fire\/Dark|[silent]
|-start|p1a: Mandevilla|typeadd|Poison|[silent]
|raw|<ul class="utilichart"><li class="result"><span class="col pokemonnamecol" style="white-space: nowrap">Nihilego-Symbiont<\/span> <span class="col typecol"><img src="http:\/\/play.pokemonshowdown.com\/sprites\/types\/Fire.png" alt="Fire" height="14" width="32"><img src="http:\/\/play.pokemonshowdown.com\/sprites\/types\/Dark.png" alt="Dark" height="14" width="32"><\/span> <span style="float: left ; min-height: 26px"><span class="col abilitycol">Intimidate<\/span><span class="col abilitycol"><\/span><\/span><span style="float: left ; min-height: 26px"><span class="col statcol"><em>HP<\/em><br>109<\/span> <span class="col statcol"><em>Atk<\/em><br>128<\/span> <span class="col statcol"><em>Def<\/em><br>101<\/span> <span class="col statcol"><em>SpA<\/em><br>111<\/span> <span class="col statcol"><em>SpD<\/em><br>121<\/span> <span class="col statcol"><em>Spe<\/em><br>89<\/span> <\/span><\/li><li style="clear: both"><\/li><\/ul>
|-ability|p1a: Mandevilla|As One
|-ability|p1a: Mandevilla|Intimidate|boost
|-unboost|p2a: Spilly|atk|1
|turn|3
|
|t:|1666072850
|-formechange|p1a: Lamial|Incineroar|
|-start|p1a: Lamial|typechange|Fire\/Dark|[silent]
|-start|p1a: Lamial|typeadd|Poison|[silent]
|move|p1a: Lamial|Fake Out|p2a: Spilly
|-damage|p2a: Spilly|91\/100
|cant|p2a: Spilly|flinch
|
|upkeep
|turn|4
|
|t:|1666072860
|-formechange|p1a: Mandevilla|Nihilego-Symbiont|
|-start|p1a: Mandevilla|typechange|Fire\/Dark|[silent]
|-start|p1a: Mandevilla|typeadd|Poison|[silent]
|move|p1a: Mandevilla|Acid Spray|p2a: Spilly
|-crit|p2a: Spilly
|-damage|p2a: Spilly|75\/100
|-unboost|p2a: Spilly|spd|2
|move|p2a: Spilly|Liquidation|p1a: Mandevilla
|-supereffective|p1a: Mandevilla
|-damage|p1a: Mandevilla|261\/556
|
|upkeep
|turn|5
|
|t:|1666072874
|-message|Huh?!
|-anim|p2a: Spilly|Spite|p2a: Spilly
|-message|Spilly's ally, Mandevilla, is latching onto Spilly's Nihilegium Z...!
|detailschange|p2: Mandevilla|Nihilego-Symbiont
|-burst|p2: Mandevilla|Nihilego|
|-item|p2: Mandevilla|Nihilegium Z
|faint|p2a: Spilly
|move|p1a: Mandevilla|Acid Spray|p2: Spilly|[notarget]
|-fail|p1a: Mandevilla
|
|upkeep
|
|t:|1666072881
|switch|p2a: Mandevilla|Nihilego-Symbiont|43\/100
|-start|p2a: Mandevilla|typechange|Water\/Bug|[silent]
|-start|p2a: Mandevilla|typeadd|Poison|[silent]
|raw|<ul class="utilichart"><li class="result"><span class="col pokemonnamecol" style="white-space: nowrap">Nihilego-Symbiont<\/span> <span class="col typecol"><img src="http:\/\/play.pokemonshowdown.com\/sprites\/types\/Water.png" alt="Water" height="14" width="32"><img src="http:\/\/play.pokemonshowdown.com\/sprites\/types\/Bug.png" alt="Bug" height="14" width="32"><\/span> <span style="float: left ; min-height: 26px"><span class="col abilitycol">Water Bubble<\/span><span class="col abilitycol"><\/span><\/span><span style="float: left ; min-height: 26px"><span class="col statcol"><em>HP<\/em><br>109<\/span> <span class="col statcol"><em>Atk<\/em><br>83<\/span> <span class="col statcol"><em>Def<\/em><br>103<\/span> <span class="col statcol"><em>SpA<\/em><br>81<\/span> <span class="col statcol"><em>SpD<\/em><br>163<\/span> <span class="col statcol"><em>Spe<\/em><br>71<\/span> <\/span><\/li><li style="clear: both"><\/li><\/ul>
|-ability|p2a: Mandevilla|As One
|turn|6
|
|t:|1666072889
|move|p1a: Mandevilla|Meteor Beam||[still]
|-prepare|p1a: Mandevilla|Meteor Beam
|-boost|p1a: Mandevilla|spa|1
|-zpower|p2a: Mandevilla
|move|p2a: Mandevilla|Uncanny Synergism||[zeffect]|[still]
|-anim|p2a: Mandevilla|Acid Downpour|p1a: Mandevilla
|-resisted|p1a: Mandevilla
|-damage|p1a: Mandevilla|177\/556
|-boost|p2a: Mandevilla|spd|1
|
|upkeep
|turn|7
|
|t:|1666072904
|switch|p2a: Lamial|Incineroar, M|100\/100
|-ability|p2a: Lamial|Intimidate|boost
|-unboost|p1a: Mandevilla|atk|1
|move|p1a: Mandevilla|Meteor Beam|p2a: Lamial|[from]lockedmove
|-supereffective|p2a: Lamial
|-damage|p2a: Lamial|0 fnt
|faint|p2a: Lamial
|-ability|p1a: Mandevilla|Beast Boost|boost
|-boost|p1a: Mandevilla|spa|1
|
|upkeep
|
|t:|1666072915
|switch|p2a: Mandevilla|Nihilego-Symbiont|43\/100
|-start|p2a: Mandevilla|typechange|Water\/Bug|[silent]
|-start|p2a: Mandevilla|typeadd|Poison|[silent]
|-ability|p2a: Mandevilla|As One
|turn|8
|
|t:|1666072922
|move|p1a: Mandevilla|Acid Spray|p2a: Mandevilla
|-resisted|p2a: Mandevilla
|-damage|p2a: Mandevilla|36\/100
|-unboost|p2a: Mandevilla|spd|2
|-formechange|p2a: Spilly|Araquanid|
|-start|p2a: Spilly|typechange|Water\/Bug|[silent]
|-start|p2a: Spilly|typeadd|Poison|[silent]
|move|p2a: Spilly|Liquidation|p1a: Mandevilla
|-supereffective|p1a: Mandevilla
|-crit|p1a: Mandevilla
|-damage|p1a: Mandevilla|0 fnt
|faint|p1a: Mandevilla
|-ability|p2a: Spilly|Beast Boost|boost
|-boost|p2a: Spilly|spd|1
|
|upkeep
|
|t:|1666072936
|switch|p1a: Ophrys|Lurantis, M|282\/282
|turn|9
|
|t:|1666072942
|switch|p2a: Ophrys|Lurantis, M|100\/100
|move|p1a: Ophrys|Protect||[still]
|-fail|p1a: Ophrys
|
|upkeep
|turn|10
|-message|H2OPulse forfeited.
|
|win|Nihilego test
|l|☆H2OPulse</script>
</div>
<div class="battle-log battle-log-inline"><div class="inner"><div class="battle-options"><div style="padding-top: 3px; padding-right: 3px; text-align: right"><button class="icon button" name="openBattleOptions" title="Options">Battle Options</button></div></div><div class="inner message-log"><div class="chat"><small>☆Nihilego test and ☆H2OPulse joined</small></div><div class=""><small>Format:</small> <br><strong>[Gen 8] Nihilego test</strong></div><div class=""><small><em>HP Percentage Mod:</em> HP is shown in percentages</small></div><div class=""><small><em>Dynamax Clause:</em> You cannot dynamax</small></div><div class=""><small><em>Sleep Clause Mod:</em> Limit one foe put to sleep</small></div><div class="chat battle-history"><strong>Nihilego test's team:</strong> <em style="color:#445566;display:block;">Incineroar / Nihilego / Araquanid / Lurantis</em></div><div class="chat battle-history"><strong>H2OPulse's team:</strong> <em style="color:#445566;display:block;">Incineroar / Nihilego / Araquanid / Lurantis</em></div><div class="spacer battle-history"><br></div><div class="battle-history">Battle started between Nihilego test and H2OPulse!<br></div><div class="spacer battle-history"><br></div><div class="battle-history">Go! Lamial (<strong>Incineroar</strong>)!<br></div><div class="spacer battle-history"><br></div><div class="battle-history">H2OPulse sent out Mandevilla (<strong>Nihilego</strong>)!<br></div><div class="battle-history">[Lamial's Intimidate]<br></div><div class="battle-history"><small>The opposing Mandevilla's Attack fell!</small><br></div><div class="spacer battle-history"><br></div><h2 class="battle-history">Turn 1</h2><div class="spacer battle-history"><br></div><div class="battle-history">The opposing Mandevilla used <strong>Sludge Wave</strong>!<br></div><div class="battle-history"><small>(Lamial lost <abbr title="−178/394">45.2%</abbr> of its health!)</small><br></div><div class="spacer battle-history"><br></div><div class="battle-history">Lamial used <strong>Darkest Lariat</strong>!<br></div><div class="battle-history"><small>(The opposing Mandevilla lost 71% of its health!)</small><br></div><div class="spacer battle-history"><br></div><h2 class="battle-history">Turn 2</h2><div class="spacer battle-history"><br></div><div class="battle-history">H2OPulse withdrew Mandevilla!<br></div><div class="battle-history">H2OPulse sent out Spilly (<strong>Araquanid</strong>)!<br></div><div class="battle-history"><small>Huh?!</small><br></div><div class="battle-history"><small>Lamial's ally, Mandevilla, is latching onto Lamial's Nihilegium Z...!</small><br></div><div class="chat message-error">TypeError: Cannot read properties of null (reading 'removeVolatile')</div><div class="chat message-error">    at Battle.runMinor (http://play.pokemonshowdown.com/js/battle.js?d4ed5cb9:2331:9)</div><div class="battle-history">Mandevilla regained its true power through Ultra Burst!<br></div><div class="chat message-error">TypeError: Cannot set properties of null (setting 'item')</div><div class="chat message-error">    at Battle.runMinor (http://play.pokemonshowdown.com/js/battle.js?d4ed5cb9:2139:13)</div><div class="spacer battle-history"><br></div><div class="battle-history">Lamial fainted!<br></div><div class="spacer battle-history"><br></div><div class="battle-history">Go! Mandevilla (<strong>Nihilego-Symbiont</strong>)!<br></div><div class="chat"><ul class="utilichart"><li class="result"><span class="col pokemonnamecol" style="white-space: nowrap">Nihilego-Symbiont</span> <span class="col typecol"><img src="http://play.pokemonshowdown.com/sprites/types/Fire.png" alt="Fire" height="14" width="32"><img src="http://play.pokemonshowdown.com/sprites/types/Dark.png" alt="Dark" height="14" width="32"></span> <span style="float: left ; min-height: 26px"><span class="col abilitycol">Intimidate</span><span class="col abilitycol"></span></span><span style="float: left ; min-height: 26px"><span class="col statcol"><em>HP</em><br>109</span> <span class="col statcol"><em>Atk</em><br>128</span> <span class="col statcol"><em>Def</em><br>101</span> <span class="col statcol"><em>SpA</em><br>111</span> <span class="col statcol"><em>SpD</em><br>121</span> <span class="col statcol"><em>Spe</em><br>89</span> </span></li><li style="clear: both"></li></ul></div><div class="battle-history">[Mandevilla's As One]<br><small>Mandevilla has two Abilities!</small><br></div><div class="battle-history">[Mandevilla's Intimidate]<br></div><div class="battle-history"><small>The opposing Spilly's Attack fell!</small><br></div><div class="spacer battle-history"><br></div><h2 class="battle-history">Turn 3</h2><div class="spacer battle-history"><br></div><div class="battle-history">Lamial used <strong>Fake Out</strong>!<br></div><div class="battle-history"><small>(The opposing Spilly lost 9% of its health!)</small><br></div><div class="spacer battle-history"><br></div><div class="battle-history">The opposing Spilly flinched and couldn't move!<br></div><div class="spacer battle-history"><br></div><h2 class="battle-history">Turn 4</h2><div class="spacer battle-history"><br></div><div class="battle-history">Mandevilla used <strong>Acid Spray</strong>!<br></div><div class="battle-history"><small>A critical hit!</small><br></div><div class="battle-history"><small>(The opposing Spilly lost 16% of its health!)</small><br></div><div class="battle-history"><small>The opposing Spilly's Sp. Def fell harshly!</small><br></div><div class="spacer battle-history"><br></div><div class="battle-history">The opposing Spilly used <strong>Liquidation</strong>!<br></div><div class="battle-history"><small>It's super effective!</small><br></div><div class="battle-history"><small>(Mandevilla lost <abbr title="−206/556">37.1%</abbr> of its health!)</small><br></div><div class="spacer battle-history"><br></div><h2 class="battle-history">Turn 5</h2><div class="spacer battle-history"><br></div><div class="battle-history"><small>Huh?!</small><br></div><div class="battle-history"><small>Spilly's ally, Mandevilla, is latching onto Spilly's Nihilegium Z...!</small><br></div><div class="battle-history">The opposing Mandevilla regained its true power through Ultra Burst!<br></div><div class="spacer battle-history"><br></div><div class="battle-history">The opposing Spilly fainted!<br></div><div class="battle-history">Mandevilla used <strong>Acid Spray</strong>!<br></div><div class="battle-history"><small>But it failed!</small><br></div><div class="spacer battle-history"><br></div><div class="battle-history">H2OPulse sent out Mandevilla (<strong>Nihilego-Symbiont</strong>)!<br></div><div class="chat"><ul class="utilichart"><li class="result"><span class="col pokemonnamecol" style="white-space: nowrap">Nihilego-Symbiont</span> <span class="col typecol"><img src="http://play.pokemonshowdown.com/sprites/types/Water.png" alt="Water" height="14" width="32"><img src="http://play.pokemonshowdown.com/sprites/types/Bug.png" alt="Bug" height="14" width="32"></span> <span style="float: left ; min-height: 26px"><span class="col abilitycol">Water Bubble</span><span class="col abilitycol"></span></span><span style="float: left ; min-height: 26px"><span class="col statcol"><em>HP</em><br>109</span> <span class="col statcol"><em>Atk</em><br>83</span> <span class="col statcol"><em>Def</em><br>103</span> <span class="col statcol"><em>SpA</em><br>81</span> <span class="col statcol"><em>SpD</em><br>163</span> <span class="col statcol"><em>Spe</em><br>71</span> </span></li><li style="clear: both"></li></ul></div><div class="battle-history">[The opposing Mandevilla's As One]<br><small>The opposing Mandevilla has two Abilities!</small><br></div><div class="spacer battle-history"><br></div><h2 class="battle-history">Turn 6</h2><div class="spacer battle-history"><br></div><div class="battle-history">Mandevilla used <strong>Meteor Beam</strong>!<br></div><div class="battle-history">Mandevilla is overflowing with space power!<br></div><div class="battle-history"><small>Mandevilla's Sp. Atk rose!</small><br></div><div class="battle-history"><small>The opposing Mandevilla surrounded itself with its Z-Power!</small><br></div><div class="spacer battle-history"><br></div><div class="battle-history"><small>The opposing Mandevilla unleashes its full-force Z-Move!</small><br>The opposing Mandevilla used <strong>Uncanny Synergism</strong>!<br></div><div class="battle-history"><small>It's not very effective...</small><br></div><div class="battle-history"><small>(Mandevilla lost <abbr title="−84/556">15.1%</abbr> of its health!)</small><br></div><div class="battle-history"><small>The opposing Mandevilla's Sp. Def rose!</small><br></div><div class="spacer battle-history"><br></div><h2 class="battle-history">Turn 7</h2><div class="spacer battle-history"><br></div><div class="battle-history">H2OPulse withdrew Mandevilla!<br></div><div class="battle-history">H2OPulse sent out Lamial (<strong>Incineroar</strong>)!<br></div><div class="battle-history">[The opposing Lamial's Intimidate]<br></div><div class="battle-history"><small>Mandevilla's Attack fell!</small><br></div><div class="spacer battle-history"><br></div><div class="battle-history">Mandevilla used <strong>Meteor Beam</strong>!<br></div><div class="battle-history"><small>It's super effective!</small><br></div><div class="battle-history"><small>(The opposing Lamial lost 100% of its health!)</small><br></div><div class="spacer battle-history"><br></div><div class="battle-history">The opposing Lamial fainted!<br></div><div class="battle-history">[Mandevilla's Beast Boost]<br></div><div class="battle-history"><small>Mandevilla's Sp. Atk rose!</small><br></div><div class="spacer battle-history"><br></div><div class="battle-history">H2OPulse sent out Mandevilla (<strong>Nihilego-Symbiont</strong>)!<br></div><div class="battle-history">[The opposing Mandevilla's As One]<br><small>The opposing Mandevilla has two Abilities!</small><br></div><div class="spacer battle-history"><br></div><h2 class="battle-history">Turn 8</h2><div class="spacer battle-history"><br></div><div class="battle-history">Mandevilla used <strong>Acid Spray</strong>!<br></div><div class="battle-history"><small>It's not very effective...</small><br></div><div class="battle-history"><small>(The opposing Mandevilla lost 7% of its health!)</small><br></div><div class="battle-history"><small>The opposing Mandevilla's Sp. Def fell harshly!</small><br></div><div class="spacer battle-history"><br></div><div class="battle-history">The opposing Spilly used <strong>Liquidation</strong>!<br></div><div class="battle-history"><small>It's super effective!</small><br></div><div class="battle-history"><small>A critical hit!</small><br></div><div class="battle-history"><small>(Mandevilla lost <abbr title="−177/556">31.8%</abbr> of its health!)</small><br></div><div class="spacer battle-history"><br></div><div class="battle-history">Mandevilla fainted!<br></div><div class="battle-history">[The opposing Spilly's Beast Boost]<br></div><div class="battle-history"><small>The opposing Spilly's Sp. Def rose!</small><br></div><div class="spacer battle-history"><br></div><div class="battle-history">Go! Ophrys (<strong>Lurantis</strong>)!<br></div><div class="spacer battle-history"><br></div><h2 class="battle-history">Turn 9</h2><div class="spacer battle-history"><br></div><div class="battle-history">H2OPulse withdrew Mandevilla!<br></div><div class="battle-history">H2OPulse sent out Ophrys (<strong>Lurantis</strong>)!<br></div><div class="spacer battle-history"><br></div><div class="battle-history">Ophrys used <strong>Protect</strong>!<br></div><div class="battle-history"><small>But it failed!</small><br></div><div class="spacer battle-history"><br></div><h2 class="battle-history">Turn 10</h2><div class="spacer battle-history"><br></div><div class="battle-history"><small>H2OPulse forfeited.</small><br></div><div class="spacer battle-history"><br></div><div class="battle-history"><strong>Nihilego test</strong> won the battle!<br></div><div class="chat"><small>☆H2OPulse left</small></div></div><div class="inner-preempt message-log"></div></div></div>
</div>
<script>
let daily = Math.floor(Date.now()/1000/60/60/24);document.write('<script src="https://play.pokemonshowdown.com/js/replay-embed.js?version'+daily+'"></'+'script>');
</script>
