<!DOCTYPE html>
<meta charset="utf-8" />
<!-- version 1 -->
<title>[Gen 8] M4A Sandbox replay: inkbug1 vs. H2OPulse</title>
<style>
html,body {font-family:Verdana, sans-serif;font-size:10pt;margin:0;padding:0;}body{padding:12px 0;} .battle-log {font-family:Verdana, sans-serif;font-size:10pt;} .battle-log-inline {border:1px solid #AAAAAA;background:#EEF2F5;color:black;max-width:640px;margin:0 auto 80px;padding-bottom:5px;} .battle-log .inner {padding:4px 8px 0px 8px;} .battle-log .inner-preempt {padding:0 8px 4px 8px;} .battle-log .inner-after {margin-top:0.5em;} .battle-log h2 {margin:0.5em -8px;padding:4px 8px;border:1px solid #AAAAAA;background:#E0E7EA;border-left:0;border-right:0;font-family:Verdana, sans-serif;font-size:13pt;} .battle-log .chat {vertical-align:middle;padding:3px 0 3px 0;font-size:8pt;} .battle-log .chat strong {color:#40576A;} .battle-log .chat em {padding:1px 4px 1px 3px;color:#000000;font-style:normal;} .chat.mine {background:rgba(0,0,0,0.05);margin-left:-8px;margin-right:-8px;padding-left:8px;padding-right:8px;} .spoiler {color:#BBBBBB;background:#BBBBBB;padding:0px 3px;} .spoiler:hover, .spoiler:active, .spoiler-shown {color:#000000;background:#E2E2E2;padding:0px 3px;} .spoiler a {color:#BBBBBB;} .spoiler:hover a, .spoiler:active a, .spoiler-shown a {color:#2288CC;} .chat code, .chat .spoiler:hover code, .chat .spoiler:active code, .chat .spoiler-shown code {border:1px solid #C0C0C0;background:#EEEEEE;color:black;padding:0 2px;} .chat .spoiler code {border:1px solid #CCCCCC;background:#CCCCCC;color:#CCCCCC;} .battle-log .rated {padding:3px 4px;} .battle-log .rated strong {color:white;background:#89A;padding:1px 4px;border-radius:4px;} .spacer {margin-top:0.5em;} .message-announce {background:#6688AA;color:white;padding:1px 4px 2px;} .message-announce a, .broadcast-green a, .broadcast-blue a, .broadcast-red a {color:#DDEEFF;} .broadcast-green {background-color:#559955;color:white;padding:2px 4px;} .broadcast-blue {background-color:#6688AA;color:white;padding:2px 4px;} .infobox {border:1px solid #6688AA;padding:2px 4px;} .infobox-limited {max-height:200px;overflow:auto;overflow-x:hidden;} .broadcast-red {background-color:#AA5544;color:white;padding:2px 4px;} .message-learn-canlearn {font-weight:bold;color:#228822;text-decoration:underline;} .message-learn-cannotlearn {font-weight:bold;color:#CC2222;text-decoration:underline;} .message-effect-weak {font-weight:bold;color:#CC2222;} .message-effect-resist {font-weight:bold;color:#6688AA;} .message-effect-immune {font-weight:bold;color:#666666;} .message-learn-list {margin-top:0;margin-bottom:0;} .message-throttle-notice, .message-error {color:#992222;} .message-overflow, .chat small.message-overflow {font-size:0pt;} .message-overflow::before {font-size:9pt;content:'...';} .subtle {color:#3A4A66;}
</style>
<div class="wrapper replay-wrapper" style="max-width:1180px;margin:0 auto">
<input type="hidden" name="replayid" value="dragonheaven-gen8m4asandbox-35-lobf1pky9082vg0vma98k120tstezpdpw" />
<div class="battle"></div><div class="battle-log"></div><div class="replay-controls"></div><div class="replay-controls-2"></div>
<h1 style="font-weight:normal;text-align:center"><strong>[Gen 8] M4A Sandbox</strong><br /><a href="http://pokemonshowdown.com/users/inkbug1" class="subtle" target="_blank">inkbug1</a> vs. <a href="http://pokemonshowdown.com/users/h2opulse" class="subtle" target="_blank">H2OPulse</a></h1>
<script type="text/plain" class="battle-log-data">|raw|<div class="broadcast-red"><strong>This battle is invite-only!<\/strong><br \/>Users must be invited with <code>\/invite<\/code> (or be staff) to join<\/div>
|j|☆inkbug1

|j|☆H2OPulse
|t:|1645233374
|player|p1|inkbug1|burgh|
|player|p2|H2OPulse|aetherfoundation|
|teamsize|p1|6
|teamsize|p2|6
|gametype|singles
|gen|8
|tier|[Gen 8] M4A Sandbox
|clearpoke
|poke|p1|Slurpuff, M|
|poke|p1|Dragalge, M|
|poke|p1|Accelgor, M|
|poke|p1|Golduck, M|
|poke|p1|Spiritomb, F|
|poke|p1|Claydol|
|poke|p2|Decidueye-Hisui, F|
|poke|p2|Typhlosion-Hisui, M|
|poke|p2|Basculegion, M|
|poke|p2|Bisharp, F|
|poke|p2|Araquanid, M|
|poke|p2|Gliscor, M|
|rule|HP Percentage Mod: HP is shown in percentages
|rule|OHKO Clause: OHKO moves are banned
|rule|Evasion Moves Clause: Evasion moves are banned
|rule|Dynamax Clause: You cannot dynamax
|rule|Sleep Clause Mod: Limit one foe put to sleep
|rule|Freeze Clause Mod: Limit one foe frozen
|raw|<img src="https:\/\/raw.githubusercontent.com\/scoopapa\/DH\/master\/data\/mods\/m4av6\/sprites\/m4a_banner.png" height="65" width="381">
|-message|Welcome to the Megas for All Sandbox!
|-message|This is a custom game format where you can experiment outside of the normal rules.
|-message|Thanks to the incredible KeroseneZanchu, you can even alter a Pokémon's type, stats and Mega form with its nickname!
|-message|You can find the details on how this works here:
|-message|https:\/\/docs.google.com\/document\/d\/1hhF49OIQKot72C30mCzSwxYgb3Ephhm9KCL_nMPrCW0\/
|teampreview
|c|☆H2OPulse|Good luck and have fun!!!
|
|t:|1645233413
|start
|switch|p1a: *px080086085075072|Slurpuff, M|305\/305
|switch|p2a: Sword Lily|Bisharp, F|100\/100
|-start|p1a: *px080086085075072|typechange|Poison|[silent]
|raw|<ul class="utilichart"><li class="result"><span class="col pokemonnamecol" style="white-space: nowrap">Slurpuff<\/span> <span class="col typecol"><img src="https:\/\/play.pokemonshowdown.com\/sprites\/types\/Poison.png" alt="Poison" height="14" width="32"><\/span><\/li><li style="clear: both"><\/li><\/ul>
|raw|<ul class="utilichart"><li class="result"><span style="float: left ; min-height: 26px"><span class="col statcol"><em>HP<\/em><br>82<\/span> <span class="col statcol"><em>Atk<\/em><br>080<\/span> <span class="col statcol"><em>Def<\/em><br>086<\/span> <span class="col statcol"><em>SpA<\/em><br>085<\/span> <span class="col statcol"><em>SpD<\/em><br>075<\/span> <span class="col statcol"><em>Spe<\/em><br>072<\/span> <\/span><\/li><li style="clear: both"><\/li><\/ul>
|-start|p1a: *px080086085075072|typechange|Poison|[silent]
|-start|p1a: *px080086085075072|typechange|Poison|[silent]
|turn|1
|c|☆inkbug1|u too ! 
|
|t:|1645233429
|move|p1a: *px080086085075072|Stuff Cheeks|p1a: *px080086085075072
|-enditem|p1a: *px080086085075072|Petaya Berry|[eat]
|-boost|p1a: *px080086085075072|spa|1|[from] item: Petaya Berry
|-boost|p1a: *px080086085075072|def|2
|move|p2a: Sword Lily|Iron Head|p1a: *px080086085075072
|-damage|p1a: *px080086085075072|218\/305
|
|upkeep
|turn|2
|c|☆H2OPulse|Fear okay
|c|☆H2OPulse|Uhhhh
|
|t:|1645233437
|move|p1a: *px080086085075072|Flamethrower|p2a: Sword Lily
|-supereffective|p2a: Sword Lily
|-damage|p2a: Sword Lily|0 fnt
|faint|p2a: Sword Lily
|
|upkeep
|c|☆H2OPulse|Yeah
|
|t:|1645233444
|switch|p2a: Myrrh|Typhlosion-Hisui, M|100\/100
|-start|p2a: Myrrh|typechange|Fire\/Ghost|[silent]
|raw|<ul class="utilichart"><li class="result"><span class="col pokemonnamecol" style="white-space: nowrap">Typhlosion-Hisui<\/span> <span class="col typecol"><img src="https:\/\/play.pokemonshowdown.com\/sprites\/types\/Fire.png" alt="Fire" height="14" width="32"><img src="https:\/\/play.pokemonshowdown.com\/sprites\/types\/Ghost.png" alt="Ghost" height="14" width="32"><\/span><\/li><li style="clear: both"><\/li><\/ul>
|raw|<ul class="utilichart"><li class="result"><span style="float: left ; min-height: 26px"><span class="col statcol"><em>HP<\/em><br>73<\/span> <span class="col statcol"><em>Atk<\/em><br>84<\/span> <span class="col statcol"><em>Def<\/em><br>78<\/span> <span class="col statcol"><em>SpA<\/em><br>119<\/span> <span class="col statcol"><em>SpD<\/em><br>85<\/span> <span class="col statcol"><em>Spe<\/em><br>95<\/span> <\/span><\/li><li style="clear: both"><\/li><\/ul>
|-start|p2a: Myrrh|typechange|Fire\/Ghost|[silent]
|turn|3
|
|t:|1645233457
|move|p1a: *px080086085075072|Belch|p2a: Myrrh
|-resisted|p2a: Myrrh
|-damage|p2a: Myrrh|50\/100
|move|p2a: Myrrh|Eruption|p1a: *px080086085075072
|-damage|p1a: *px080086085075072|32\/305
|
|upkeep
|turn|4
|c|☆H2OPulse|OH RIGHT YOu'RE FAST
|c|☆H2OPulse|I forgot
|c|☆inkbug1|good lord 
|c|☆inkbug1|that still hits so hard 
|c|☆H2OPulse|Yeah :'D
|
|t:|1645233480
|switch|p2a: Phace|Gliscor, M|100\/100
|move|p1a: *px080086085075072|Belch|p2a: Phace
|-resisted|p2a: Phace
|-damage|p2a: Phace|55\/100
|
|-status|p2a: Phace|tox|[from] item: Toxic Orb
|upkeep
|turn|5
|
|t:|1645233493
|move|p1a: *px080086085075072|Flamethrower|p2a: Phace
|-damage|p2a: Phace|9\/100 tox
|move|p2a: Phace|Roost|p2a: Phace
|-heal|p2a: Phace|59\/100 tox
|-singleturn|p2a: Phace|move: Roost
|
|-heal|p2a: Phace|72\/100 tox|[from] ability: Poison Heal
|upkeep
|turn|6
|
|t:|1645233502
|switch|p1a: *xo095020105090145|Accelgor, M|301\/301
|-start|p1a: *xo095020105090145|typechange|Bug\/Ghost|[silent]
|raw|<ul class="utilichart"><li class="result"><span class="col pokemonnamecol" style="white-space: nowrap">Accelgor<\/span> <span class="col typecol"><img src="https:\/\/play.pokemonshowdown.com\/sprites\/types\/Bug.png" alt="Bug" height="14" width="32"><\/span> <span style="float: left ; min-height: 26px"><span class="col abilitycol">Hydration \/ Sticky Hold \/ Unburden<\/span><span class="col abilitycol"><\/span><\/span><\/li><li style="clear: both"><\/li><\/ul>
|raw|<ul class="utilichart"><li class="result"><span style="float: left ; min-height: 26px"><span class="col statcol"><em>HP<\/em><br>80<\/span> <span class="col statcol"><em>Atk<\/em><br>70<\/span> <span class="col statcol"><em>Def<\/em><br>40<\/span> <span class="col statcol"><em>SpA<\/em><br>100<\/span> <span class="col statcol"><em>SpD<\/em><br>60<\/span> <span class="col statcol"><em>Spe<\/em><br>145<\/span> <\/span><\/li><li style="clear: both"><\/li><\/ul>
|-start|p1a: *xo095020105090145|typechange|Bug\/Ghost|[silent]
|move|p2a: Phace|Roost|p2a: Phace
|-heal|p2a: Phace|100\/100 tox
|-singleturn|p2a: Phace|move: Roost
|
|upkeep
|-start|p1a: *xo095020105090145|typechange|Bug\/Ghost|[silent]
|turn|7
|c|☆H2OPulse|oh right Bisharp was my
|c|☆H2OPulse|Ghost resist
|c|☆H2OPulse|uhhhhhh
|
|t:|1645233531
|switch|p2a: Spilly|Araquanid, M|100\/100
|move|p1a: *xo095020105090145|Hex|p2a: Spilly
|-damage|p2a: Spilly|69\/100
|
|upkeep
|turn|8
|c|☆inkbug1|oh man *thats* awesome too i hope it comes up when i use tht team nenxt 
|c|☆H2OPulse|Spilly is my Ghost resist
|c|☆inkbug1|i have a 
|c|☆H2OPulse|OO:
|c|☆inkbug1|variant of this team w a diff pkmn 
|c|☆inkbug1|this is the part where i have a regret
|
|t:|1645233568
|move|p1a: *xo095020105090145|U-turn|p2a: Spilly
|-damage|p2a: Spilly|42\/100
|
|t:|1645233570
|switch|p1a: Slime|Dragalge, M|334\/334
|move|p2a: Spilly|Leech Life|p1a: Slime
|-resisted|p1a: Slime
|-damage|p1a: Slime|279\/334
|-heal|p2a: Spilly|51\/100|[from] drain|[of] p1a: Slime
|-status|p2a: Spilly|psn|[from] ability: Poison Point|[of] p1a: Slime
|
|-damage|p2a: Spilly|39\/100 psn|[from] psn
|upkeep
|turn|9
|c|☆H2OPulse|Owfair
|c|☆inkbug1|oh sick ok 
|c|☆inkbug1|thats what i wanted but i wasnt gonna count n it :'D 
|
|t:|1645233596
|detailschange|p1a: Slime|Dragalge-Mega, M
|-mega|p1a: Slime|Dragalge|Dragalgite
|-fieldstart|move: Acidic Terrain|[from] ability: Acidic Surge|[of] p1a: Slime
|-message|Poison-type moves used by grounded Pokémon will have their power increased.
|-message|Grounded Steel-type Pokémon will also lose their immunity to Poison-type moves.
|-start|p1a: Slime|typechange|Poison\/Dragon|[silent]
|raw|<ul class="utilichart"><li class="result"><span class="col pokemonnamecol" style="white-space: nowrap">Dragalge-Mega<\/span> <span class="col typecol"><img src="https:\/\/play.pokemonshowdown.com\/sprites\/types\/Poison.png" alt="Poison" height="14" width="32"><img src="https:\/\/play.pokemonshowdown.com\/sprites\/types\/Dragon.png" alt="Dragon" height="14" width="32"><\/span> <span style="float: left ; min-height: 26px"><span class="col abilitycol">Acidic Surge<\/span><span class="col abilitycol"><\/span><\/span><span style="float: left ; min-height: 26px"><span class="col statcol"><em>HP<\/em><br>65<\/span> <span class="col statcol"><em>Atk<\/em><br>95<\/span> <span class="col statcol"><em>Def<\/em><br>90<\/span> <span class="col statcol"><em>SpA<\/em><br>147<\/span> <span class="col statcol"><em>SpD<\/em><br>153<\/span> <span class="col statcol"><em>Spe<\/em><br>44<\/span> <\/span><\/li><li style="clear: both"><\/li><\/ul>
|-hint|Dragalge-Mega was submitted by BlueRay!
|move|p2a: Spilly|Liquidation|p1a: Slime
|-resisted|p1a: Slime
|-damage|p1a: Slime|165\/334
|move|p1a: Slime|Toxic Spikes|p2a: Spilly
|-sidestart|p2: H2OPulse|move: Toxic Spikes
|
|-damage|p2a: Spilly|27\/100 psn|[from] psn
|upkeep
|turn|10
|
|t:|1645233618
|move|p2a: Spilly|Sticky Web|p1a: Slime
|-sidestart|p1: inkbug1|move: Sticky Web
|move|p1a: Slime|Flip Turn|p2a: Spilly
|-resisted|p2a: Spilly
|-damage|p2a: Spilly|19\/100 psn
|
|t:|1645233625
|switch|p1a: *xo095020105090145|Accelgor, M|301\/301
|-start|p1a: *xo095020105090145|typechange|Bug\/Ghost|[silent]
|-activate|p1a: *xo095020105090145|move: Sticky Web
|-unboost|p1a: *xo095020105090145|spe|1
|-start|p1a: *xo095020105090145|typechange|Bug\/Ghost|[silent]
|-enditem|p1a: *xo095020105090145|Acidic Seed
|-boost|p1a: *xo095020105090145|spd|1|[from] item: Acidic Seed
|
|-damage|p2a: Spilly|6\/100 psn|[from] psn
|upkeep
|-start|p1a: *xo095020105090145|typechange|Bug\/Ghost|[silent]
|turn|11
|
|t:|1645233634
|move|p1a: *xo095020105090145|Hex|p2a: Spilly
|-damage|p2a: Spilly|0 fnt
|faint|p2a: Spilly
|
|upkeep
|c|☆H2OPulse|Mmmmmhmmmmm okay uh
|
|t:|1645233647
|switch|p2a: Miso|Basculegion, M|100\/100
|-start|p2a: Miso|typechange|Water\/Ghost|[silent]
|raw|<ul class="utilichart"><li class="result"><span class="col pokemonnamecol" style="white-space: nowrap">Basculegion<\/span> <span class="col typecol"><img src="https:\/\/play.pokemonshowdown.com\/sprites\/types\/Water.png" alt="Water" height="14" width="32"><img src="https:\/\/play.pokemonshowdown.com\/sprites\/types\/Ghost.png" alt="Ghost" height="14" width="32"><\/span> <span style="float: left ; min-height: 26px"><span class="col abilitycol">Rattled \/ Adaptability \/ Mold Breaker<\/span><span class="col abilitycol"><\/span><\/span><\/li><li style="clear: both"><\/li><\/ul>
|raw|<ul class="utilichart"><li class="result"><span style="float: left ; min-height: 26px"><span class="col statcol"><em>HP<\/em><br>120<\/span> <span class="col statcol"><em>Atk<\/em><br>112<\/span> <span class="col statcol"><em>Def<\/em><br>65<\/span> <span class="col statcol"><em>SpA<\/em><br>80<\/span> <span class="col statcol"><em>SpD<\/em><br>75<\/span> <span class="col statcol"><em>Spe<\/em><br>78<\/span> <\/span><\/li><li style="clear: both"><\/li><\/ul>
|-start|p2a: Miso|typechange|Water\/Ghost|[silent]
|-status|p2a: Miso|psn
|turn|12
|c|☆inkbug1|r
|c|☆inkbug1|right
|
|t:|1645233656
|move|p2a: Miso|Wave Crash||[still]
|-fail|p2a: Miso
|move|p1a: *xo095020105090145|Toxic Spikes|p2a: Miso
|-sidestart|p2: H2OPulse|move: Toxic Spikes
|
|-damage|p2a: Miso|88\/100 psn|[from] psn
|upkeep
|turn|13
|c|☆inkbug1|uhhmm
|c|☆inkbug1|uhh,,,
|c|☆H2OPulse|I'm so
|c|☆H2OPulse|afraid
|
|t:|1645233696
|move|p2a: Miso|Wave Crash||[still]
|-anim|p2a: Miso|Waterfall|p1a: *xo095020105090145
|-crit|p1a: *xo095020105090145
|-damage|p1a: *xo095020105090145|0 fnt
|-damage|p2a: Miso|62\/100 psn|[from] Recoil
|faint|p1a: *xo095020105090145
|
|-damage|p2a: Miso|50\/100 psn|[from] psn
|-fieldend|move: Acidic Terrain
|upkeep
|c|☆H2OPulse|breathes
|c|☆inkbug1|i strongly doubt tht crit mattered but fair enough either way :'D 
|c|☆H2OPulse|Yeah I am gonna guess it didn't :'D
|
|t:|1645233726
|switch|p1a: Slime|Dragalge-Mega, M|165\/334
|-start|p1a: Slime|typechange|Poison\/Dragon|[silent]
|-activate|p1a: Slime|move: Sticky Web
|-unboost|p1a: Slime|spe|1
|-fieldstart|move: Acidic Terrain|[from] ability: Acidic Surge|[of] p1a: Slime
|-message|Poison-type moves used by grounded Pokémon will have their power increased.
|-message|Grounded Steel-type Pokémon will also lose their immunity to Poison-type moves.
|turn|14
|
|t:|1645233736
|move|p2a: Miso|Shadow Ball|p1a: Slime
|-damage|p1a: Slime|89\/334
|move|p1a: Slime|Sludge Bomb|p2a: Miso
|-resisted|p2a: Miso
|-damage|p2a: Miso|7\/100 psn
|
|-damage|p2a: Miso|0 fnt|[from] psn
|faint|p2a: Miso
|upkeep
|c|☆H2OPulse|Fairrr sorry Miso
|
|t:|1645233751
|switch|p2a: Phace|Gliscor, M|100\/100 tox
|turn|15
|
|t:|1645233767
|switch|p1a: Wheelie|Claydol|324\/324
|move|p2a: Phace|Defog|p1a: Wheelie
|-unboost|p1a: Wheelie|evasion|1
|-sideend|p1: inkbug1|Sticky Web|[from] move: Defog|[of] p2a: Phace
|-sideend|p2: H2OPulse|Toxic Spikes|[from] move: Defog|[of] p2a: Phace
|-fieldend|move: Acidic Terrain
|
|upkeep
|turn|16
|
|t:|1645233780
|move|p2a: Phace|U-turn|p1a: Wheelie
|-supereffective|p1a: Wheelie
|-damage|p1a: Wheelie|198\/324
|
|t:|1645233785
|switch|p2a: Erica|Decidueye-Hisui, F|100\/100|[from]move: U-turn
|-start|p2a: Erica|typechange|Grass\/Fighting|[silent]
|raw|<ul class="utilichart"><li class="result"><span class="col pokemonnamecol" style="white-space: nowrap">Decidueye-Hisui<\/span> <span class="col typecol"><img src="https:\/\/play.pokemonshowdown.com\/sprites\/types\/Grass.png" alt="Grass" height="14" width="32"><img src="https:\/\/play.pokemonshowdown.com\/sprites\/types\/Fighting.png" alt="Fighting" height="14" width="32"><\/span> <span style="float: left ; min-height: 26px"><span class="col abilitycol">Overgrow \/ Long Reach<\/span><span class="col abilitycol"><\/span><\/span><\/li><li style="clear: both"><\/li><\/ul>
|raw|<ul class="utilichart"><li class="result"><span style="float: left ; min-height: 26px"><span class="col statcol"><em>HP<\/em><br>88<\/span> <span class="col statcol"><em>Atk<\/em><br>112<\/span> <span class="col statcol"><em>Def<\/em><br>80<\/span> <span class="col statcol"><em>SpA<\/em><br>95<\/span> <span class="col statcol"><em>SpD<\/em><br>95<\/span> <span class="col statcol"><em>Spe<\/em><br>60<\/span> <\/span><\/li><li style="clear: both"><\/li><\/ul>
|-start|p2a: Erica|typechange|Grass\/Fighting|[silent]
|move|p1a: Wheelie|Nasty Plot|p1a: Wheelie
|-boost|p1a: Wheelie|spa|2
|
|-heal|p1a: Wheelie|218\/324|[from] item: Leftovers
|upkeep
|turn|17
|c|☆inkbug1|hm 
|c|☆inkbug1|i probably die 
|c|☆inkbug1|thats a shame
|c|☆H2OPulse|I'm
|c|☆H2OPulse|I
|c|☆H2OPulse|I see Claydol does learn Nasty Plot
|c|☆H2OPulse|but I just did a double-take I did not expect that
|c|☆H2OPulse|I was looking to see how long you'd had a Zoroark on your team sdfjkgk
|
|t:|1645233843
|move|p1a: Wheelie|Psyshock|p2a: Erica
|-supereffective|p2a: Erica
|-damage|p2a: Erica|22\/100
|move|p2a: Erica|Leaf Blade|p1a: Wheelie
|-supereffective|p1a: Wheelie
|-damage|p1a: Wheelie|0 fnt
|faint|p1a: Wheelie
|
|upkeep
|c|☆inkbug1|I DID NOT EXPECT IT EITHER i was like since when did it know this
|c|☆H2OPulse|Oww
|c|☆inkbug1|oh im faster whatta hell
|c|☆H2OPulse|I am not fast :')
|
|t:|1645233857
|switch|p1a: *px080086085075072|Slurpuff, M|32\/305
|-start|p1a: *px080086085075072|typechange|Poison|[silent]
|-start|p1a: *px080086085075072|typechange|Poison|[silent]
|-start|p1a: *px080086085075072|typechange|Poison|[silent]
|turn|18
|
|t:|1645233862
|switch|p2a: Phace|Gliscor, M|100\/100 tox
|move|p1a: *px080086085075072|Flamethrower|p2a: Phace
|-damage|p2a: Phace|70\/100 tox
|
|-heal|p2a: Phace|83\/100 tox|[from] ability: Poison Heal
|upkeep
|turn|19
|
|t:|1645233901
|switch|p1a: *dz117108092108035|Spiritomb, F|303\/303
|-start|p1a: *dz117108092108035|typechange|Dark\/|[silent]
|raw|<ul class="utilichart"><li class="result"><span class="col pokemonnamecol" style="white-space: nowrap">Spiritomb<\/span> <span class="col typecol"><img src="https:\/\/play.pokemonshowdown.com\/sprites\/types\/Dark.png" alt="Dark" height="14" width="32"><\/span><\/li><li style="clear: both"><\/li><\/ul>
|raw|<ul class="utilichart"><li class="result"><span style="float: left ; min-height: 26px"><span class="col statcol"><em>HP<\/em><br>50<\/span> <span class="col statcol"><em>Atk<\/em><br>117<\/span> <span class="col statcol"><em>Def<\/em><br>108<\/span> <span class="col statcol"><em>SpA<\/em><br>092<\/span> <span class="col statcol"><em>SpD<\/em><br>108<\/span> <span class="col statcol"><em>Spe<\/em><br>035<\/span> <\/span><\/li><li style="clear: both"><\/li><\/ul>
|-start|p1a: *dz117108092108035|typechange|Dark\/|[silent]
|-ability|p1a: *dz117108092108035|Dark Aura
|move|p2a: Phace|Earthquake|p1a: *dz117108092108035
|-damage|p1a: *dz117108092108035|176\/303
|
|-heal|p2a: Phace|95\/100 tox|[from] ability: Poison Heal
|upkeep
|-start|p1a: *dz117108092108035|typechange|Dark\/|[silent]
|turn|20
|c|☆H2OPulse|OOPS I have to be right back sorry
|c|☆inkbug1|np
|c|☆H2OPulse|Or uhhh maybe I should
|c|☆inkbug1|i shul;d also get some water so
|c|☆H2OPulse|first
|
|t:|1645233982
|move|p2a: Phace|Earthquake|p1a: *dz117108092108035
|-damage|p1a: *dz117108092108035|65\/303
|move|p1a: *dz117108092108035|Baddy Bad|p2a: Phace
|-damage|p2a: Phace|50\/100 tox
|-sidestart|p1: inkbug1|Reflect
|
|-heal|p2a: Phace|62\/100 tox|[from] ability: Poison Heal
|upkeep
|turn|21
|c|☆H2OPulse|Right okay!! One sec
|c|☆inkbug1|hrm 
|c|☆inkbug1|i dont like how low hp i have
|
|t:|1645234035
|move|p2a: Phace|Defog|p1a: *dz117108092108035
|-unboost|p1a: *dz117108092108035|evasion|1
|-sideend|p1: inkbug1|Reflect
|move|p1a: *dz117108092108035|Pain Split|p2a: Phace
|-sethp|p2a: Phace|41\/100 tox|[from] move: Pain Split|[silent]
|-sethp|p1a: *dz117108092108035|141\/303|[from] move: Pain Split
|
|-heal|p2a: Phace|53\/100 tox|[from] ability: Poison Heal
|upkeep
|turn|22
|c|☆H2OPulse|Okay back hi! Sorry about that
|c|☆H2OPulse|Oh you have that! Huh
|
|t:|1645234220
|move|p1a: *dz117108092108035|Sucker Punch|p2a: Phace
|-damage|p2a: Phace|22\/100 tox
|move|p2a: Phace|Earthquake|p1a: *dz117108092108035
|-damage|p1a: *dz117108092108035|18\/303
|
|-heal|p2a: Phace|35\/100 tox|[from] ability: Poison Heal
|upkeep
|turn|23
|c|☆inkbug1|not enough dammit
|
|t:|1645234259
|move|p1a: *dz117108092108035|Sucker Punch|p2a: Phace
|-damage|p2a: Phace|2\/100 tox
|move|p2a: Phace|U-turn|p1a: *dz117108092108035
|-supereffective|p1a: *dz117108092108035
|-damage|p1a: *dz117108092108035|0 fnt
|faint|p1a: *dz117108092108035
|c|☆H2OPulse|Hnnnnn
|
|t:|1645234274
|switch|p2a: Myrrh|Typhlosion-Hisui, M|50\/100|[from]move: U-turn
|-start|p2a: Myrrh|typechange|Fire\/Ghost|[silent]
|-start|p2a: Myrrh|typechange|Fire\/Ghost|[silent]
|
|upkeep
|
|t:|1645234282
|switch|p1a: *xx069018135110105|Golduck, M|301\/301
|-start|p1a: *xx069018135110105|typechange|Water|[silent]
|raw|<ul class="utilichart"><li class="result"><span class="col pokemonnamecol" style="white-space: nowrap">Golduck<\/span> <span class="col typecol"><img src="https:\/\/play.pokemonshowdown.com\/sprites\/types\/Water.png" alt="Water" height="14" width="32"><\/span> <span style="float: left ; min-height: 26px"><span class="col abilitycol">Damp \/ Cloud Nine \/ Swift Swim<\/span><span class="col abilitycol"><\/span><\/span><\/li><li style="clear: both"><\/li><\/ul>
|raw|<ul class="utilichart"><li class="result"><span style="float: left ; min-height: 26px"><span class="col statcol"><em>HP<\/em><br>80<\/span> <span class="col statcol"><em>Atk<\/em><br>82<\/span> <span class="col statcol"><em>Def<\/em><br>78<\/span> <span class="col statcol"><em>SpA<\/em><br>95<\/span> <span class="col statcol"><em>SpD<\/em><br>80<\/span> <span class="col statcol"><em>Spe<\/em><br>85<\/span> <\/span><\/li><li style="clear: both"><\/li><\/ul>
|-start|p1a: *xx069018135110105|typechange|Water|[silent]
|turn|24
|c|☆H2OPulse|Yeahh m
|c|☆H2OPulse|Oh this would be a god-tier opportunity to use Drain Punch if I had it
|c|☆H2OPulse|I wonder how much that would do
|c|☆inkbug1|sdfgsdfg
|
|t:|1645234347
|move|p2a: Myrrh|Infernal Parade||[still]
|-anim|p2a: Myrrh|Will-o-Wisp|p1a: *xx069018135110105
|-damage|p1a: *xx069018135110105|205\/301
|move|p1a: *xx069018135110105|Flip Turn|p2a: Myrrh
|-supereffective|p2a: Myrrh
|-damage|p2a: Myrrh|0 fnt
|faint|p2a: Myrrh
|
|t:|1645234362
|switch|p1a: *px080086085075072|Slurpuff, M|32\/305
|-start|p1a: *px080086085075072|typechange|Poison|[silent]
|-start|p1a: *px080086085075072|typechange|Poison|[silent]
|
|upkeep
|c|☆H2OPulse|I definitely lose here haha
|c|☆H2OPulse|Good game!!!
|
|t:|1645234369
|switch|p2a: Erica|Decidueye-Hisui, F|22\/100
|-start|p2a: Erica|typechange|Grass\/Fighting|[silent]
|-start|p2a: Erica|typechange|Grass\/Fighting|[silent]
|-start|p1a: *px080086085075072|typechange|Poison|[silent]
|turn|25
|c|☆inkbug1|gg yea ! 
|
|t:|1645234372
|move|p1a: *px080086085075072|Flamethrower|p2a: Erica
|-supereffective|p2a: Erica
|-damage|p2a: Erica|0 fnt
|faint|p2a: Erica
|
|upkeep
|
|t:|1645234374
|switch|p2a: Phace|Gliscor, M|2\/100 tox
|turn|26
|c|☆H2OPulse|OH I'M STUPID
|c|☆H2OPulse|I mean I don't think it made a difference but
|c|☆H2OPulse|Gliscor is faster than Slurpuff
|
|t:|1645234393
|move|p2a: Phace|Roost|p2a: Phace
|-heal|p2a: Phace|52\/100 tox
|-singleturn|p2a: Phace|move: Roost
|move|p1a: *px080086085075072|Flamethrower|p2a: Phace
|-damage|p2a: Phace|19\/100 tox
|
|-heal|p2a: Phace|32\/100 tox|[from] ability: Poison Heal
|upkeep
|turn|27
|
|t:|1645234405
|move|p2a: Phace|Roost|p2a: Phace
|-heal|p2a: Phace|82\/100 tox
|-singleturn|p2a: Phace|move: Roost
|move|p1a: *px080086085075072|Calm Mind|p1a: *px080086085075072
|-boost|p1a: *px080086085075072|spa|1
|-boost|p1a: *px080086085075072|spd|1
|
|-heal|p2a: Phace|94\/100 tox|[from] ability: Poison Heal
|upkeep
|turn|28
|c|☆H2OPulse|Wow I am not sure if it would have helped but I should not have sacrificed Erica there
|
|t:|1645234414
|move|p2a: Phace|Earthquake|p1a: *px080086085075072
|-supereffective|p1a: *px080086085075072
|-damage|p1a: *px080086085075072|0 fnt
|faint|p1a: *px080086085075072
|
|-heal|p2a: Phace|100\/100 tox|[from] ability: Poison Heal
|upkeep
|
|t:|1645234423
|switch|p1a: *xx069018135110105|Golduck, M|205\/301
|-start|p1a: *xx069018135110105|typechange|Water|[silent]
|-start|p1a: *xx069018135110105|typechange|Water|[silent]
|turn|29
|c|☆H2OPulse|There's absolutely no way I live one right jdfgjdkh
|
|t:|1645234435
|move|p1a: *xx069018135110105|Liquidation|p2a: Phace
|-supereffective|p2a: Phace
|-damage|p2a: Phace|0 fnt
|faint|p2a: Phace
|
|win|inkbug1
|c|☆H2OPulse|THOUGHT NOT
|c|☆inkbug1|aksjdha 
|c|☆inkbug1|gg 
|c|☆H2OPulse|Haha good game!!!</script>
</div>
<div class="battle-log battle-log-inline"><div class="inner"><div class="battle-options"><div style="padding-top: 3px; padding-right: 3px; text-align: right"><button class="icon button" name="openBattleOptions" title="Options">Battle Options</button></div></div><div class="inner message-log"><div class="chat"><div class="broadcast-red"><strong>This battle is invite-only!</strong><br>Users must be invited with <code>/invite</code> (or be staff) to join</div></div><div class="chat"><small>☆inkbug1 and ☆H2OPulse joined</small></div><div class=""><small>Format:</small> <br><strong>[Gen 8] M4A Sandbox</strong></div><div class=""><small><em>HP Percentage Mod:</em> HP is shown in percentages</small></div><div class=""><small><em>OHKO Clause:</em> OHKO moves are banned</small></div><div class=""><small><em>Evasion Moves Clause:</em> Evasion moves are banned</small></div><div class=""><small><em>Dynamax Clause:</em> You cannot dynamax</small></div><div class=""><small><em>Sleep Clause Mod:</em> Limit one foe put to sleep</small></div><div class=""><small><em>Freeze Clause Mod:</em> Limit one foe frozen</small></div><div class="chat"><img src="https://raw.githubusercontent.com/scoopapa/DH/master/data/mods/m4av6/sprites/m4a_banner.png" height="65" width="381"></div><div class="spacer battle-history"><br></div><div class="battle-history"><small>Welcome to the Megas for All Sandbox!</small><br></div><div class="battle-history"><small>This is a custom game format where you can experiment outside of the normal rules.</small><br></div><div class="battle-history"><small>Thanks to the incredible KeroseneZanchu, you can even alter a Pokémon's type, stats and Mega form with its nickname!</small><br></div><div class="battle-history"><small>You can find the details on how this works here:</small><br></div><div class="battle-history"><small>https://docs.google.com/document/d/1hhF49OIQKot72C30mCzSwxYgb3Ephhm9KCL_nMPrCW0/</small><br></div><div class="chat battle-history"><strong>inkbug1's team:</strong> <em style="color:#445566;display:block;">Slurpuff / Dragalge / Accelgor / Golduck / Spiritomb / Claydol</em></div><div class="chat battle-history"><strong>H2OPulse's team:</strong> <em style="color:#445566;display:block;">Decidueye-Hisui / Typhlosion-Hisui / Basculegion / Bisharp / Araquanid / Gliscor</em></div><div class="chat chatmessage-h2opulse"><strong style="color:#6e8c2b"><small>☆</small><span class="username" data-name="H2OPulse">H2OPulse</span>:</strong> <em>Good luck and have fun!!!</em></div><div class="spacer battle-history"><br></div><div class="battle-history">Battle started between inkbug1 and H2OPulse!<br></div><div class="spacer battle-history"><br></div><div class="battle-history">Go! *px080086085075072 (<strong>Slurpuff</strong>)!<br></div><div class="spacer battle-history"><br></div><div class="battle-history">H2OPulse sent out Sword Lily (<strong>Bisharp</strong>)!<br></div><div class="chat"><ul class="utilichart"><li class="result"><span class="col pokemonnamecol" style="white-space: nowrap">Slurpuff</span> <span class="col typecol"><img src="https://play.pokemonshowdown.com/sprites/types/Poison.png" alt="Poison" height="14" width="32"></span></li><li style="clear: both"></li></ul></div><div class="chat"><ul class="utilichart"><li class="result"><span style="float: left ; min-height: 26px"><span class="col statcol"><em>HP</em><br>82</span> <span class="col statcol"><em>Atk</em><br>080</span> <span class="col statcol"><em>Def</em><br>086</span> <span class="col statcol"><em>SpA</em><br>085</span> <span class="col statcol"><em>SpD</em><br>075</span> <span class="col statcol"><em>Spe</em><br>072</span> </span></li><li style="clear: both"></li></ul></div><div class="spacer battle-history"><br></div><h2 class="battle-history">Turn 1</h2><div class="chat chatmessage-inkbug1 mine"><strong style="color:#e46e0f"><small>☆</small><span class="username" data-name="inkbug1">inkbug1</span>:</strong> <em>u too ! </em></div><div class="spacer battle-history"><br></div><div class="battle-history">*px080086085075072 used <strong>Stuff Cheeks</strong>!<br></div><div class="battle-history"><small>(*px080086085075072 ate its Petaya Berry!)</small><br></div><div class="battle-history"><small>The Petaya Berry raised *px080086085075072's Sp. Atk!</small><br></div><div class="battle-history"><small>*px080086085075072's Defense rose sharply!</small><br></div><div class="spacer battle-history"><br></div><div class="battle-history">The opposing Sword Lily used <strong>Iron Head</strong>!<br></div><div class="battle-history"><small>(*px080086085075072 lost <abbr title="−87/305">28.5%</abbr> of its health!)</small><br></div><div class="spacer battle-history"><br></div><h2 class="battle-history">Turn 2</h2><div class="chat chatmessage-h2opulse"><strong style="color:#6e8c2b"><small>☆</small><span class="username" data-name="H2OPulse">H2OPulse</span>:</strong> <em>Fear okay</em></div><div class="chat chatmessage-h2opulse"><strong style="color:#6e8c2b"><small>☆</small><span class="username" data-name="H2OPulse">H2OPulse</span>:</strong> <em>Uhhhh</em></div><div class="spacer battle-history"><br></div><div class="battle-history">*px080086085075072 used <strong>Flamethrower</strong>!<br></div><div class="battle-history"><small>It's super effective!</small><br></div><div class="battle-history"><small>(The opposing Sword Lily lost 100% of its health!)</small><br></div><div class="spacer battle-history"><br></div><div class="battle-history">The opposing Sword Lily fainted!<br></div><div class="chat chatmessage-h2opulse"><strong style="color:#6e8c2b"><small>☆</small><span class="username" data-name="H2OPulse">H2OPulse</span>:</strong> <em>Yeah</em></div><div class="spacer battle-history"><br></div><div class="battle-history">H2OPulse sent out Myrrh (<strong>Typhlosion-Hisui</strong>)!<br></div><div class="chat"><ul class="utilichart"><li class="result"><span class="col pokemonnamecol" style="white-space: nowrap">Typhlosion-Hisui</span> <span class="col typecol"><img src="https://play.pokemonshowdown.com/sprites/types/Fire.png" alt="Fire" height="14" width="32"><img src="https://play.pokemonshowdown.com/sprites/types/Ghost.png" alt="Ghost" height="14" width="32"></span></li><li style="clear: both"></li></ul></div><div class="chat"><ul class="utilichart"><li class="result"><span style="float: left ; min-height: 26px"><span class="col statcol"><em>HP</em><br>73</span> <span class="col statcol"><em>Atk</em><br>84</span> <span class="col statcol"><em>Def</em><br>78</span> <span class="col statcol"><em>SpA</em><br>119</span> <span class="col statcol"><em>SpD</em><br>85</span> <span class="col statcol"><em>Spe</em><br>95</span> </span></li><li style="clear: both"></li></ul></div><div class="spacer battle-history"><br></div><h2 class="battle-history">Turn 3</h2><div class="spacer battle-history"><br></div><div class="battle-history">*px080086085075072 used <strong>Belch</strong>!<br></div><div class="battle-history"><small>It's not very effective...</small><br></div><div class="battle-history"><small>(The opposing Myrrh lost 50% of its health!)</small><br></div><div class="spacer battle-history"><br></div><div class="battle-history">The opposing Myrrh used <strong>Eruption</strong>!<br></div><div class="battle-history"><small>(*px080086085075072 lost <abbr title="−186/305">61.0%</abbr> of its health!)</small><br></div><div class="spacer battle-history"><br></div><h2 class="battle-history">Turn 4</h2><div class="chat chatmessage-h2opulse"><strong style="color:#6e8c2b"><small>☆</small><span class="username" data-name="H2OPulse">H2OPulse</span>:</strong> <em>OH RIGHT YOu'RE FAST</em></div><div class="chat chatmessage-h2opulse"><strong style="color:#6e8c2b"><small>☆</small><span class="username" data-name="H2OPulse">H2OPulse</span>:</strong> <em>I forgot</em></div><div class="chat chatmessage-inkbug1 mine"><strong style="color:#e46e0f"><small>☆</small><span class="username" data-name="inkbug1">inkbug1</span>:</strong> <em>good lord </em></div><div class="chat chatmessage-inkbug1 mine"><strong style="color:#e46e0f"><small>☆</small><span class="username" data-name="inkbug1">inkbug1</span>:</strong> <em>that still hits so hard </em></div><div class="chat chatmessage-h2opulse"><strong style="color:#6e8c2b"><small>☆</small><span class="username" data-name="H2OPulse">H2OPulse</span>:</strong> <em>Yeah :'D</em></div><div class="spacer battle-history"><br></div><div class="battle-history">H2OPulse withdrew Myrrh!<br></div><div class="battle-history">H2OPulse sent out Phace (<strong>Gliscor</strong>)!<br></div><div class="spacer battle-history"><br></div><div class="battle-history">*px080086085075072 used <strong>Belch</strong>!<br></div><div class="battle-history"><small>It's not very effective...</small><br></div><div class="battle-history"><small>(The opposing Phace lost 45% of its health!)</small><br></div><div class="spacer battle-history"><br></div><div class="battle-history"><small>The opposing Phace was badly poisoned!</small><br></div><div class="spacer battle-history"><br></div><h2 class="battle-history">Turn 5</h2><div class="spacer battle-history"><br></div><div class="battle-history">*px080086085075072 used <strong>Flamethrower</strong>!<br></div><div class="battle-history"><small>(The opposing Phace lost 46% of its health!)</small><br></div><div class="spacer battle-history"><br></div><div class="battle-history">The opposing Phace used <strong>Roost</strong>!<br></div><div class="battle-history"><small>The opposing Phace had its HP restored.</small><br></div><div class="battle-history"><small>(The opposing Phace loses Flying type this turn.)</small><br></div><div class="spacer battle-history"><br></div><div class="battle-history">[The opposing Phace's Poison Heal]<br><small>The opposing Phace had its HP restored.</small><br></div><div class="spacer battle-history"><br></div><h2 class="battle-history">Turn 6</h2><div class="spacer battle-history"><br></div><div class="battle-history">*px080086085075072, come back!<br></div><div class="battle-history">Go! *xo095020105090145 (<strong>Accelgor</strong>)!<br></div><div class="chat"><ul class="utilichart"><li class="result"><span class="col pokemonnamecol" style="white-space: nowrap">Accelgor</span> <span class="col typecol"><img src="https://play.pokemonshowdown.com/sprites/types/Bug.png" alt="Bug" height="14" width="32"></span> <span style="float: left ; min-height: 26px"><span class="col abilitycol">Hydration / Sticky Hold / Unburden</span><span class="col abilitycol"></span></span></li><li style="clear: both"></li></ul></div><div class="chat"><ul class="utilichart"><li class="result"><span style="float: left ; min-height: 26px"><span class="col statcol"><em>HP</em><br>80</span> <span class="col statcol"><em>Atk</em><br>70</span> <span class="col statcol"><em>Def</em><br>40</span> <span class="col statcol"><em>SpA</em><br>100</span> <span class="col statcol"><em>SpD</em><br>60</span> <span class="col statcol"><em>Spe</em><br>145</span> </span></li><li style="clear: both"></li></ul></div><div class="spacer battle-history"><br></div><div class="battle-history">The opposing Phace used <strong>Roost</strong>!<br></div><div class="battle-history"><small>The opposing Phace had its HP restored.</small><br></div><div class="battle-history"><small>(The opposing Phace loses Flying type this turn.)</small><br></div><div class="spacer battle-history"><br></div><h2 class="battle-history">Turn 7</h2><div class="chat chatmessage-h2opulse"><strong style="color:#6e8c2b"><small>☆</small><span class="username" data-name="H2OPulse">H2OPulse</span>:</strong> <em>oh right Bisharp was my</em></div><div class="chat chatmessage-h2opulse"><strong style="color:#6e8c2b"><small>☆</small><span class="username" data-name="H2OPulse">H2OPulse</span>:</strong> <em>Ghost resist</em></div><div class="chat chatmessage-h2opulse"><strong style="color:#6e8c2b"><small>☆</small><span class="username" data-name="H2OPulse">H2OPulse</span>:</strong> <em>uhhhhhh</em></div><div class="spacer battle-history"><br></div><div class="battle-history">H2OPulse withdrew Phace!<br></div><div class="battle-history">H2OPulse sent out Spilly (<strong>Araquanid</strong>)!<br></div><div class="spacer battle-history"><br></div><div class="battle-history">*xo095020105090145 used <strong>Hex</strong>!<br></div><div class="battle-history"><small>(The opposing Spilly lost 31% of its health!)</small><br></div><div class="spacer battle-history"><br></div><h2 class="battle-history">Turn 8</h2><div class="chat chatmessage-inkbug1 mine"><strong style="color:#e46e0f"><small>☆</small><span class="username" data-name="inkbug1">inkbug1</span>:</strong> <em>oh man *thats* awesome too i hope it comes up when i use tht team nenxt </em></div><div class="chat chatmessage-h2opulse"><strong style="color:#6e8c2b"><small>☆</small><span class="username" data-name="H2OPulse">H2OPulse</span>:</strong> <em>Spilly is my Ghost resist</em></div><div class="chat chatmessage-inkbug1 mine"><strong style="color:#e46e0f"><small>☆</small><span class="username" data-name="inkbug1">inkbug1</span>:</strong> <em>i have a </em></div><div class="chat chatmessage-h2opulse"><strong style="color:#6e8c2b"><small>☆</small><span class="username" data-name="H2OPulse">H2OPulse</span>:</strong> <em>OO:</em></div><div class="chat chatmessage-inkbug1 mine"><strong style="color:#e46e0f"><small>☆</small><span class="username" data-name="inkbug1">inkbug1</span>:</strong> <em>variant of this team w a diff pkmn </em></div><div class="chat chatmessage-inkbug1 mine"><strong style="color:#e46e0f"><small>☆</small><span class="username" data-name="inkbug1">inkbug1</span>:</strong> <em>this is the part where i have a regret</em></div><div class="spacer battle-history"><br></div><div class="battle-history">*xo095020105090145 used <strong>U-turn</strong>!<br></div><div class="battle-history"><small>(The opposing Spilly lost 27% of its health!)</small><br></div><div class="spacer battle-history"><br></div><div class="battle-history">*xo095020105090145 went back to inkbug1!<br></div><div class="battle-history">Go! Slime (<strong>Dragalge</strong>)!<br></div><div class="spacer battle-history"><br></div><div class="battle-history">The opposing Spilly used <strong>Leech Life</strong>!<br></div><div class="battle-history"><small>It's not very effective...</small><br></div><div class="battle-history"><small>(Slime lost <abbr title="−55/334">16.5%</abbr> of its health!)</small><br></div><div class="battle-history"><small>Slime had its energy drained!</small><br></div><div class="battle-history">[Slime's Poison Point]<br><small>The opposing Spilly was poisoned!</small><br></div><div class="spacer battle-history"><br></div><div class="battle-history"><small>The opposing Spilly was hurt by poison!</small><br></div><div class="spacer battle-history"><br></div><h2 class="battle-history">Turn 9</h2><div class="chat chatmessage-h2opulse"><strong style="color:#6e8c2b"><small>☆</small><span class="username" data-name="H2OPulse">H2OPulse</span>:</strong> <em>Owfair</em></div><div class="chat chatmessage-inkbug1 mine"><strong style="color:#e46e0f"><small>☆</small><span class="username" data-name="inkbug1">inkbug1</span>:</strong> <em>oh sick ok </em></div><div class="chat chatmessage-inkbug1 mine"><strong style="color:#e46e0f"><small>☆</small><span class="username" data-name="inkbug1">inkbug1</span>:</strong> <em>thats what i wanted but i wasnt gonna count n it :'D </em></div><div class="spacer battle-history"><br></div><div class="battle-history"><small>Slime's Dragalgite is reacting to the Key Stone!</small><br>Slime has Mega Evolved into Mega Dragalge!<br></div><div class="battle-history">[Slime's Acidic Surge]<br><small>(Acidic Terrain started!)</small><br></div><div class="battle-history"><small>Poison-type moves used by grounded Pokémon will have their power increased.</small><br></div><div class="battle-history"><small>Grounded Steel-type Pokémon will also lose their immunity to Poison-type moves.</small><br></div><div class="chat"><ul class="utilichart"><li class="result"><span class="col pokemonnamecol" style="white-space: nowrap">Dragalge-Mega</span> <span class="col typecol"><img src="https://play.pokemonshowdown.com/sprites/types/Poison.png" alt="Poison" height="14" width="32"><img src="https://play.pokemonshowdown.com/sprites/types/Dragon.png" alt="Dragon" height="14" width="32"></span> <span style="float: left ; min-height: 26px"><span class="col abilitycol">Acidic Surge</span><span class="col abilitycol"></span></span><span style="float: left ; min-height: 26px"><span class="col statcol"><em>HP</em><br>65</span> <span class="col statcol"><em>Atk</em><br>95</span> <span class="col statcol"><em>Def</em><br>90</span> <span class="col statcol"><em>SpA</em><br>147</span> <span class="col statcol"><em>SpD</em><br>153</span> <span class="col statcol"><em>Spe</em><br>44</span> </span></li><li style="clear: both"></li></ul></div><div class="battle-history"><small>(Dragalge-Mega was submitted by BlueRay!)</small><br></div><div class="spacer battle-history"><br></div><div class="battle-history">The opposing Spilly used <strong>Liquidation</strong>!<br></div><div class="battle-history"><small>It's not very effective...</small><br></div><div class="battle-history"><small>(Slime lost <abbr title="−114/334">34.1%</abbr> of its health!)</small><br></div><div class="spacer battle-history"><br></div><div class="battle-history">Slime used <strong>Toxic Spikes</strong>!<br></div><div class="battle-history"><small>Poison spikes were scattered on the ground all around the opposing team!</small><br></div><div class="spacer battle-history"><br></div><div class="battle-history"><small>The opposing Spilly was hurt by poison!</small><br></div><div class="spacer battle-history"><br></div><h2 class="battle-history">Turn 10</h2><div class="spacer battle-history"><br></div><div class="battle-history">The opposing Spilly used <strong>Sticky Web</strong>!<br></div><div class="battle-history"><small>A sticky web has been laid out on the ground around your team!</small><br></div><div class="spacer battle-history"><br></div><div class="battle-history">Slime used <strong>Flip Turn</strong>!<br></div><div class="battle-history"><small>It's not very effective...</small><br></div><div class="battle-history"><small>(The opposing Spilly lost 8% of its health!)</small><br></div><div class="spacer battle-history"><br></div><div class="battle-history">Slime, come back!<br></div><div class="battle-history">Go! *xo095020105090145 (<strong>Accelgor</strong>)!<br></div><div class="battle-history"><small>*xo095020105090145 was caught in a sticky web!</small><br></div><div class="battle-history"><small>*xo095020105090145's Speed fell!</small><br></div><div class="battle-history"><small>(*xo095020105090145 used its Acidic Seed!)</small><br></div><div class="battle-history"><small>The Acidic Seed raised *xo095020105090145's Sp. Def!</small><br></div><div class="spacer battle-history"><br></div><div class="battle-history"><small>The opposing Spilly was hurt by poison!</small><br></div><div class="spacer battle-history"><br></div><h2 class="battle-history">Turn 11</h2><div class="spacer battle-history"><br></div><div class="battle-history">*xo095020105090145 used <strong>Hex</strong>!<br></div><div class="battle-history"><small>(The opposing Spilly lost 6% of its health!)</small><br></div><div class="spacer battle-history"><br></div><div class="battle-history">The opposing Spilly fainted!<br></div><div class="chat chatmessage-h2opulse"><strong style="color:#6e8c2b"><small>☆</small><span class="username" data-name="H2OPulse">H2OPulse</span>:</strong> <em>Mmmmmhmmmmm okay uh</em></div><div class="spacer battle-history"><br></div><div class="battle-history">H2OPulse sent out Miso (<strong>Basculegion</strong>)!<br></div><div class="chat"><ul class="utilichart"><li class="result"><span class="col pokemonnamecol" style="white-space: nowrap">Basculegion</span> <span class="col typecol"><img src="https://play.pokemonshowdown.com/sprites/types/Water.png" alt="Water" height="14" width="32"><img src="https://play.pokemonshowdown.com/sprites/types/Ghost.png" alt="Ghost" height="14" width="32"></span> <span style="float: left ; min-height: 26px"><span class="col abilitycol">Rattled / Adaptability / Mold Breaker</span><span class="col abilitycol"></span></span></li><li style="clear: both"></li></ul></div><div class="chat"><ul class="utilichart"><li class="result"><span style="float: left ; min-height: 26px"><span class="col statcol"><em>HP</em><br>120</span> <span class="col statcol"><em>Atk</em><br>112</span> <span class="col statcol"><em>Def</em><br>65</span> <span class="col statcol"><em>SpA</em><br>80</span> <span class="col statcol"><em>SpD</em><br>75</span> <span class="col statcol"><em>Spe</em><br>78</span> </span></li><li style="clear: both"></li></ul></div><div class="battle-history"><small>The opposing Miso was poisoned!</small><br></div><div class="spacer battle-history"><br></div><h2 class="battle-history">Turn 12</h2><div class="chat chatmessage-inkbug1 mine"><strong style="color:#e46e0f"><small>☆</small><span class="username" data-name="inkbug1">inkbug1</span>:</strong> <em>r</em></div><div class="chat chatmessage-inkbug1 mine"><strong style="color:#e46e0f"><small>☆</small><span class="username" data-name="inkbug1">inkbug1</span>:</strong> <em>right</em></div><div class="spacer battle-history"><br></div><div class="battle-history">The opposing Miso used <strong>Wave Crash</strong>!<br></div><div class="battle-history"><small>But it failed!</small><br></div><div class="spacer battle-history"><br></div><div class="battle-history">*xo095020105090145 used <strong>Toxic Spikes</strong>!<br></div><div class="battle-history"><small>Poison spikes were scattered on the ground all around the opposing team!</small><br></div><div class="spacer battle-history"><br></div><div class="battle-history"><small>The opposing Miso was hurt by poison!</small><br></div><div class="spacer battle-history"><br></div><h2 class="battle-history">Turn 13</h2><div class="chat chatmessage-inkbug1 mine"><strong style="color:#e46e0f"><small>☆</small><span class="username" data-name="inkbug1">inkbug1</span>:</strong> <em>uhhmm</em></div><div class="chat chatmessage-inkbug1 mine"><strong style="color:#e46e0f"><small>☆</small><span class="username" data-name="inkbug1">inkbug1</span>:</strong> <em>uhh,,,</em></div><div class="chat chatmessage-h2opulse"><strong style="color:#6e8c2b"><small>☆</small><span class="username" data-name="H2OPulse">H2OPulse</span>:</strong> <em>I'm so</em></div><div class="chat chatmessage-h2opulse"><strong style="color:#6e8c2b"><small>☆</small><span class="username" data-name="H2OPulse">H2OPulse</span>:</strong> <em>afraid</em></div><div class="spacer battle-history"><br></div><div class="battle-history">The opposing Miso used <strong>Wave Crash</strong>!<br></div><div class="battle-history"><small>A critical hit!</small><br></div><div class="battle-history"><small>(*xo095020105090145 lost <abbr title="−301/301">100%</abbr> of its health!)</small><br></div><div class="battle-history"><small>The opposing Miso was damaged by the recoil!</small><br></div><div class="spacer battle-history"><br></div><div class="battle-history">*xo095020105090145 fainted!<br></div><div class="spacer battle-history"><br></div><div class="battle-history"><small>The opposing Miso was hurt by poison!</small><br></div><div class="battle-history"><small>(Acidic Terrain ended!)</small><br></div><div class="chat chatmessage-h2opulse"><strong style="color:#6e8c2b"><small>☆</small><span class="username" data-name="H2OPulse">H2OPulse</span>:</strong> <em>breathes</em></div><div class="chat chatmessage-inkbug1 mine"><strong style="color:#e46e0f"><small>☆</small><span class="username" data-name="inkbug1">inkbug1</span>:</strong> <em>i strongly doubt tht crit mattered but fair enough either way :'D </em></div><div class="chat chatmessage-h2opulse"><strong style="color:#6e8c2b"><small>☆</small><span class="username" data-name="H2OPulse">H2OPulse</span>:</strong> <em>Yeah I am gonna guess it didn't :'D</em></div><div class="spacer battle-history"><br></div><div class="battle-history">Go! Slime (<strong>Dragalge-Mega</strong>)!<br></div><div class="battle-history"><small>Slime was caught in a sticky web!</small><br></div><div class="battle-history"><small>Slime's Speed fell!</small><br></div><div class="battle-history">[Slime's Acidic Surge]<br><small>(Acidic Terrain started!)</small><br></div><div class="battle-history"><small>Poison-type moves used by grounded Pokémon will have their power increased.</small><br></div><div class="battle-history"><small>Grounded Steel-type Pokémon will also lose their immunity to Poison-type moves.</small><br></div><div class="spacer battle-history"><br></div><h2 class="battle-history">Turn 14</h2><div class="spacer battle-history"><br></div><div class="battle-history">The opposing Miso used <strong>Shadow Ball</strong>!<br></div><div class="battle-history"><small>(Slime lost <abbr title="−76/334">22.8%</abbr> of its health!)</small><br></div><div class="spacer battle-history"><br></div><div class="battle-history">Slime used <strong>Sludge Bomb</strong>!<br></div><div class="battle-history"><small>It's not very effective...</small><br></div><div class="battle-history"><small>(The opposing Miso lost 43% of its health!)</small><br></div><div class="spacer battle-history"><br></div><div class="battle-history"><small>The opposing Miso was hurt by poison!</small><br></div><div class="spacer battle-history"><br></div><div class="battle-history">The opposing Miso fainted!<br></div><div class="chat chatmessage-h2opulse"><strong style="color:#6e8c2b"><small>☆</small><span class="username" data-name="H2OPulse">H2OPulse</span>:</strong> <em>Fairrr sorry Miso</em></div><div class="spacer battle-history"><br></div><div class="battle-history">H2OPulse sent out Phace (<strong>Gliscor</strong>)!<br></div><div class="spacer battle-history"><br></div><h2 class="battle-history">Turn 15</h2><div class="spacer battle-history"><br></div><div class="battle-history">Slime, come back!<br></div><div class="battle-history">Go! Wheelie (<strong>Claydol</strong>)!<br></div><div class="spacer battle-history"><br></div><div class="battle-history">The opposing Phace used <strong>Defog</strong>!<br></div><div class="battle-history"><small>Wheelie's evasiveness fell!</small><br></div><div class="battle-history"><small>The sticky web has disappeared from the ground around your team!</small><br></div><div class="battle-history"><small>The poison spikes disappeared from the ground around the opposing team!</small><br></div><div class="battle-history"><small>(Acidic Terrain ended!)</small><br></div><div class="spacer battle-history"><br></div><h2 class="battle-history">Turn 16</h2><div class="spacer battle-history"><br></div><div class="battle-history">The opposing Phace used <strong>U-turn</strong>!<br></div><div class="battle-history"><small>It's super effective!</small><br></div><div class="battle-history"><small>(Wheelie lost <abbr title="−126/324">38.9%</abbr> of its health!)</small><br></div><div class="spacer battle-history"><br></div><div class="battle-history">The opposing Phace went back to H2OPulse!<br></div><div class="battle-history">H2OPulse sent out Erica (<strong>Decidueye-Hisui</strong>)!<br></div><div class="chat"><ul class="utilichart"><li class="result"><span class="col pokemonnamecol" style="white-space: nowrap">Decidueye-Hisui</span> <span class="col typecol"><img src="https://play.pokemonshowdown.com/sprites/types/Grass.png" alt="Grass" height="14" width="32"><img src="https://play.pokemonshowdown.com/sprites/types/Fighting.png" alt="Fighting" height="14" width="32"></span> <span style="float: left ; min-height: 26px"><span class="col abilitycol">Overgrow / Long Reach</span><span class="col abilitycol"></span></span></li><li style="clear: both"></li></ul></div><div class="chat"><ul class="utilichart"><li class="result"><span style="float: left ; min-height: 26px"><span class="col statcol"><em>HP</em><br>88</span> <span class="col statcol"><em>Atk</em><br>112</span> <span class="col statcol"><em>Def</em><br>80</span> <span class="col statcol"><em>SpA</em><br>95</span> <span class="col statcol"><em>SpD</em><br>95</span> <span class="col statcol"><em>Spe</em><br>60</span> </span></li><li style="clear: both"></li></ul></div><div class="spacer battle-history"><br></div><div class="battle-history">Wheelie used <strong>Nasty Plot</strong>!<br></div><div class="battle-history"><small>Wheelie's Sp. Atk rose sharply!</small><br></div><div class="spacer battle-history"><br></div><div class="battle-history"><small>Wheelie restored a little HP using its Leftovers!</small><br></div><div class="spacer battle-history"><br></div><h2 class="battle-history">Turn 17</h2><div class="chat chatmessage-inkbug1 mine"><strong style="color:#e46e0f"><small>☆</small><span class="username" data-name="inkbug1">inkbug1</span>:</strong> <em>hm </em></div><div class="chat chatmessage-inkbug1 mine"><strong style="color:#e46e0f"><small>☆</small><span class="username" data-name="inkbug1">inkbug1</span>:</strong> <em>i probably die </em></div><div class="chat chatmessage-inkbug1 mine"><strong style="color:#e46e0f"><small>☆</small><span class="username" data-name="inkbug1">inkbug1</span>:</strong> <em>thats a shame</em></div><div class="chat chatmessage-h2opulse"><strong style="color:#6e8c2b"><small>☆</small><span class="username" data-name="H2OPulse">H2OPulse</span>:</strong> <em>I'm</em></div><div class="chat chatmessage-h2opulse"><strong style="color:#6e8c2b"><small>☆</small><span class="username" data-name="H2OPulse">H2OPulse</span>:</strong> <em>I</em></div><div class="chat chatmessage-h2opulse"><strong style="color:#6e8c2b"><small>☆</small><span class="username" data-name="H2OPulse">H2OPulse</span>:</strong> <em>I see Claydol does learn Nasty Plot</em></div><div class="chat chatmessage-h2opulse"><strong style="color:#6e8c2b"><small>☆</small><span class="username" data-name="H2OPulse">H2OPulse</span>:</strong> <em>but I just did a double-take I did not expect that</em></div><div class="chat chatmessage-h2opulse"><strong style="color:#6e8c2b"><small>☆</small><span class="username" data-name="H2OPulse">H2OPulse</span>:</strong> <em>I was looking to see how long you'd had a Zoroark on your team sdfjkgk</em></div><div class="spacer battle-history"><br></div><div class="battle-history">Wheelie used <strong>Psyshock</strong>!<br></div><div class="battle-history"><small>It's super effective!</small><br></div><div class="battle-history"><small>(The opposing Erica lost 78% of its health!)</small><br></div><div class="spacer battle-history"><br></div><div class="battle-history">The opposing Erica used <strong>Leaf Blade</strong>!<br></div><div class="battle-history"><small>It's super effective!</small><br></div><div class="battle-history"><small>(Wheelie lost <abbr title="−218/324">67.3%</abbr> of its health!)</small><br></div><div class="spacer battle-history"><br></div><div class="battle-history">Wheelie fainted!<br></div><div class="chat chatmessage-inkbug1 mine"><strong style="color:#e46e0f"><small>☆</small><span class="username" data-name="inkbug1">inkbug1</span>:</strong> <em>I DID NOT EXPECT IT EITHER i was like since when did it know this</em></div><div class="chat chatmessage-h2opulse"><strong style="color:#6e8c2b"><small>☆</small><span class="username" data-name="H2OPulse">H2OPulse</span>:</strong> <em>Oww</em></div><div class="chat chatmessage-inkbug1 mine"><strong style="color:#e46e0f"><small>☆</small><span class="username" data-name="inkbug1">inkbug1</span>:</strong> <em>oh im faster whatta hell</em></div><div class="chat chatmessage-h2opulse"><strong style="color:#6e8c2b"><small>☆</small><span class="username" data-name="H2OPulse">H2OPulse</span>:</strong> <em>I am not fast :')</em></div><div class="spacer battle-history"><br></div><div class="battle-history">Go! *px080086085075072 (<strong>Slurpuff</strong>)!<br></div><div class="spacer battle-history"><br></div><h2 class="battle-history">Turn 18</h2><div class="spacer battle-history"><br></div><div class="battle-history">H2OPulse withdrew Erica!<br></div><div class="battle-history">H2OPulse sent out Phace (<strong>Gliscor</strong>)!<br></div><div class="spacer battle-history"><br></div><div class="battle-history">*px080086085075072 used <strong>Flamethrower</strong>!<br></div><div class="battle-history"><small>(The opposing Phace lost 30% of its health!)</small><br></div><div class="spacer battle-history"><br></div><div class="battle-history">[The opposing Phace's Poison Heal]<br><small>The opposing Phace had its HP restored.</small><br></div><div class="spacer battle-history"><br></div><h2 class="battle-history">Turn 19</h2><div class="spacer battle-history"><br></div><div class="battle-history">*px080086085075072, come back!<br></div><div class="battle-history">Go! *dz117108092108035 (<strong>Spiritomb</strong>)!<br></div><div class="chat"><ul class="utilichart"><li class="result"><span class="col pokemonnamecol" style="white-space: nowrap">Spiritomb</span> <span class="col typecol"><img src="https://play.pokemonshowdown.com/sprites/types/Dark.png" alt="Dark" height="14" width="32"></span></li><li style="clear: both"></li></ul></div><div class="chat"><ul class="utilichart"><li class="result"><span style="float: left ; min-height: 26px"><span class="col statcol"><em>HP</em><br>50</span> <span class="col statcol"><em>Atk</em><br>117</span> <span class="col statcol"><em>Def</em><br>108</span> <span class="col statcol"><em>SpA</em><br>092</span> <span class="col statcol"><em>SpD</em><br>108</span> <span class="col statcol"><em>Spe</em><br>035</span> </span></li><li style="clear: both"></li></ul></div><div class="battle-history">[*dz117108092108035's Dark Aura]<br><small>*dz117108092108035 is radiating a dark aura!</small><br></div><div class="spacer battle-history"><br></div><div class="battle-history">The opposing Phace used <strong>Earthquake</strong>!<br></div><div class="battle-history"><small>(*dz117108092108035 lost <abbr title="−127/303">41.9%</abbr> of its health!)</small><br></div><div class="spacer battle-history"><br></div><div class="battle-history">[The opposing Phace's Poison Heal]<br><small>The opposing Phace had its HP restored.</small><br></div><div class="spacer battle-history"><br></div><h2 class="battle-history">Turn 20</h2><div class="chat chatmessage-h2opulse"><strong style="color:#6e8c2b"><small>☆</small><span class="username" data-name="H2OPulse">H2OPulse</span>:</strong> <em>OOPS I have to be right back sorry</em></div><div class="chat chatmessage-inkbug1 mine"><strong style="color:#e46e0f"><small>☆</small><span class="username" data-name="inkbug1">inkbug1</span>:</strong> <em>np</em></div><div class="chat chatmessage-h2opulse"><strong style="color:#6e8c2b"><small>☆</small><span class="username" data-name="H2OPulse">H2OPulse</span>:</strong> <em>Or uhhh maybe I should</em></div><div class="chat chatmessage-inkbug1 mine"><strong style="color:#e46e0f"><small>☆</small><span class="username" data-name="inkbug1">inkbug1</span>:</strong> <em>i shul;d also get some water so</em></div><div class="chat chatmessage-h2opulse"><strong style="color:#6e8c2b"><small>☆</small><span class="username" data-name="H2OPulse">H2OPulse</span>:</strong> <em>first</em></div><div class="spacer battle-history"><br></div><div class="battle-history">The opposing Phace used <strong>Earthquake</strong>!<br></div><div class="battle-history"><small>(*dz117108092108035 lost <abbr title="−111/303">36.6%</abbr> of its health!)</small><br></div><div class="spacer battle-history"><br></div><div class="battle-history">*dz117108092108035 used <strong>Baddy Bad</strong>!<br></div><div class="battle-history"><small>(The opposing Phace lost 45% of its health!)</small><br></div><div class="battle-history"><small>Reflect made your team stronger against physical moves!</small><br></div><div class="spacer battle-history"><br></div><div class="battle-history">[The opposing Phace's Poison Heal]<br><small>The opposing Phace had its HP restored.</small><br></div><div class="spacer battle-history"><br></div><h2 class="battle-history">Turn 21</h2><div class="chat chatmessage-h2opulse"><strong style="color:#6e8c2b"><small>☆</small><span class="username" data-name="H2OPulse">H2OPulse</span>:</strong> <em>Right okay!! One sec</em></div><div class="chat chatmessage-inkbug1 mine"><strong style="color:#e46e0f"><small>☆</small><span class="username" data-name="inkbug1">inkbug1</span>:</strong> <em>hrm </em></div><div class="chat chatmessage-inkbug1 mine"><strong style="color:#e46e0f"><small>☆</small><span class="username" data-name="inkbug1">inkbug1</span>:</strong> <em>i dont like how low hp i have</em></div><div class="spacer battle-history"><br></div><div class="battle-history">The opposing Phace used <strong>Defog</strong>!<br></div><div class="battle-history"><small>*dz117108092108035's evasiveness fell!</small><br></div><div class="battle-history"><small>Your team's Reflect wore off!</small><br></div><div class="spacer battle-history"><br></div><div class="battle-history">*dz117108092108035 used <strong>Pain Split</strong>!<br></div><div class="battle-history"><small>The battlers shared their pain!</small><br></div><div class="spacer battle-history"><br></div><div class="battle-history">[The opposing Phace's Poison Heal]<br><small>The opposing Phace had its HP restored.</small><br></div><div class="spacer battle-history"><br></div><h2 class="battle-history">Turn 22</h2><div class="chat chatmessage-h2opulse"><strong style="color:#6e8c2b"><small>☆</small><span class="username" data-name="H2OPulse">H2OPulse</span>:</strong> <em>Okay back hi! Sorry about that</em></div><div class="chat chatmessage-h2opulse"><strong style="color:#6e8c2b"><small>☆</small><span class="username" data-name="H2OPulse">H2OPulse</span>:</strong> <em>Oh you have that! Huh</em></div><div class="spacer battle-history"><br></div><div class="battle-history">*dz117108092108035 used <strong>Sucker Punch</strong>!<br></div><div class="battle-history"><small>(The opposing Phace lost 31% of its health!)</small><br></div><div class="spacer battle-history"><br></div><div class="battle-history">The opposing Phace used <strong>Earthquake</strong>!<br></div><div class="battle-history"><small>(*dz117108092108035 lost <abbr title="−123/303">40.6%</abbr> of its health!)</small><br></div><div class="spacer battle-history"><br></div><div class="battle-history">[The opposing Phace's Poison Heal]<br><small>The opposing Phace had its HP restored.</small><br></div><div class="spacer battle-history"><br></div><h2 class="battle-history">Turn 23</h2><div class="chat chatmessage-inkbug1 mine"><strong style="color:#e46e0f"><small>☆</small><span class="username" data-name="inkbug1">inkbug1</span>:</strong> <em>not enough dammit</em></div><div class="spacer battle-history"><br></div><div class="battle-history">*dz117108092108035 used <strong>Sucker Punch</strong>!<br></div><div class="battle-history"><small>(The opposing Phace lost 33% of its health!)</small><br></div><div class="spacer battle-history"><br></div><div class="battle-history">The opposing Phace used <strong>U-turn</strong>!<br></div><div class="battle-history"><small>It's super effective!</small><br></div><div class="battle-history"><small>(*dz117108092108035 lost <abbr title="−18/303">5.9%</abbr> of its health!)</small><br></div><div class="spacer battle-history"><br></div><div class="battle-history">*dz117108092108035 fainted!<br></div><div class="chat chatmessage-h2opulse"><strong style="color:#6e8c2b"><small>☆</small><span class="username" data-name="H2OPulse">H2OPulse</span>:</strong> <em>Hnnnnn</em></div><div class="spacer battle-history"><br></div><div class="battle-history">The opposing Phace went back to H2OPulse!<br></div><div class="battle-history">H2OPulse sent out Myrrh (<strong>Typhlosion-Hisui</strong>)!<br></div><div class="spacer battle-history"><br></div><div class="battle-history">Go! *xx069018135110105 (<strong>Golduck</strong>)!<br></div><div class="chat"><ul class="utilichart"><li class="result"><span class="col pokemonnamecol" style="white-space: nowrap">Golduck</span> <span class="col typecol"><img src="https://play.pokemonshowdown.com/sprites/types/Water.png" alt="Water" height="14" width="32"></span> <span style="float: left ; min-height: 26px"><span class="col abilitycol">Damp / Cloud Nine / Swift Swim</span><span class="col abilitycol"></span></span></li><li style="clear: both"></li></ul></div><div class="chat"><ul class="utilichart"><li class="result"><span style="float: left ; min-height: 26px"><span class="col statcol"><em>HP</em><br>80</span> <span class="col statcol"><em>Atk</em><br>82</span> <span class="col statcol"><em>Def</em><br>78</span> <span class="col statcol"><em>SpA</em><br>95</span> <span class="col statcol"><em>SpD</em><br>80</span> <span class="col statcol"><em>Spe</em><br>85</span> </span></li><li style="clear: both"></li></ul></div><div class="spacer battle-history"><br></div><h2 class="battle-history">Turn 24</h2><div class="chat chatmessage-h2opulse"><strong style="color:#6e8c2b"><small>☆</small><span class="username" data-name="H2OPulse">H2OPulse</span>:</strong> <em>Yeahh m</em></div><div class="chat chatmessage-h2opulse"><strong style="color:#6e8c2b"><small>☆</small><span class="username" data-name="H2OPulse">H2OPulse</span>:</strong> <em>Oh this would be a god-tier opportunity to use Drain Punch if I had it</em></div><div class="chat chatmessage-h2opulse"><strong style="color:#6e8c2b"><small>☆</small><span class="username" data-name="H2OPulse">H2OPulse</span>:</strong> <em>I wonder how much that would do</em></div><div class="chat chatmessage-inkbug1 mine"><strong style="color:#e46e0f"><small>☆</small><span class="username" data-name="inkbug1">inkbug1</span>:</strong> <em>sdfgsdfg</em></div><div class="spacer battle-history"><br></div><div class="battle-history">The opposing Myrrh used <strong>Infernal Parade</strong>!<br></div><div class="battle-history"><small>(*xx069018135110105 lost <abbr title="−96/301">31.9%</abbr> of its health!)</small><br></div><div class="spacer battle-history"><br></div><div class="battle-history">*xx069018135110105 used <strong>Flip Turn</strong>!<br></div><div class="battle-history"><small>It's super effective!</small><br></div><div class="battle-history"><small>(The opposing Myrrh lost 50% of its health!)</small><br></div><div class="spacer battle-history"><br></div><div class="battle-history">The opposing Myrrh fainted!<br></div><div class="spacer battle-history"><br></div><div class="battle-history">*xx069018135110105, come back!<br></div><div class="battle-history">Go! *px080086085075072 (<strong>Slurpuff</strong>)!<br></div><div class="chat chatmessage-h2opulse"><strong style="color:#6e8c2b"><small>☆</small><span class="username" data-name="H2OPulse">H2OPulse</span>:</strong> <em>I definitely lose here haha</em></div><div class="chat chatmessage-h2opulse"><strong style="color:#6e8c2b"><small>☆</small><span class="username" data-name="H2OPulse">H2OPulse</span>:</strong> <em>Good game!!!</em></div><div class="spacer battle-history"><br></div><div class="battle-history">H2OPulse sent out Erica (<strong>Decidueye-Hisui</strong>)!<br></div><div class="spacer battle-history"><br></div><h2 class="battle-history">Turn 25</h2><div class="chat chatmessage-inkbug1 mine"><strong style="color:#e46e0f"><small>☆</small><span class="username" data-name="inkbug1">inkbug1</span>:</strong> <em>gg yea ! </em></div><div class="spacer battle-history"><br></div><div class="battle-history">*px080086085075072 used <strong>Flamethrower</strong>!<br></div><div class="battle-history"><small>It's super effective!</small><br></div><div class="battle-history"><small>(The opposing Erica lost 22% of its health!)</small><br></div><div class="spacer battle-history"><br></div><div class="battle-history">The opposing Erica fainted!<br></div><div class="spacer battle-history"><br></div><div class="battle-history">H2OPulse sent out Phace (<strong>Gliscor</strong>)!<br></div><div class="spacer battle-history"><br></div><h2 class="battle-history">Turn 26</h2><div class="chat chatmessage-h2opulse"><strong style="color:#6e8c2b"><small>☆</small><span class="username" data-name="H2OPulse">H2OPulse</span>:</strong> <em>OH I'M STUPID</em></div><div class="chat chatmessage-h2opulse"><strong style="color:#6e8c2b"><small>☆</small><span class="username" data-name="H2OPulse">H2OPulse</span>:</strong> <em>I mean I don't think it made a difference but</em></div><div class="chat chatmessage-h2opulse"><strong style="color:#6e8c2b"><small>☆</small><span class="username" data-name="H2OPulse">H2OPulse</span>:</strong> <em>Gliscor is faster than Slurpuff</em></div><div class="spacer battle-history"><br></div><div class="battle-history">The opposing Phace used <strong>Roost</strong>!<br></div><div class="battle-history"><small>The opposing Phace had its HP restored.</small><br></div><div class="battle-history"><small>(The opposing Phace loses Flying type this turn.)</small><br></div><div class="spacer battle-history"><br></div><div class="battle-history">*px080086085075072 used <strong>Flamethrower</strong>!<br></div><div class="battle-history"><small>(The opposing Phace lost 33% of its health!)</small><br></div><div class="spacer battle-history"><br></div><div class="battle-history">[The opposing Phace's Poison Heal]<br><small>The opposing Phace had its HP restored.</small><br></div><div class="spacer battle-history"><br></div><h2 class="battle-history">Turn 27</h2><div class="spacer battle-history"><br></div><div class="battle-history">The opposing Phace used <strong>Roost</strong>!<br></div><div class="battle-history"><small>The opposing Phace had its HP restored.</small><br></div><div class="battle-history"><small>(The opposing Phace loses Flying type this turn.)</small><br></div><div class="spacer battle-history"><br></div><div class="battle-history">*px080086085075072 used <strong>Calm Mind</strong>!<br></div><div class="battle-history"><small>*px080086085075072's Sp. Atk rose!</small><br></div><div class="battle-history"><small>*px080086085075072's Sp. Def rose!</small><br></div><div class="spacer battle-history"><br></div><div class="battle-history">[The opposing Phace's Poison Heal]<br><small>The opposing Phace had its HP restored.</small><br></div><div class="spacer battle-history"><br></div><h2 class="battle-history">Turn 28</h2><div class="chat chatmessage-h2opulse"><strong style="color:#6e8c2b"><small>☆</small><span class="username" data-name="H2OPulse">H2OPulse</span>:</strong> <em>Wow I am not sure if it would have helped but I should not have sacrificed Erica there</em></div><div class="spacer battle-history"><br></div><div class="battle-history">The opposing Phace used <strong>Earthquake</strong>!<br></div><div class="battle-history"><small>It's super effective!</small><br></div><div class="battle-history"><small>(*px080086085075072 lost <abbr title="−32/305">10.5%</abbr> of its health!)</small><br></div><div class="spacer battle-history"><br></div><div class="battle-history">*px080086085075072 fainted!<br></div><div class="spacer battle-history"><br></div><div class="battle-history">[The opposing Phace's Poison Heal]<br><small>The opposing Phace had its HP restored.</small><br></div><div class="spacer battle-history"><br></div><div class="battle-history">Go! *xx069018135110105 (<strong>Golduck</strong>)!<br></div><div class="spacer battle-history"><br></div><h2 class="battle-history">Turn 29</h2><div class="chat chatmessage-h2opulse"><strong style="color:#6e8c2b"><small>☆</small><span class="username" data-name="H2OPulse">H2OPulse</span>:</strong> <em>There's absolutely no way I live one right jdfgjdkh</em></div><div class="spacer battle-history"><br></div><div class="battle-history">*xx069018135110105 used <strong>Liquidation</strong>!<br></div><div class="battle-history"><small>It's super effective!</small><br></div><div class="battle-history"><small>(The opposing Phace lost 100% of its health!)</small><br></div><div class="spacer battle-history"><br></div><div class="battle-history">The opposing Phace fainted!<br></div><div class="spacer battle-history"><br></div><div class="battle-history"><strong>inkbug1</strong> won the battle!<br></div><div class="chat chatmessage-h2opulse"><strong style="color:#6e8c2b"><small>☆</small><span class="username" data-name="H2OPulse">H2OPulse</span>:</strong> <em>THOUGHT NOT</em></div><div class="chat chatmessage-inkbug1 mine"><strong style="color:#e46e0f"><small>☆</small><span class="username" data-name="inkbug1">inkbug1</span>:</strong> <em>aksjdha </em></div><div class="chat chatmessage-inkbug1 mine"><strong style="color:#e46e0f"><small>☆</small><span class="username" data-name="inkbug1">inkbug1</span>:</strong> <em>gg </em></div><div class="chat chatmessage-h2opulse"><strong style="color:#6e8c2b"><small>☆</small><span class="username" data-name="H2OPulse">H2OPulse</span>:</strong> <em>Haha good game!!!</em></div></div><div class="inner-preempt message-log"></div></div></div>
</div>
<script>
let daily = Math.floor(Date.now()/1000/60/60/24);document.write('<script src="https://dragonheaven.herokuapp.com/js/replay-embed.js?version'+daily+'"></'+'script>');
</script>
