<!DOCTYPE html>
<meta charset="utf-8" />
<!-- version 1 -->
<title>[Gen 8] M4A VGC x Hisui Tour replay: inkbug1 vs. H2OPulse</title>
<style>
html,body {font-family:Verdana, sans-serif;font-size:10pt;margin:0;padding:0;}body{padding:12px 0;} .battle-log {font-family:Verdana, sans-serif;font-size:10pt;} .battle-log-inline {border:1px solid #AAAAAA;background:#EEF2F5;color:black;max-width:640px;margin:0 auto 80px;padding-bottom:5px;} .battle-log .inner {padding:4px 8px 0px 8px;} .battle-log .inner-preempt {padding:0 8px 4px 8px;} .battle-log .inner-after {margin-top:0.5em;} .battle-log h2 {margin:0.5em -8px;padding:4px 8px;border:1px solid #AAAAAA;background:#E0E7EA;border-left:0;border-right:0;font-family:Verdana, sans-serif;font-size:13pt;} .battle-log .chat {vertical-align:middle;padding:3px 0 3px 0;font-size:8pt;} .battle-log .chat strong {color:#40576A;} .battle-log .chat em {padding:1px 4px 1px 3px;color:#000000;font-style:normal;} .chat.mine {background:rgba(0,0,0,0.05);margin-left:-8px;margin-right:-8px;padding-left:8px;padding-right:8px;} .spoiler {color:#BBBBBB;background:#BBBBBB;padding:0px 3px;} .spoiler:hover, .spoiler:active, .spoiler-shown {color:#000000;background:#E2E2E2;padding:0px 3px;} .spoiler a {color:#BBBBBB;} .spoiler:hover a, .spoiler:active a, .spoiler-shown a {color:#2288CC;} .chat code, .chat .spoiler:hover code, .chat .spoiler:active code, .chat .spoiler-shown code {border:1px solid #C0C0C0;background:#EEEEEE;color:black;padding:0 2px;} .chat .spoiler code {border:1px solid #CCCCCC;background:#CCCCCC;color:#CCCCCC;} .battle-log .rated {padding:3px 4px;} .battle-log .rated strong {color:white;background:#89A;padding:1px 4px;border-radius:4px;} .spacer {margin-top:0.5em;} .message-announce {background:#6688AA;color:white;padding:1px 4px 2px;} .message-announce a, .broadcast-green a, .broadcast-blue a, .broadcast-red a {color:#DDEEFF;} .broadcast-green {background-color:#559955;color:white;padding:2px 4px;} .broadcast-blue {background-color:#6688AA;color:white;padding:2px 4px;} .infobox {border:1px solid #6688AA;padding:2px 4px;} .infobox-limited {max-height:200px;overflow:auto;overflow-x:hidden;} .broadcast-red {background-color:#AA5544;color:white;padding:2px 4px;} .message-learn-canlearn {font-weight:bold;color:#228822;text-decoration:underline;} .message-learn-cannotlearn {font-weight:bold;color:#CC2222;text-decoration:underline;} .message-effect-weak {font-weight:bold;color:#CC2222;} .message-effect-resist {font-weight:bold;color:#6688AA;} .message-effect-immune {font-weight:bold;color:#666666;} .message-learn-list {margin-top:0;margin-bottom:0;} .message-throttle-notice, .message-error {color:#992222;} .message-overflow, .chat small.message-overflow {font-size:0pt;} .message-overflow::before {font-size:9pt;content:'...';} .subtle {color:#3A4A66;}
</style>
<div class="wrapper replay-wrapper" style="max-width:1180px;margin:0 auto">
<input type="hidden" name="replayid" value="dragonheaven-gen8m4avgcxhisuitour-51" />
<div class="battle"></div><div class="battle-log"></div><div class="replay-controls"></div><div class="replay-controls-2"></div>
<h1 style="font-weight:normal;text-align:center"><strong>[Gen 8] M4A VGC x Hisui Tour</strong><br /><a href="http://pokemonshowdown.com/users/inkbug1" class="subtle" target="_blank">inkbug1</a> vs. <a href="http://pokemonshowdown.com/users/h2opulse" class="subtle" target="_blank">H2OPulse</a></h1>
<script type="text/plain" class="battle-log-data">|j|☆inkbug1

|j|☆H2OPulse
|t:|1657997524
|player|p1|inkbug1|emmet|
|player|p2|H2OPulse|aetherfoundation|
|teamsize|p1|6
|teamsize|p2|6
|gametype|doubles
|gen|8
|tier|[Gen 8] M4A VGC x Hisui Tour
|clearpoke
|poke|p1|Ninetales-Alola, L50, F|
|poke|p1|Basculegion, L50, M|
|poke|p1|Lilligant-Hisui, L50, F|
|poke|p1|Wyrdeer, L50, M|
|poke|p1|Avalugg-Hisui, L50, F|
|poke|p1|Kricketune, L50, M|
|poke|p2|Weavile, L50, M|
|poke|p2|Lopunny, L50, M|
|poke|p2|Ninetales, L50, F|
|poke|p2|Lilligant-Hisui, L50, F|
|poke|p2|Typhlosion-Hisui, L50, M|
|poke|p2|Mismagius, L50, F|
|rule|Species Clause: Limit one of each Pokémon
|rule|Item Clause: Limit one of each item
|rule|Dynamax Clause: You cannot dynamax
|raw|<img src="https:\/\/raw.githubusercontent.com\/scoopapa\/DH\/master\/data\/mods\/m4av6\/sprites\/m4a_banner.png" height="65" width="381">
|-message|Welcome to Megas for All!
|-message|This is a National Dex-based format where we aim to give a new Mega Evolution to every Pokémon.
|-message|Just like any official format, you can still only Mega Evolve one Pokémon per team!
|-message|You can find our thread and metagame resources here:
|-message|https:\/\/www.smogon.com\/forums\/threads\/3671140\/
|teampreview|4
|j|+time to chill
|c|☆H2OPulse|Good luck and have fun!!!
|
|t:|1657997548
|start
|switch|p1a: Kricketune|Kricketune, L50, M|183\/183
|switch|p1b: Wyrdeer|Wyrdeer, L50, M|210\/210
|switch|p2a: Clove|Lopunny, L50, M|48\/48
|switch|p2b: Leek|Lilligant-Hisui, L50, F|48\/48
|-ability|p1b: Wyrdeer|Intimidate|boost
|-unboost|p2a: Clove|atk|1
|-unboost|p2b: Leek|atk|1
|turn|1
|
|t:|1657997588
|detailschange|p2a: Clove|Lopunny, L50, M
|-mega|p2a: Clove|Lopunny|Lopunnite
|-start|p2a: Clove|Lopunnite|[silent]
|-start|p2a: Clove|typechange|Normal\/Fighting|[silent]
|raw|<ul class="utilichart"><li class="result"><span class="col pokemonnamecol" style="white-space: nowrap">Lopunny<\/span> <span class="col typecol"><img src="https:\/\/dragonheaven.herokuapp.com\/sprites\/types\/Normal.png" alt="Normal" height="14" width="32"><img src="https:\/\/dragonheaven.herokuapp.com\/sprites\/types\/Fighting.png" alt="Fighting" height="14" width="32"><\/span> <span style="float: left ; min-height: 26px"><span class="col abilitycol">Scrappy<\/span><span class="col abilitycol"><\/span><\/span><span style="float: left ; min-height: 26px"><span class="col statcol"><em>HP<\/em><br>65<\/span> <span class="col statcol"><em>Atk<\/em><br>136<\/span> <span class="col statcol"><em>Def<\/em><br>94<\/span> <span class="col statcol"><em>SpA<\/em><br>54<\/span> <span class="col statcol"><em>SpD<\/em><br>96<\/span> <span class="col statcol"><em>Spe<\/em><br>135<\/span> <\/span><\/li><li style="clear: both"><\/li><\/ul>
|detailschange|p1a: Kricketune|Kricketune, L50, M
|-mega|p1a: Kricketune|Kricketune|Kricketite
|-start|p1a: Kricketune|Kricketite|[silent]
|-start|p1a: Kricketune|typechange|Bug\/Fighting|[silent]
|raw|<ul class="utilichart"><li class="result"><span class="col pokemonnamecol" style="white-space: nowrap">Kricketune<\/span> <span class="col typecol"><img src="https:\/\/dragonheaven.herokuapp.com\/sprites\/types\/Bug.png" alt="Bug" height="14" width="32"><img src="https:\/\/dragonheaven.herokuapp.com\/sprites\/types\/Fighting.png" alt="Fighting" height="14" width="32"><\/span> <span style="float: left ; min-height: 26px"><span class="col abilitycol">Dancer<\/span><span class="col abilitycol"><\/span><\/span><span style="float: left ; min-height: 26px"><span class="col statcol"><em>HP<\/em><br>77<\/span> <span class="col statcol"><em>Atk<\/em><br>124<\/span> <span class="col statcol"><em>Def<\/em><br>86<\/span> <span class="col statcol"><em>SpA<\/em><br>15<\/span> <span class="col statcol"><em>SpD<\/em><br>51<\/span> <span class="col statcol"><em>Spe<\/em><br>131<\/span> <\/span><\/li><li style="clear: both"><\/li><\/ul>
|move|p2a: Clove|Fake Out|p1a: Kricketune
|-damage|p1a: Kricketune|153\/183
|move|p2b: Leek|Sleep Powder|p1b: Wyrdeer|[miss]
|-miss|p2b: Leek|p1b: Wyrdeer
|cant|p1a: Kricketune|flinch
|move|p1b: Wyrdeer|Trick Room|p1b: Wyrdeer
|-fieldstart|move: Trick Room|[of] p1b: Wyrdeer
|
|upkeep
|turn|2
|c|☆inkbug1|oh 
|c|☆H2OPulse|This is fair
|c|☆inkbug1|okay-
|
|t:|1657997617
|switch|p2b: Myrrh|Typhlosion-Hisui, L50, M|48\/48
|move|p2a: Clove|Protect|p2a: Clove
|-singleturn|p2a: Clove|Protect
|move|p1b: Wyrdeer|Psychic|p2b: Myrrh
|-damage|p2b: Myrrh|22\/48
|move|p1a: Kricketune|Brick Break|p2a: Clove
|-activate|p2a: Clove|move: Protect
|
|upkeep
|turn|3
|c|+time to chill|psychic did it a good chunk of damage, not bad
|c|☆H2OPulse|Yeah o.o'
|raw|<div class="message"><ul class="utilichart"><li class="result"><span class="col numcol">Hisui<\/span> <span class="col iconcol"><psicon pokemon="wyrdeer"\/><\/span> <span class="col pokemonnamecol" style="white-space:nowrap"><a href="https:\/\/dex.pokemonshowdown.com\/pokemon\/wyrdeer" target="_blank">Wyrdeer<\/a><\/span> <span class="col typecol"><img src="https:\/\/dragonheaven.herokuapp.com\/sprites\/types\/Normal.png" alt="Normal" height="14" width="32"><img src="https:\/\/dragonheaven.herokuapp.com\/sprites\/types\/Psychic.png" alt="Psychic" height="14" width="32"><\/span> <span style="float:left;min-height:26px"><span class="col twoabilitycol">Intimidate<br \/>Frisk<\/span><span class="col abilitycol"><em>Sap Sipper<\/em><\/span><\/span><span style="float:left;min-height:26px"><span class="col statcol"><em>HP<\/em><br \/>103<\/span> <span class="col statcol"><em>Atk<\/em><br \/>105<\/span> <span class="col statcol"><em>Def<\/em><br \/>72<\/span> <span class="col statcol"><em>SpA<\/em><br \/>105<\/span> <span class="col statcol"><em>SpD<\/em><br \/>75<\/span> <span class="col statcol"><em>Spe<\/em><br \/>65<\/span> <span class="col bstcol"><em>BST<br \/>525<\/em><\/span> <\/span><\/li><li style="clear:both"><\/li><\/ul><\/div>
|raw|<font size="1"><font color="#686868">Dex#:<\/font> 899&nbsp;|&ThickSpace;<font color="#686868">Gen:<\/font> 8&nbsp;|&ThickSpace;<font color="#686868">Height:<\/font> 1.8 m&nbsp;|&ThickSpace;<font color="#686868">Weight:<\/font> 95.1 kg <em>(80 BP)<\/em>&nbsp;|&ThickSpace;<font color="#686868">Dex Colour:<\/font> Brown&nbsp;|&ThickSpace;<font color="#686868">Egg Group(s):<\/font> Field&nbsp;|&ThickSpace;<font color="#686868">Does Not Evolve<\/font><\/font>

|c|☆inkbug1|i lvoe thsi thing its stats and everything are so awesome ? 
|c|☆inkbug1|i want to try it with a special tr abuser and psyshield 
|c|☆H2OPulse|Oooo yesss
|c|+time to chill|sky is the limit :D
|
|t:|1657997723
|switch|p2b: Lycoris|Weavile, L50, M|48\/48
|move|p1b: Wyrdeer|Psychic|p2b: Lycoris
|-immune|p2b: Lycoris
|move|p1a: Kricketune|Brick Break|p2a: Clove
|-supereffective|p2a: Clove
|-damage|p2a: Clove|0 fnt
|faint|p2a: Clove
|
|upkeep
|c|☆H2OPulse|Yeah Wyrdeer looks so cool ;-; it was on my first completely different team (the one I was liveblogging to you about trying to cobble together last night akdfhg) but it didn't seem to fit on this one
|c|☆H2OPulse|OH OW
|c|☆inkbug1|oh that kills unboosted too 
|c|☆inkbug1|i see
|c|☆inkbug1|why are mega kricketunes stats the way that they are what the hell was i even doing
|
|t:|1657997782
|switch|p2a: Myrrh|Typhlosion-Hisui, L50, M|22\/48
|turn|4
|c|☆H2OPulse|Ksjhdfg
|c|☆H2OPulse|~~This is the post-nerf one though--~~
|c|☆H2OPulse|it's okay have you seen the things I have made.
|c|☆inkbug1|it got nerfed??????? when?????? 
|c|☆inkbug1|im proud of it
|j|+pitterpatter5786
|l|+pitterpatter5786
|c|☆inkbug1|not rlly i just have no memory of
|c|☆inkbug1|that
|c|☆H2OPulse|P f
|
|t:|1657997885
|move|p1b: Wyrdeer|Protect|p1b: Wyrdeer
|-singleturn|p1b: Wyrdeer|Protect
|move|p1a: Kricketune|Protect|p1a: Kricketune
|-singleturn|p1a: Kricketune|Protect
|move|p2b: Lycoris|Fake Out|p1b: Wyrdeer
|-activate|p1b: Wyrdeer|move: Protect
|move|p2a: Myrrh|Heat Wave|p1b: Wyrdeer|[spread] 
|-activate|p1a: Kricketune|move: Protect
|-activate|p1b: Wyrdeer|move: Protect
|
|upkeep
|turn|5
|c|+time to chill|i think during the great speed change?
|c|☆H2OPulse|I think originally it was meant to speed creep opposing Dragapult for Dragon Dance stealing in singles
|c|☆H2OPulse|Yeah
|c|☆inkbug1|right
|c|☆inkbug1|tht does sound familiar actually
|
|t:|1657997933
|switch|p2b: Leek|Lilligant-Hisui, L50, F|48\/48
|move|p2a: Myrrh|Protect|p2a: Myrrh
|-singleturn|p2a: Myrrh|Protect
|move|p1b: Wyrdeer|Psychic|p2a: Myrrh
|-activate|p2a: Myrrh|move: Protect
|move|p1a: Kricketune|Leech Life|p2b: Leek
|-damage|p2b: Leek|13\/48
|-heal|p1a: Kricketune|183\/183|[from] drain|[of] p2b: Leek
|
|-fieldend|move: Trick Room
|upkeep
|turn|6
|c|☆H2OPulse|O w
|c|☆inkbug1|it still has so many stats i dont know why i-
|c|+time to chill|but now, it can attack after its ally dragapult and can avoid 2hko from urshifu-s
|c|☆inkbug1|omg 
|
|t:|1657997970
|switch|p1a: Basculegion|Basculegion, L50, M|195\/195
|move|p2b: Leek|Sleep Powder|p1b: Wyrdeer
|-status|p1b: Wyrdeer|slp|[from] move: Sleep Powder
|move|p2a: Myrrh|Heat Wave|p1a: Basculegion|[spread] p1a,p1b
|-resisted|p1a: Basculegion
|-damage|p1a: Basculegion|132\/195
|-damage|p1b: Wyrdeer|129\/210 slp
|cant|p1b: Wyrdeer|slp
|
|upkeep
|turn|7
|c|☆H2OPulse|Ohh that's bad
|c|+time to chill|quick guard and mat block for easing dance strategies
|
|t:|1657998006
|move|p2a: Myrrh|Protect|p2a: Myrrh
|-singleturn|p2a: Myrrh|Protect
|move|p1a: Basculegion|Wave Crash||[still]
|-anim|p1a: Basculegion|Waterfall|p2a: Myrrh
|-activate|p2a: Myrrh|move: Protect
|move|p2b: Leek|Leaf Blade|p1a: Basculegion
|-supereffective|p1a: Basculegion
|-damage|p1a: Basculegion|0 fnt
|-damage|p2b: Leek|8\/48|[from] item: Life Orb
|faint|p1a: Basculegion
|cant|p1b: Wyrdeer|slp
|
|upkeep
|c|☆inkbug1|oh right it gets those
|l|+time to chill
|c|☆inkbug1|ow
|c|☆H2OPulse|BREATHes
|c|☆H2OPulse|okay--
|j|+time to chill
|
|t:|1657998043
|switch|p1a: Avalugg|Avalugg-Hisui, L50, F|201\/201
|turn|8
|
|t:|1657998051
|move|p1a: Avalugg|Protect|p1a: Avalugg
|-singleturn|p1a: Avalugg|Protect
|move|p2b: Leek|Close Combat|p1a: Avalugg
|-activate|p1a: Avalugg|move: Protect
|move|p2a: Myrrh|Heat Wave|p1a: Avalugg|[spread] p1b
|-activate|p1a: Avalugg|move: Protect
|-damage|p1b: Wyrdeer|39\/210 slp
|-enditem|p1b: Wyrdeer|Sitrus Berry|[eat]
|-heal|p1b: Wyrdeer|91\/210 slp|[from] item: Sitrus Berry
|cant|p1b: Wyrdeer|slp
|
|upkeep
|turn|9
|
|t:|1657998073
|move|p2b: Leek|Close Combat|p1a: Avalugg
|-supereffective|p1a: Avalugg
|-ability|p1a: Avalugg|Sturdy
|-damage|p1a: Avalugg|1\/201
|-unboost|p2b: Leek|def|1
|-unboost|p2b: Leek|spd|1
|-enditem|p1a: Avalugg|Weakness Policy
|-boost|p1a: Avalugg|atk|2|[from] item: Weakness Policy
|-boost|p1a: Avalugg|spa|2|[from] item: Weakness Policy
|-damage|p2b: Leek|3\/48|[from] item: Life Orb
|move|p2a: Myrrh|Heat Wave|p1b: Wyrdeer|[spread] p1a,p1b
|-crit|p1b: Wyrdeer
|-damage|p1a: Avalugg|0 fnt
|-damage|p1b: Wyrdeer|0 fnt
|faint|p1a: Avalugg
|faint|p1b: Wyrdeer
|
|upkeep
|c|☆H2OPulse|STURDY WP I JUST GOT THAT
|c|☆inkbug1|gamers press f
|c|☆inkbug1|i also just got that i did not look at its ability until right then 
|c|☆H2OPulse|I am so-- oh gosh the crit mattered too
|c|☆H2OPulse|msdnfhg
|c|☆inkbug1|im very smart 
|
|t:|1657998104
|switch|p1a: Kricketune|Kricketune, L50, M|183\/183
|turn|10
|c|+time to chill|i have a team with custap berry avalugg x)
|c|☆H2OPulse|it took three turns of sleep and a crit but
|c|+time to chill|wonder how that would have worked
|c|☆H2OPulse|CUSTAP AVALUGG?? THAT'S AMAZING
|c|☆inkbug1|oh that rules
|
|t:|1657998127
|move|p2b: Leek|Sleep Powder|p1a: Kricketune
|-status|p1a: Kricketune|slp|[from] move: Sleep Powder
|cant|p1a: Kricketune|slp
|move|p2a: Myrrh|Heat Wave|p1a: Kricketune
|-supereffective|p1a: Kricketune
|-damage|p1a: Kricketune|0 fnt
|faint|p1a: Kricketune
|
|win|H2OPulse
|c|☆inkbug1|dont kill me challenge
|c|☆inkbug1|dammit
|c|☆H2OPulse|Kjhsdf
|c|☆inkbug1|gg jhgsf
|c|☆H2OPulse|Man that was so much hax--
|c|☆H2OPulse|I am so sorry ajsdhfg</script>
</div>
<div class="battle-log battle-log-inline"><div class="inner"><div class="battle-options"><div style="padding-top: 3px; padding-right: 3px; text-align: right"><button class="icon button" name="openBattleOptions" title="Options">Battle Options</button></div></div><div class="inner message-log"><div class="chat"><small>☆inkbug1 and ☆H2OPulse joined</small></div><div class=""><small>Format:</small> <br><strong>[Gen 8] M4A VGC x Hisui Tour</strong></div><div class=""><small><em>Species Clause:</em> Limit one of each Pokémon</small></div><div class=""><small><em>Item Clause:</em> Limit one of each item</small></div><div class=""><small><em>Dynamax Clause:</em> You cannot dynamax</small></div><div class="chat"><img src="https://raw.githubusercontent.com/scoopapa/DH/master/data/mods/m4av6/sprites/m4a_banner.png" height="65" width="381"></div><div class="spacer battle-history"><br></div><div class="battle-history"><small>Welcome to Megas for All!</small><br></div><div class="battle-history"><small>This is a National Dex-based format where we aim to give a new Mega Evolution to every Pokémon.</small><br></div><div class="battle-history"><small>Just like any official format, you can still only Mega Evolve one Pokémon per team!</small><br></div><div class="battle-history"><small>You can find our thread and metagame resources here:</small><br></div><div class="battle-history"><small>https://www.smogon.com/forums/threads/3671140/</small><br></div><div class="chat battle-history"><strong>inkbug1's team:</strong> <em style="color:#445566;display:block;">Ninetales-Alola / Basculegion / Lilligant-Hisui / Wyrdeer / Avalugg-Hisui / Kricketune</em></div><div class="chat battle-history"><strong>H2OPulse's team:</strong> <em style="color:#445566;display:block;">Weavile / Lopunny / Ninetales / Lilligant-Hisui / Typhlosion-Hisui / Mismagius</em></div><div class="chat"><small>+time to chill joined</small></div><div class="chat chatmessage-h2opulse"><strong style="color:#6e8c2b"><small>☆</small><span class="username" data-name="H2OPulse">H2OPulse</span>:</strong> <em>Good luck and have fun!!!</em></div><div class="spacer battle-history"><br></div><div class="battle-history">Battle started between inkbug1 and H2OPulse!<br></div><div class="spacer battle-history"><br></div><div class="battle-history">Go! <strong>Kricketune</strong>!<br></div><div class="spacer battle-history"><br></div><div class="battle-history">Go! <strong>Wyrdeer</strong>!<br></div><div class="spacer battle-history"><br></div><div class="battle-history">H2OPulse sent out Clove (<strong>Lopunny</strong>)!<br></div><div class="spacer battle-history"><br></div><div class="battle-history">H2OPulse sent out Leek (<strong>Lilligant-Hisui</strong>)!<br></div><div class="battle-history">[Wyrdeer's Intimidate]<br></div><div class="battle-history"><small>The opposing Clove's Attack fell!</small><br></div><div class="battle-history"><small>The opposing Leek's Attack fell!</small><br></div><div class="spacer battle-history"><br></div><h2 class="battle-history">Turn 1</h2><div class="spacer battle-history"><br></div><div class="battle-history"><small>The opposing Clove's Lopunnite is reacting to the Key Stone!</small><br>The opposing Clove has Mega Evolved into Mega Lopunny!<br></div><div class="chat"><ul class="utilichart"><li class="result"><span class="col pokemonnamecol" style="white-space: nowrap">Lopunny</span> <span class="col typecol"><img src="https://dragonheaven.herokuapp.com/sprites/types/Normal.png" alt="Normal" height="14" width="32"><img src="https://dragonheaven.herokuapp.com/sprites/types/Fighting.png" alt="Fighting" height="14" width="32"></span> <span style="float: left ; min-height: 26px"><span class="col abilitycol">Scrappy</span><span class="col abilitycol"></span></span><span style="float: left ; min-height: 26px"><span class="col statcol"><em>HP</em><br>65</span> <span class="col statcol"><em>Atk</em><br>136</span> <span class="col statcol"><em>Def</em><br>94</span> <span class="col statcol"><em>SpA</em><br>54</span> <span class="col statcol"><em>SpD</em><br>96</span> <span class="col statcol"><em>Spe</em><br>135</span> </span></li><li style="clear: both"></li></ul></div><div class="spacer battle-history"><br></div><div class="battle-history"><small>Kricketune's Kricketite is reacting to the Key Stone!</small><br>Kricketune has Mega Evolved into Mega Kricketune!<br></div><div class="chat"><ul class="utilichart"><li class="result"><span class="col pokemonnamecol" style="white-space: nowrap">Kricketune</span> <span class="col typecol"><img src="https://dragonheaven.herokuapp.com/sprites/types/Bug.png" alt="Bug" height="14" width="32"><img src="https://dragonheaven.herokuapp.com/sprites/types/Fighting.png" alt="Fighting" height="14" width="32"></span> <span style="float: left ; min-height: 26px"><span class="col abilitycol">Dancer</span><span class="col abilitycol"></span></span><span style="float: left ; min-height: 26px"><span class="col statcol"><em>HP</em><br>77</span> <span class="col statcol"><em>Atk</em><br>124</span> <span class="col statcol"><em>Def</em><br>86</span> <span class="col statcol"><em>SpA</em><br>15</span> <span class="col statcol"><em>SpD</em><br>51</span> <span class="col statcol"><em>Spe</em><br>131</span> </span></li><li style="clear: both"></li></ul></div><div class="spacer battle-history"><br></div><div class="battle-history">The opposing Clove used <strong>Fake Out</strong>!<br></div><div class="battle-history"><small>(Kricketune lost <abbr title="−30/183">16.4%</abbr> of its health!)</small><br></div><div class="spacer battle-history"><br></div><div class="battle-history">The opposing Leek used <strong>Sleep Powder</strong>!<br></div><div class="battle-history"><small>Wyrdeer avoided the attack!</small><br></div><div class="spacer battle-history"><br></div><div class="battle-history">Kricketune flinched and couldn't move!<br></div><div class="spacer battle-history"><br></div><div class="battle-history">Wyrdeer used <strong>Trick Room</strong>!<br></div><div class="battle-history"><small>Wyrdeer twisted the dimensions!</small><br></div><div class="spacer battle-history"><br></div><h2 class="battle-history">Turn 2</h2><div class="chat chatmessage-inkbug1 mine"><strong style="color:#e46e0f"><small>☆</small><span class="username" data-name="inkbug1">inkbug1</span>:</strong> <em>oh </em></div><div class="chat chatmessage-h2opulse"><strong style="color:#6e8c2b"><small>☆</small><span class="username" data-name="H2OPulse">H2OPulse</span>:</strong> <em>This is fair</em></div><div class="chat chatmessage-inkbug1 mine"><strong style="color:#e46e0f"><small>☆</small><span class="username" data-name="inkbug1">inkbug1</span>:</strong> <em>okay-</em></div><div class="spacer battle-history"><br></div><div class="battle-history">H2OPulse withdrew Leek!<br></div><div class="battle-history">H2OPulse sent out Myrrh (<strong>Typhlosion-Hisui</strong>)!<br></div><div class="spacer battle-history"><br></div><div class="battle-history">The opposing Clove used <strong>Protect</strong>!<br></div><div class="battle-history"><small>The opposing Clove protected itself!</small><br></div><div class="spacer battle-history"><br></div><div class="battle-history">Wyrdeer used <strong>Psychic</strong>!<br></div><div class="battle-history"><small>(The opposing Myrrh lost <abbr title="−26/48 pixels">52.2–54.2%</abbr> of its health!)</small><br></div><div class="spacer battle-history"><br></div><div class="battle-history">Kricketune used <strong>Brick Break</strong>!<br></div><div class="battle-history"><small>The opposing Clove protected itself!</small><br></div><div class="spacer battle-history"><br></div><h2 class="battle-history">Turn 3</h2><div class="chat chatmessage-timetochill"><strong style="color:#338e9e"><small>+</small><span class="username" data-name="time to chill">time to chill</span>:</strong> <em>psychic did it a good chunk of damage, not bad</em></div><div class="chat chatmessage-h2opulse"><strong style="color:#6e8c2b"><small>☆</small><span class="username" data-name="H2OPulse">H2OPulse</span>:</strong> <em>Yeah o.o'</em></div><div class="chat"><div class="message"><ul class="utilichart"><li class="result"><span class="col numcol">Hisui</span> <span class="col iconcol"><span class="picon" style="background: transparent url(&quot;https://play.pokemonshowdown.com/sprites/pokemonicons-sheet.png?v4&quot;) no-repeat scroll -0px -0px"></span></span> <span class="col pokemonnamecol" style="white-space: nowrap"><a href="https://dex.pokemonshowdown.com/pokemon/wyrdeer" target="_blank" rel="noopener">Wyrdeer</a></span> <span class="col typecol"><img src="https://dragonheaven.herokuapp.com/sprites/types/Normal.png" alt="Normal" height="14" width="32"><img src="https://dragonheaven.herokuapp.com/sprites/types/Psychic.png" alt="Psychic" height="14" width="32"></span> <span style="float: left ; min-height: 26px"><span class="col twoabilitycol">Intimidate<br>Frisk</span><span class="col abilitycol"><em>Sap Sipper</em></span></span><span style="float: left ; min-height: 26px"><span class="col statcol"><em>HP</em><br>103</span> <span class="col statcol"><em>Atk</em><br>105</span> <span class="col statcol"><em>Def</em><br>72</span> <span class="col statcol"><em>SpA</em><br>105</span> <span class="col statcol"><em>SpD</em><br>75</span> <span class="col statcol"><em>Spe</em><br>65</span> <span class="col bstcol"><em>BST<br>525</em></span> </span></li><li style="clear: both"></li></ul></div></div><div class="chat"><font size="1"><font color="#686868">Dex#:</font> 899&nbsp;|  <font color="#686868">Gen:</font> 8&nbsp;|  <font color="#686868">Height:</font> 1.8 m&nbsp;|  <font color="#686868">Weight:</font> 95.1 kg <em>(80 BP)</em>&nbsp;|  <font color="#686868">Dex Colour:</font> Brown&nbsp;|  <font color="#686868">Egg Group(s):</font> Field&nbsp;|  <font color="#686868">Does Not Evolve</font></font></div><div class="chat chatmessage-inkbug1 mine"><strong style="color:#e46e0f"><small>☆</small><span class="username" data-name="inkbug1">inkbug1</span>:</strong> <em>i lvoe thsi thing its stats and everything are so awesome ? </em></div><div class="chat chatmessage-inkbug1 mine"><strong style="color:#e46e0f"><small>☆</small><span class="username" data-name="inkbug1">inkbug1</span>:</strong> <em>i want to try it with a special tr abuser and psyshield </em></div><div class="chat chatmessage-h2opulse"><strong style="color:#6e8c2b"><small>☆</small><span class="username" data-name="H2OPulse">H2OPulse</span>:</strong> <em>Oooo yesss</em></div><div class="chat chatmessage-timetochill"><strong style="color:#338e9e"><small>+</small><span class="username" data-name="time to chill">time to chill</span>:</strong> <em>sky is the limit :D</em></div><div class="spacer battle-history"><br></div><div class="battle-history">H2OPulse withdrew Myrrh!<br></div><div class="battle-history">H2OPulse sent out Lycoris (<strong>Weavile</strong>)!<br></div><div class="spacer battle-history"><br></div><div class="battle-history">Wyrdeer used <strong>Psychic</strong>!<br></div><div class="battle-history"><small>It doesn't affect the opposing Lycoris...</small><br></div><div class="spacer battle-history"><br></div><div class="battle-history">Kricketune used <strong>Brick Break</strong>!<br></div><div class="battle-history"><small>It's super effective!</small><br></div><div class="battle-history"><small>(The opposing Clove lost <abbr title="−48/48 pixels">100%</abbr> of its health!)</small><br></div><div class="spacer battle-history"><br></div><div class="battle-history">The opposing Clove fainted!<br></div><div class="chat chatmessage-h2opulse"><strong style="color:#6e8c2b"><small>☆</small><span class="username" data-name="H2OPulse">H2OPulse</span>:</strong> <em>Yeah Wyrdeer looks so cool ;-; it was on my first completely different team (the one I was liveblogging to you about trying to cobble together last night akdfhg) but it didn't seem to fit on this one</em></div><div class="chat chatmessage-h2opulse"><strong style="color:#6e8c2b"><small>☆</small><span class="username" data-name="H2OPulse">H2OPulse</span>:</strong> <em>OH OW</em></div><div class="chat chatmessage-inkbug1 mine"><strong style="color:#e46e0f"><small>☆</small><span class="username" data-name="inkbug1">inkbug1</span>:</strong> <em>oh that kills unboosted too </em></div><div class="chat chatmessage-inkbug1 mine"><strong style="color:#e46e0f"><small>☆</small><span class="username" data-name="inkbug1">inkbug1</span>:</strong> <em>i see</em></div><div class="chat chatmessage-inkbug1 mine"><strong style="color:#e46e0f"><small>☆</small><span class="username" data-name="inkbug1">inkbug1</span>:</strong> <em>why are mega kricketunes stats the way that they are what the hell was i even doing</em></div><div class="spacer battle-history"><br></div><div class="battle-history">H2OPulse sent out Myrrh (<strong>Typhlosion-Hisui</strong>)!<br></div><div class="spacer battle-history"><br></div><h2 class="battle-history">Turn 4</h2><div class="chat chatmessage-h2opulse"><strong style="color:#6e8c2b"><small>☆</small><span class="username" data-name="H2OPulse">H2OPulse</span>:</strong> <em>Ksjhdfg</em></div><div class="chat chatmessage-h2opulse"><strong style="color:#6e8c2b"><small>☆</small><span class="username" data-name="H2OPulse">H2OPulse</span>:</strong> <em><s>This is the post-nerf one though--</s></em></div><div class="chat chatmessage-h2opulse"><strong style="color:#6e8c2b"><small>☆</small><span class="username" data-name="H2OPulse">H2OPulse</span>:</strong> <em>it's okay have you seen the things I have made.</em></div><div class="chat chatmessage-inkbug1 mine"><strong style="color:#e46e0f"><small>☆</small><span class="username" data-name="inkbug1">inkbug1</span>:</strong> <em>it got nerfed??????? when?????? </em></div><div class="chat chatmessage-inkbug1 mine"><strong style="color:#e46e0f"><small>☆</small><span class="username" data-name="inkbug1">inkbug1</span>:</strong> <em>im proud of it</em></div><div class="chat"><small>+pitterpatter5786 joined; +pitterpatter5786 left</small></div><div class="chat chatmessage-inkbug1 mine"><strong style="color:#e46e0f"><small>☆</small><span class="username" data-name="inkbug1">inkbug1</span>:</strong> <em>not rlly i just have no memory of</em></div><div class="chat chatmessage-inkbug1 mine"><strong style="color:#e46e0f"><small>☆</small><span class="username" data-name="inkbug1">inkbug1</span>:</strong> <em>that</em></div><div class="chat chatmessage-h2opulse"><strong style="color:#6e8c2b"><small>☆</small><span class="username" data-name="H2OPulse">H2OPulse</span>:</strong> <em>P f</em></div><div class="spacer battle-history"><br></div><div class="battle-history">Wyrdeer used <strong>Protect</strong>!<br></div><div class="battle-history"><small>Wyrdeer protected itself!</small><br></div><div class="spacer battle-history"><br></div><div class="battle-history">Kricketune used <strong>Protect</strong>!<br></div><div class="battle-history"><small>Kricketune protected itself!</small><br></div><div class="spacer battle-history"><br></div><div class="battle-history">The opposing Lycoris used <strong>Fake Out</strong>!<br></div><div class="battle-history"><small>Wyrdeer protected itself!</small><br></div><div class="spacer battle-history"><br></div><div class="battle-history">The opposing Myrrh used <strong>Heat Wave</strong>!<br></div><div class="battle-history"><small>Kricketune protected itself!</small><br></div><div class="battle-history"><small>Wyrdeer protected itself!</small><br></div><div class="spacer battle-history"><br></div><h2 class="battle-history">Turn 5</h2><div class="chat chatmessage-timetochill"><strong style="color:#338e9e"><small>+</small><span class="username" data-name="time to chill">time to chill</span>:</strong> <em>i think during the great speed change?</em></div><div class="chat chatmessage-h2opulse"><strong style="color:#6e8c2b"><small>☆</small><span class="username" data-name="H2OPulse">H2OPulse</span>:</strong> <em>I think originally it was meant to speed creep opposing Dragapult for Dragon Dance stealing in singles</em></div><div class="chat chatmessage-h2opulse"><strong style="color:#6e8c2b"><small>☆</small><span class="username" data-name="H2OPulse">H2OPulse</span>:</strong> <em>Yeah</em></div><div class="chat chatmessage-inkbug1 mine"><strong style="color:#e46e0f"><small>☆</small><span class="username" data-name="inkbug1">inkbug1</span>:</strong> <em>right</em></div><div class="chat chatmessage-inkbug1 mine"><strong style="color:#e46e0f"><small>☆</small><span class="username" data-name="inkbug1">inkbug1</span>:</strong> <em>tht does sound familiar actually</em></div><div class="spacer battle-history"><br></div><div class="battle-history">H2OPulse withdrew Lycoris!<br></div><div class="battle-history">H2OPulse sent out Leek (<strong>Lilligant-Hisui</strong>)!<br></div><div class="spacer battle-history"><br></div><div class="battle-history">The opposing Myrrh used <strong>Protect</strong>!<br></div><div class="battle-history"><small>The opposing Myrrh protected itself!</small><br></div><div class="spacer battle-history"><br></div><div class="battle-history">Wyrdeer used <strong>Psychic</strong>!<br></div><div class="battle-history"><small>The opposing Myrrh protected itself!</small><br></div><div class="spacer battle-history"><br></div><div class="battle-history">Kricketune used <strong>Leech Life</strong>!<br></div><div class="battle-history"><small>(The opposing Leek lost <abbr title="−35/48 pixels">70.9–72.9%</abbr> of its health!)</small><br></div><div class="battle-history"><small>The opposing Leek had its energy drained!</small><br></div><div class="spacer battle-history"><br></div><div class="battle-history"><small>The twisted dimensions returned to normal!</small><br></div><div class="spacer battle-history"><br></div><h2 class="battle-history">Turn 6</h2><div class="chat chatmessage-h2opulse"><strong style="color:#6e8c2b"><small>☆</small><span class="username" data-name="H2OPulse">H2OPulse</span>:</strong> <em>O w</em></div><div class="chat chatmessage-inkbug1 mine"><strong style="color:#e46e0f"><small>☆</small><span class="username" data-name="inkbug1">inkbug1</span>:</strong> <em>it still has so many stats i dont know why i-</em></div><div class="chat chatmessage-timetochill"><strong style="color:#338e9e"><small>+</small><span class="username" data-name="time to chill">time to chill</span>:</strong> <em>but now, it can attack after its ally dragapult and can avoid 2hko from urshifu-s</em></div><div class="chat chatmessage-inkbug1 mine"><strong style="color:#e46e0f"><small>☆</small><span class="username" data-name="inkbug1">inkbug1</span>:</strong> <em>omg </em></div><div class="spacer battle-history"><br></div><div class="battle-history">Kricketune, come back!<br></div><div class="battle-history">Go! <strong>Basculegion</strong>!<br></div><div class="spacer battle-history"><br></div><div class="battle-history">The opposing Leek used <strong>Sleep Powder</strong>!<br></div><div class="battle-history"><small>Wyrdeer fell asleep!</small><br></div><div class="spacer battle-history"><br></div><div class="battle-history">The opposing Myrrh used <strong>Heat Wave</strong>!<br></div><div class="battle-history"><small>It's not very effective on Basculegion.</small><br></div><div class="battle-history"><small>(Basculegion lost <abbr title="−63/195">32.3%</abbr> of its health!)</small><br></div><div class="battle-history"><small>(Wyrdeer lost <abbr title="−81/210">38.6%</abbr> of its health!)</small><br></div><div class="spacer battle-history"><br></div><div class="battle-history">Wyrdeer is fast asleep.<br></div><div class="spacer battle-history"><br></div><h2 class="battle-history">Turn 7</h2><div class="chat chatmessage-h2opulse"><strong style="color:#6e8c2b"><small>☆</small><span class="username" data-name="H2OPulse">H2OPulse</span>:</strong> <em>Ohh that's bad</em></div><div class="chat chatmessage-timetochill"><strong style="color:#338e9e"><small>+</small><span class="username" data-name="time to chill">time to chill</span>:</strong> <em>quick guard and mat block for easing dance strategies</em></div><div class="spacer battle-history"><br></div><div class="battle-history">The opposing Myrrh used <strong>Protect</strong>!<br></div><div class="battle-history"><small>The opposing Myrrh protected itself!</small><br></div><div class="spacer battle-history"><br></div><div class="battle-history">Basculegion used <strong>Wave Crash</strong>!<br></div><div class="battle-history"><small>The opposing Myrrh protected itself!</small><br></div><div class="spacer battle-history"><br></div><div class="battle-history">The opposing Leek used <strong>Leaf Blade</strong>!<br></div><div class="battle-history"><small>It's super effective!</small><br></div><div class="battle-history"><small>(Basculegion lost <abbr title="−132/195">67.7%</abbr> of its health!)</small><br></div><div class="battle-history"><small>The opposing Leek lost some of its HP!</small><br></div><div class="spacer battle-history"><br></div><div class="battle-history">Basculegion fainted!<br></div><div class="battle-history">Wyrdeer is fast asleep.<br></div><div class="chat chatmessage-inkbug1 mine"><strong style="color:#e46e0f"><small>☆</small><span class="username" data-name="inkbug1">inkbug1</span>:</strong> <em>oh right it gets those</em></div><div class="chat"><small>+time to chill left</small></div><div class="chat chatmessage-inkbug1 mine"><strong style="color:#e46e0f"><small>☆</small><span class="username" data-name="inkbug1">inkbug1</span>:</strong> <em>ow</em></div><div class="chat chatmessage-h2opulse"><strong style="color:#6e8c2b"><small>☆</small><span class="username" data-name="H2OPulse">H2OPulse</span>:</strong> <em>BREATHes</em></div><div class="chat chatmessage-h2opulse"><strong style="color:#6e8c2b"><small>☆</small><span class="username" data-name="H2OPulse">H2OPulse</span>:</strong> <em>okay--</em></div><div class="chat"><small>+time to chill joined</small></div><div class="spacer battle-history"><br></div><div class="battle-history">Go! Avalugg (<strong>Avalugg-Hisui</strong>)!<br></div><div class="spacer battle-history"><br></div><h2 class="battle-history">Turn 8</h2><div class="spacer battle-history"><br></div><div class="battle-history">Avalugg used <strong>Protect</strong>!<br></div><div class="battle-history"><small>Avalugg protected itself!</small><br></div><div class="spacer battle-history"><br></div><div class="battle-history">The opposing Leek used <strong>Close Combat</strong>!<br></div><div class="battle-history"><small>Avalugg protected itself!</small><br></div><div class="spacer battle-history"><br></div><div class="battle-history">The opposing Myrrh used <strong>Heat Wave</strong>!<br></div><div class="battle-history"><small>Avalugg protected itself!</small><br></div><div class="battle-history"><small>(Wyrdeer lost <abbr title="−90/210">42.9%</abbr> of its health!)</small><br></div><div class="battle-history"><small>(Wyrdeer ate its Sitrus Berry!)</small><br></div><div class="battle-history"><small>Wyrdeer restored HP using its Sitrus Berry!</small><br></div><div class="spacer battle-history"><br></div><div class="battle-history">Wyrdeer is fast asleep.<br></div><div class="spacer battle-history"><br></div><h2 class="battle-history">Turn 9</h2><div class="spacer battle-history"><br></div><div class="battle-history">The opposing Leek used <strong>Close Combat</strong>!<br></div><div class="battle-history"><small>It's super effective!</small><br></div><div class="battle-history">[Avalugg's Sturdy]<br><small>Avalugg endured the hit!</small><br></div><div class="battle-history"><small>(Avalugg lost <abbr title="−200/201">99.5%</abbr> of its health!)</small><br></div><div class="battle-history"><small>The opposing Leek's Defense fell!</small><br></div><div class="battle-history"><small>The opposing Leek's Sp. Def fell!</small><br></div><div class="battle-history"><small>(Avalugg used its Weakness Policy!)</small><br></div><div class="battle-history"><small>The Weakness Policy sharply raised Avalugg's Attack!</small><br></div><div class="battle-history"><small>The Weakness Policy sharply raised Avalugg's Sp. Atk!</small><br></div><div class="battle-history"><small>The opposing Leek lost some of its HP!</small><br></div><div class="spacer battle-history"><br></div><div class="battle-history">The opposing Myrrh used <strong>Heat Wave</strong>!<br></div><div class="battle-history"><small>A critical hit on Wyrdeer!</small><br></div><div class="battle-history"><small>(Avalugg lost <abbr title="−1/201">0.5%</abbr> of its health!)</small><br></div><div class="battle-history"><small>(Wyrdeer lost <abbr title="−91/210">43.3%</abbr> of its health!)</small><br></div><div class="spacer battle-history"><br></div><div class="battle-history">Avalugg fainted!<br></div><div class="battle-history">Wyrdeer fainted!<br></div><div class="chat chatmessage-h2opulse"><strong style="color:#6e8c2b"><small>☆</small><span class="username" data-name="H2OPulse">H2OPulse</span>:</strong> <em>STURDY WP I JUST GOT THAT</em></div><div class="chat chatmessage-inkbug1 mine"><strong style="color:#e46e0f"><small>☆</small><span class="username" data-name="inkbug1">inkbug1</span>:</strong> <em>gamers press f</em></div><div class="chat chatmessage-inkbug1 mine"><strong style="color:#e46e0f"><small>☆</small><span class="username" data-name="inkbug1">inkbug1</span>:</strong> <em>i also just got that i did not look at its ability until right then </em></div><div class="chat chatmessage-h2opulse"><strong style="color:#6e8c2b"><small>☆</small><span class="username" data-name="H2OPulse">H2OPulse</span>:</strong> <em>I am so-- oh gosh the crit mattered too</em></div><div class="chat chatmessage-h2opulse"><strong style="color:#6e8c2b"><small>☆</small><span class="username" data-name="H2OPulse">H2OPulse</span>:</strong> <em>msdnfhg</em></div><div class="chat chatmessage-inkbug1 mine"><strong style="color:#e46e0f"><small>☆</small><span class="username" data-name="inkbug1">inkbug1</span>:</strong> <em>im very smart </em></div><div class="spacer battle-history"><br></div><div class="battle-history">Go! <strong>Kricketune</strong>!<br></div><div class="spacer battle-history"><br></div><h2 class="battle-history">Turn 10</h2><div class="chat chatmessage-timetochill"><strong style="color:#338e9e"><small>+</small><span class="username" data-name="time to chill">time to chill</span>:</strong> <em>i have a team with custap berry avalugg x)</em></div><div class="chat chatmessage-h2opulse"><strong style="color:#6e8c2b"><small>☆</small><span class="username" data-name="H2OPulse">H2OPulse</span>:</strong> <em>it took three turns of sleep and a crit but</em></div><div class="chat chatmessage-timetochill"><strong style="color:#338e9e"><small>+</small><span class="username" data-name="time to chill">time to chill</span>:</strong> <em>wonder how that would have worked</em></div><div class="chat chatmessage-h2opulse"><strong style="color:#6e8c2b"><small>☆</small><span class="username" data-name="H2OPulse">H2OPulse</span>:</strong> <em>CUSTAP AVALUGG?? THAT'S AMAZING</em></div><div class="chat chatmessage-inkbug1 mine"><strong style="color:#e46e0f"><small>☆</small><span class="username" data-name="inkbug1">inkbug1</span>:</strong> <em>oh that rules</em></div><div class="spacer battle-history"><br></div><div class="battle-history">The opposing Leek used <strong>Sleep Powder</strong>!<br></div><div class="battle-history"><small>Kricketune fell asleep!</small><br></div><div class="spacer battle-history"><br></div><div class="battle-history">Kricketune is fast asleep.<br></div><div class="spacer battle-history"><br></div><div class="battle-history">The opposing Myrrh used <strong>Heat Wave</strong>!<br></div><div class="battle-history"><small>It's super effective!</small><br></div><div class="battle-history"><small>(Kricketune lost <abbr title="−183/183">100%</abbr> of its health!)</small><br></div><div class="spacer battle-history"><br></div><div class="battle-history">Kricketune fainted!<br></div><div class="spacer battle-history"><br></div><div class="battle-history"><strong>H2OPulse</strong> won the battle!<br></div><div class="chat chatmessage-inkbug1 mine"><strong style="color:#e46e0f"><small>☆</small><span class="username" data-name="inkbug1">inkbug1</span>:</strong> <em>dont kill me challenge</em></div><div class="chat chatmessage-inkbug1 mine"><strong style="color:#e46e0f"><small>☆</small><span class="username" data-name="inkbug1">inkbug1</span>:</strong> <em>dammit</em></div><div class="chat chatmessage-h2opulse"><strong style="color:#6e8c2b"><small>☆</small><span class="username" data-name="H2OPulse">H2OPulse</span>:</strong> <em>Kjhsdf</em></div><div class="chat chatmessage-inkbug1 mine"><strong style="color:#e46e0f"><small>☆</small><span class="username" data-name="inkbug1">inkbug1</span>:</strong> <em>gg jhgsf</em></div><div class="chat chatmessage-h2opulse"><strong style="color:#6e8c2b"><small>☆</small><span class="username" data-name="H2OPulse">H2OPulse</span>:</strong> <em>Man that was so much hax--</em></div><div class="chat chatmessage-h2opulse"><strong style="color:#6e8c2b"><small>☆</small><span class="username" data-name="H2OPulse">H2OPulse</span>:</strong> <em>I am so sorry ajsdhfg</em></div></div><div class="inner-preempt message-log"></div></div></div>
</div>
<script>
let daily = Math.floor(Date.now()/1000/60/60/24);document.write('<script src="https://dragonheaven.herokuapp.com/js/replay-embed.js?version'+daily+'"></'+'script>');
</script>
