<!DOCTYPE html>
<meta charset="utf-8" />
<!-- version 1 -->
<title>[Gen 8] M4A Sandbox replay: inkbug1 vs. H2OPulse</title>
<style>
html,body {font-family:Verdana, sans-serif;font-size:10pt;margin:0;padding:0;}body{padding:12px 0;} .battle-log {font-family:Verdana, sans-serif;font-size:10pt;} .battle-log-inline {border:1px solid #AAAAAA;background:#EEF2F5;color:black;max-width:640px;margin:0 auto 80px;padding-bottom:5px;} .battle-log .inner {padding:4px 8px 0px 8px;} .battle-log .inner-preempt {padding:0 8px 4px 8px;} .battle-log .inner-after {margin-top:0.5em;} .battle-log h2 {margin:0.5em -8px;padding:4px 8px;border:1px solid #AAAAAA;background:#E0E7EA;border-left:0;border-right:0;font-family:Verdana, sans-serif;font-size:13pt;} .battle-log .chat {vertical-align:middle;padding:3px 0 3px 0;font-size:8pt;} .battle-log .chat strong {color:#40576A;} .battle-log .chat em {padding:1px 4px 1px 3px;color:#000000;font-style:normal;} .chat.mine {background:rgba(0,0,0,0.05);margin-left:-8px;margin-right:-8px;padding-left:8px;padding-right:8px;} .spoiler {color:#BBBBBB;background:#BBBBBB;padding:0px 3px;} .spoiler:hover, .spoiler:active, .spoiler-shown {color:#000000;background:#E2E2E2;padding:0px 3px;} .spoiler a {color:#BBBBBB;} .spoiler:hover a, .spoiler:active a, .spoiler-shown a {color:#2288CC;} .chat code, .chat .spoiler:hover code, .chat .spoiler:active code, .chat .spoiler-shown code {border:1px solid #C0C0C0;background:#EEEEEE;color:black;padding:0 2px;} .chat .spoiler code {border:1px solid #CCCCCC;background:#CCCCCC;color:#CCCCCC;} .battle-log .rated {padding:3px 4px;} .battle-log .rated strong {color:white;background:#89A;padding:1px 4px;border-radius:4px;} .spacer {margin-top:0.5em;} .message-announce {background:#6688AA;color:white;padding:1px 4px 2px;} .message-announce a, .broadcast-green a, .broadcast-blue a, .broadcast-red a {color:#DDEEFF;} .broadcast-green {background-color:#559955;color:white;padding:2px 4px;} .broadcast-blue {background-color:#6688AA;color:white;padding:2px 4px;} .infobox {border:1px solid #6688AA;padding:2px 4px;} .infobox-limited {max-height:200px;overflow:auto;overflow-x:hidden;} .broadcast-red {background-color:#AA5544;color:white;padding:2px 4px;} .message-learn-canlearn {font-weight:bold;color:#228822;text-decoration:underline;} .message-learn-cannotlearn {font-weight:bold;color:#CC2222;text-decoration:underline;} .message-effect-weak {font-weight:bold;color:#CC2222;} .message-effect-resist {font-weight:bold;color:#6688AA;} .message-effect-immune {font-weight:bold;color:#666666;} .message-learn-list {margin-top:0;margin-bottom:0;} .message-throttle-notice, .message-error {color:#992222;} .message-overflow, .chat small.message-overflow {font-size:0pt;} .message-overflow::before {font-size:9pt;content:'...';} .subtle {color:#3A4A66;}
</style>
<div class="wrapper replay-wrapper" style="max-width:1180px;margin:0 auto">
<input type="hidden" name="replayid" value="dragonheaven-gen8m4asandbox-66-8fmwdzqh7g554ovwucok8ntu08ktlolpw" />
<div class="battle"></div><div class="battle-log"></div><div class="replay-controls"></div><div class="replay-controls-2"></div>
<h1 style="font-weight:normal;text-align:center"><strong>[Gen 8] M4A Sandbox</strong><br /><a href="http://pokemonshowdown.com/users/inkbug1" class="subtle" target="_blank">inkbug1</a> vs. <a href="http://pokemonshowdown.com/users/h2opulse" class="subtle" target="_blank">H2OPulse</a></h1>
<script type="text/plain" class="battle-log-data">|raw|<div class="broadcast-red"><strong>This battle is invite-only!<\/strong><br \/>Users must be invited with <code>\/invite<\/code> (or be staff) to join<\/div>
|j|☆inkbug1

|j|☆H2OPulse
|t:|1645251179
|player|p1|inkbug1|burgh|
|player|p2|H2OPulse|aetherfoundation|
|teamsize|p1|6
|teamsize|p2|6
|gametype|singles
|gen|8
|tier|[Gen 8] M4A Sandbox
|clearpoke
|poke|p1|Zoroark-Hisui, M|
|poke|p1|Regieleki|
|poke|p1|Overqwil, M|
|poke|p1|Tsareena, F|
|poke|p1|Amoonguss, M|
|poke|p1|Inteleon, M|
|poke|p2|Decidueye-Hisui, F|
|poke|p2|Typhlosion-Hisui, M|
|poke|p2|Basculegion, M|
|poke|p2|Bisharp, F|
|poke|p2|Araquanid, M|
|poke|p2|Skuntank, M|
|rule|HP Percentage Mod: HP is shown in percentages
|rule|OHKO Clause: OHKO moves are banned
|rule|Evasion Moves Clause: Evasion moves are banned
|rule|Dynamax Clause: You cannot dynamax
|rule|Sleep Clause Mod: Limit one foe put to sleep
|rule|Freeze Clause Mod: Limit one foe frozen
|raw|<img src="https:\/\/raw.githubusercontent.com\/scoopapa\/DH\/master\/data\/mods\/m4av6\/sprites\/m4a_banner.png" height="65" width="381">
|-message|Welcome to the Megas for All Sandbox!
|-message|This is a custom game format where you can experiment outside of the normal rules.
|-message|Thanks to the incredible KeroseneZanchu, you can even alter a Pokémon's type, stats and Mega form with its nickname!
|-message|You can find the details on how this works here:
|-message|https:\/\/docs.google.com\/document\/d\/1hhF49OIQKot72C30mCzSwxYgb3Ephhm9KCL_nMPrCW0\/
|teampreview
|c|☆H2OPulse|HAHA FEAR
|c|☆H2OPulse|ahem I mean
|c|☆inkbug1|im gonna regret this
|c|☆H2OPulse|good luck and have fun :'D
|c|☆inkbug1|thisis not an amoongus dont worry 
|c|☆inkbug1|i would never
|c|☆H2OPulse|I
|c|☆H2OPulse|I'm
|c|☆H2OPulse|I
|c|☆H2OPulse|I didn't even process the Amoonguss there and was reacting to double Illusion
|c|☆H2OPulse|but now I'm just reminded of the aggressive overuse of double-Illusion + Amoonguss purely for "among us" jokes and now I'm
|c|☆H2OPulse|okay
|c|☆inkbug1|SDFGSDFG 
|c|☆inkbug1|DID PPL DO THAT 
|c|☆inkbug1|im so sorry
|c|☆H2OPulse|yeah :'D
|
|t:|1645251278
|start
|switch|p1a: Zelus|Inteleon, M|281\/281
|switch|p2a: Erica|Decidueye-Hisui, F|100\/100
|-start|p2a: Erica|typechange|Grass\/Fighting|[silent]
|raw|<ul class="utilichart"><li class="result"><span class="col pokemonnamecol" style="white-space: nowrap">Decidueye-Hisui<\/span> <span class="col typecol"><img src="https:\/\/play.pokemonshowdown.com\/sprites\/types\/Grass.png" alt="Grass" height="14" width="32"><img src="https:\/\/play.pokemonshowdown.com\/sprites\/types\/Fighting.png" alt="Fighting" height="14" width="32"><\/span><\/li><li style="clear: both"><\/li><\/ul>
|raw|<ul class="utilichart"><li class="result"><span style="float: left ; min-height: 26px"><span class="col statcol"><em>HP<\/em><br>88<\/span> <span class="col statcol"><em>Atk<\/em><br>112<\/span> <span class="col statcol"><em>Def<\/em><br>80<\/span> <span class="col statcol"><em>SpA<\/em><br>95<\/span> <span class="col statcol"><em>SpD<\/em><br>95<\/span> <span class="col statcol"><em>Spe<\/em><br>60<\/span> <\/span><\/li><li style="clear: both"><\/li><\/ul>
|-start|p2a: Erica|typechange|Grass\/Fighting|[silent]
|turn|1
|
|t:|1645251284
|detailschange|p1a: Zelus|Inteleon-Mega, M
|-mega|p1a: Zelus|Inteleon|Inteleonite
|-start|p1a: Zelus|typechange|Water\/Bug|[silent]
|raw|<ul class="utilichart"><li class="result"><span class="col pokemonnamecol" style="white-space: nowrap">Inteleon-Mega<\/span> <span class="col typecol"><img src="https:\/\/play.pokemonshowdown.com\/sprites\/types\/Water.png" alt="Water" height="14" width="32"><img src="https:\/\/play.pokemonshowdown.com\/sprites\/types\/Bug.png" alt="Bug" height="14" width="32"><\/span> <span style="float: left ; min-height: 26px"><span class="col abilitycol">Illusion<\/span><span class="col abilitycol"><\/span><\/span><span style="float: left ; min-height: 26px"><span class="col statcol"><em>HP<\/em><br>70<\/span> <span class="col statcol"><em>Atk<\/em><br>145<\/span> <span class="col statcol"><em>Def<\/em><br>102<\/span> <span class="col statcol"><em>SpA<\/em><br>85<\/span> <span class="col statcol"><em>SpD<\/em><br>102<\/span> <span class="col statcol"><em>Spe<\/em><br>126<\/span> <\/span><\/li><li style="clear: both"><\/li><\/ul>
|-hint|Inteleon-Mega was submitted by inkbug!
|move|p1a: Zelus|U-turn|p2a: Erica
|-damage|p2a: Erica|65\/100
|
|t:|1645251294
|switch|p1a: Jawbreaker|Overqwil, M|374\/374
|-start|p1a: Jawbreaker|typechange|Dark\/Poison|[silent]
|raw|<ul class="utilichart"><li class="result"><span class="col pokemonnamecol" style="white-space: nowrap">Overqwil<\/span> <span class="col typecol"><img src="https:\/\/play.pokemonshowdown.com\/sprites\/types\/Dark.png" alt="Dark" height="14" width="32"><img src="https:\/\/play.pokemonshowdown.com\/sprites\/types\/Poison.png" alt="Poison" height="14" width="32"><\/span><\/li><li style="clear: both"><\/li><\/ul>
|raw|<ul class="utilichart"><li class="result"><span style="float: left ; min-height: 26px"><span class="col statcol"><em>HP<\/em><br>85<\/span> <span class="col statcol"><em>Atk<\/em><br>115<\/span> <span class="col statcol"><em>Def<\/em><br>95<\/span> <span class="col statcol"><em>SpA<\/em><br>65<\/span> <span class="col statcol"><em>SpD<\/em><br>65<\/span> <span class="col statcol"><em>Spe<\/em><br>85<\/span> <\/span><\/li><li style="clear: both"><\/li><\/ul>
|-start|p1a: Jawbreaker|typechange|Dark\/Poison|[silent]
|-ability|p1a: Jawbreaker|Intimidate|boost
|-unboost|p2a: Erica|atk|1
|move|p2a: Erica|Roost|p2a: Erica
|-heal|p2a: Erica|100\/100
|-singleturn|p2a: Erica|move: Roost
|
|upkeep
|turn|2
|c|☆inkbug1|ohh god i forgot how much i missed tht things sprite 
|c|☆inkbug1|god 
|c|☆inkbug1|face in hands
|c|☆H2OPulse|YEAH ;_;
|c|☆inkbug1|cool mon
|c|☆H2OPulse|I love Mega Inteleon
|c|☆inkbug1|i have not used this in over a year i think? 
|c|☆H2OPulse|__man you might be right @.@__
|c|☆H2OPulse|\
|
|t:|1645251328
|switch|p2a: Garlick|Skuntank, M|100\/100
|move|p1a: Jawbreaker|Toxic Spikes|p2a: Garlick
|-sidestart|p2: H2OPulse|move: Toxic Spikes
|
|upkeep
|turn|3
|c|☆inkbug1|..., hm
|c|☆inkbug1|uh 
|
|t:|1645251356
|switch|p1a: Sparknado|Regieleki|364\/364
|move|p2a: Garlick|Nasty Plot|p2a: Garlick
|-boost|p2a: Garlick|spa|2
|
|upkeep
|turn|4
|c|☆H2OPulse|aaaa regret I should have defogged I think
|c|☆H2OPulse|I uh
|c|☆H2OPulse|hm
|c|☆H2OPulse|I don't want Erica to be poisoned but he can't live a hit can he
|
|t:|1645251405
|move|p1a: Sparknado|Volt Switch|p2a: Garlick
|-damage|p2a: Garlick|48\/100
|
|t:|1645251411
|switch|p1a: Jawbreaker|Overqwil, M|374\/374
|-start|p1a: Jawbreaker|typechange|Dark\/Poison|[silent]
|-start|p1a: Jawbreaker|typechange|Dark\/Poison|[silent]
|-ability|p1a: Jawbreaker|Intimidate|boost
|-unboost|p2a: Garlick|atk|1
|move|p2a: Garlick|Snarl|p1a: Jawbreaker|[miss]
|-miss|p2a: Garlick|p1a: Jawbreaker
|
|-heal|p2a: Garlick|54\/100|[from] item: Black Sludge
|upkeep
|turn|5
|c|☆H2OPulse|that is not good haha
|c|☆H2OPulse|*not the miss I mean
|c|☆H2OPulse|the 52.2%
|c|☆H2OPulse|that's a lot
|c|☆inkbug1|fair, 
|
|t:|1645251447
|switch|p2a: Sword Lily|Bisharp, F|100\/100
|move|p1a: Jawbreaker|Aqua Tail|p2a: Sword Lily
|-damage|p2a: Sword Lily|56\/100
|
|upkeep
|turn|6
|c|☆H2OPulse|the miss was fine that wasn't gonna do anything :'D
|
|t:|1645251455
|move|p1a: Jawbreaker|Aqua Tail|p2a: Sword Lily
|-damage|p2a: Sword Lily|8\/100
|move|p2a: Sword Lily|Iron Head|p1a: Jawbreaker
|-damage|p1a: Jawbreaker|236\/374
|
|upkeep
|turn|7
|
|t:|1645251463
|switch|p2a: Spilly|Araquanid, M|100\/100
|move|p1a: Jawbreaker|Aqua Tail|p2a: Spilly
|-resisted|p2a: Spilly
|-damage|p2a: Spilly|76\/100
|
|upkeep
|turn|8
|
|t:|1645251473
|switch|p1a: *ph072096085081109|Amoonguss, M|431\/431
|-start|p1a: *ph072096085081109|typechange|Poison\/Fighting|[silent]
|raw|<ul class="utilichart"><li class="result"><span class="col pokemonnamecol" style="white-space: nowrap">Amoonguss<\/span> <span class="col typecol"><img src="https:\/\/play.pokemonshowdown.com\/sprites\/types\/Grass.png" alt="Grass" height="14" width="32"><img src="https:\/\/play.pokemonshowdown.com\/sprites\/types\/Poison.png" alt="Poison" height="14" width="32"><\/span> <span style="float: left ; min-height: 26px"><span class="col abilitycol">Effect Spore \/ Regenerator<\/span><span class="col abilitycol"><\/span><\/span><\/li><li style="clear: both"><\/li><\/ul>
|raw|<ul class="utilichart"><li class="result"><span style="float: left ; min-height: 26px"><span class="col statcol"><em>HP<\/em><br>114<\/span> <span class="col statcol"><em>Atk<\/em><br>85<\/span> <span class="col statcol"><em>Def<\/em><br>70<\/span> <span class="col statcol"><em>SpA<\/em><br>85<\/span> <span class="col statcol"><em>SpD<\/em><br>80<\/span> <span class="col statcol"><em>Spe<\/em><br>30<\/span> <\/span><\/li><li style="clear: both"><\/li><\/ul>
|-start|p1a: *ph072096085081109|typechange|Poison\/Fighting|[silent]
|-ability|p1a: *ph072096085081109|Water Bubble|[from] ability: Trace|[of] p2a: Spilly
|move|p2a: Spilly|Leech Life|p1a: *ph072096085081109
|-resisted|p1a: *ph072096085081109
|-damage|p1a: *ph072096085081109|404\/431
|-heal|p2a: Spilly|80\/100|[from] drain|[of] p1a: *ph072096085081109
|-damage|p2a: Spilly|64\/100|[from] item: Rocky Helmet|[of] p1a: *ph072096085081109
|
|upkeep
|-start|p1a: *ph072096085081109|typechange|Poison\/Fighting|[silent]
|turn|9
|c|☆H2OPulse|OHHHH NEUROBOXIN
|c|☆H2OPulse|I WAS WONDERING WHAT HAD 114 HP OH MY HECK
|c|☆H2OPulse|OKAY
|c|☆H2OPulse|F U N
|
|t:|1645251493
|move|p1a: *ph072096085081109|Knock Off|p2a: Spilly
|-damage|p2a: Spilly|43\/100
|-enditem|p2a: Spilly|Heavy-Duty Boots|[from] move: Knock Off|[of] p1a: *ph072096085081109
|move|p2a: Spilly|Liquidation|p1a: *ph072096085081109
|-damage|p1a: *ph072096085081109|193\/431
|-damage|p2a: Spilly|26\/100|[from] item: Rocky Helmet|[of] p1a: *ph072096085081109
|
|upkeep
|turn|10
|c|☆inkbug1|the gangs all here 
|c|☆inkbug1|its like a greatest hits album
|c|☆H2OPulse|y e s s s
|c|☆H2OPulse|uhhhhhhhh I do not know what to do thoug hksdfjgk
|c|☆inkbug1|asdasd
|
|t:|1645251538
|switch|p2a: Sword Lily|Bisharp, F|8\/100
|move|p1a: *ph072096085081109|U-turn|p2a: Sword Lily
|-damage|p2a: Sword Lily|0 fnt
|faint|p2a: Sword Lily
|c|☆inkbug1|wow really? 
|c|☆inkbug1|ok
|c|☆inkbug1|mmm i made a change to one of these sets tht 
|c|☆inkbug1|did not register in the challenge which is fair but a shame
|c|☆H2OPulse|Ooff fair
|
|t:|1645251582
|switch|p1a: Eloise|Tsareena, F|281\/281
|
|upkeep
|
|t:|1645251585
|switch|p2a: Garlick|Skuntank, M|54\/100
|-sideend|p2: H2OPulse|move: Toxic Spikes|[of] p2a: Garlick
|turn|11
|
|t:|1645251597
|switch|p2a: Erica|Decidueye-Hisui, F|100\/100
|-start|p2a: Erica|typechange|Grass\/Fighting|[silent]
|-start|p2a: Erica|typechange|Grass\/Fighting|[silent]
|move|p1a: Eloise|Swords Dance|p1a: Eloise
|-boost|p1a: Eloise|atk|2
|
|upkeep
|turn|12
|c|☆H2OPulse|okay......
|
|t:|1645251607
|move|p1a: Eloise|Fell Stinger|p2a: Erica
|-damage|p2a: Erica|48\/100
|move|p2a: Erica|Leaf Blade|p1a: Eloise
|-crit|p1a: Eloise
|-damage|p1a: Eloise|122\/281
|replace|p1a: Zelus|Inteleon-Mega, M
|-end|p1a: Zelus|Illusion
|-end|p1a: Zelus|typechange|[silent]
|-start|p1a: Zelus|typechange|Water\/Bug|[silent]
|-end|p1a: Zelus|typechange|[silent]
|
|upkeep
|turn|13
|c|☆H2OPulse|O w
|
|t:|1645251624
|move|p1a: Zelus|Fell Stinger|p2a: Erica
|-damage|p2a: Erica|0 fnt
|-boost|p1a: Zelus|atk|3
|faint|p2a: Erica
|
|upkeep
|
|t:|1645251627
|switch|p2a: Miso|Basculegion, M|100\/100
|-start|p2a: Miso|typechange|Water\/Ghost|[silent]
|raw|<ul class="utilichart"><li class="result"><span class="col pokemonnamecol" style="white-space: nowrap">Basculegion<\/span> <span class="col typecol"><img src="https:\/\/play.pokemonshowdown.com\/sprites\/types\/Water.png" alt="Water" height="14" width="32"><img src="https:\/\/play.pokemonshowdown.com\/sprites\/types\/Ghost.png" alt="Ghost" height="14" width="32"><\/span><\/li><li style="clear: both"><\/li><\/ul>
|raw|<ul class="utilichart"><li class="result"><span style="float: left ; min-height: 26px"><span class="col statcol"><em>HP<\/em><br>120<\/span> <span class="col statcol"><em>Atk<\/em><br>112<\/span> <span class="col statcol"><em>Def<\/em><br>65<\/span> <span class="col statcol"><em>SpA<\/em><br>80<\/span> <span class="col statcol"><em>SpD<\/em><br>75<\/span> <span class="col statcol"><em>Spe<\/em><br>78<\/span> <\/span><\/li><li style="clear: both"><\/li><\/ul>
|-start|p2a: Miso|typechange|Water\/Ghost|[silent]
|turn|14
|c|☆H2OPulse|uhhhhhhhhh I think I lose right
|c|☆inkbug1|"atk: 1361" 
|c|☆H2OPulse|I did not handle this well at All :'D
|c|☆H2OPulse|HAHA
|c|☆inkbug1|idk i dont think he can live 1
|
|t:|1645251657
|move|p2a: Miso|Wave Crash||[still]
|-anim|p2a: Miso|Waterfall|p1a: Zelus
|-resisted|p1a: Zelus
|-damage|p1a: Zelus|16\/281
|-end|p1a: Zelus|typechange|[silent]
|-start|p1a: Zelus|typechange|Water\/Bug|[silent]
|-end|p1a: Zelus|typechange|[silent]
|-damage|p2a: Miso|91\/100|[from] Recoil
|move|p1a: Zelus|U-turn|p2a: Miso
|-resisted|p2a: Miso
|-damage|p2a: Miso|1\/100
|c|☆inkbug1|damn ok
|c|☆inkbug1|ASDASDA 
|c|☆H2OPulse|KFDHJKG
|c|☆inkbug1|NICE 
|c|☆H2OPulse|CACKLING
|c|☆H2OPulse|okay
|
|t:|1645251675
|switch|p1a: *ph072096085081109|Amoonguss, M|193\/431
|-start|p1a: *ph072096085081109|typechange|Poison\/Fighting|[silent]
|-start|p1a: *ph072096085081109|typechange|Poison\/Fighting|[silent]
|-ability|p1a: *ph072096085081109|Adaptability|[from] ability: Trace|[of] p2a: Miso
|
|upkeep
|-start|p1a: *ph072096085081109|typechange|Poison\/Fighting|[silent]
|turn|15
|c|☆H2OPulse|Good game in any case :'D
|c|☆H2OPulse|Oh fear
|c|☆inkbug1|uhh didnt think that through i die to this 
|c|☆inkbug1|hm
|
|t:|1645251698
|switch|p1a: Jawbreaker|Overqwil, M|236\/374
|-start|p1a: Jawbreaker|typechange|Dark\/Poison|[silent]
|-start|p1a: Jawbreaker|typechange|Dark\/Poison|[silent]
|-ability|p1a: Jawbreaker|Intimidate|boost
|-unboost|p2a: Miso|atk|1
|move|p2a: Miso|Wave Crash||[still]
|-fail|p2a: Miso
|
|upkeep
|turn|16
|
|t:|1645251705
|move|p2a: Miso|Liquidation|p1a: Jawbreaker
|-damage|p1a: Jawbreaker|90\/374
|move|p1a: Jawbreaker|Barb Barrage||[still]
|-anim|p1a: Jawbreaker|Poison Sting|p2a: Miso
|-resisted|p2a: Miso
|-damage|p2a: Miso|0 fnt
|faint|p2a: Miso
|
|upkeep
|
|t:|1645251713
|switch|p2a: *xx134078135103111|Typhlosion-Hisui, M|100\/100
|-start|p2a: *xx134078135103111|typechange|Fire\/Ghost|[silent]
|raw|<ul class="utilichart"><li class="result"><span class="col pokemonnamecol" style="white-space: nowrap">Typhlosion-Hisui<\/span> <span class="col typecol"><img src="https:\/\/play.pokemonshowdown.com\/sprites\/types\/Fire.png" alt="Fire" height="14" width="32"><img src="https:\/\/play.pokemonshowdown.com\/sprites\/types\/Ghost.png" alt="Ghost" height="14" width="32"><\/span> <span style="float: left ; min-height: 26px"><span class="col abilitycol">Blaze \/ Flash Fire<\/span><span class="col abilitycol"><\/span><\/span><\/li><li style="clear: both"><\/li><\/ul>
|raw|<ul class="utilichart"><li class="result"><span style="float: left ; min-height: 26px"><span class="col statcol"><em>HP<\/em><br>73<\/span> <span class="col statcol"><em>Atk<\/em><br>84<\/span> <span class="col statcol"><em>Def<\/em><br>78<\/span> <span class="col statcol"><em>SpA<\/em><br>119<\/span> <span class="col statcol"><em>SpD<\/em><br>85<\/span> <span class="col statcol"><em>Spe<\/em><br>95<\/span> <\/span><\/li><li style="clear: both"><\/li><\/ul>
|-start|p2a: *xx134078135103111|typechange|Fire\/Ghost|[silent]
|turn|17
|
|t:|1645251717
|switch|p1a: *ph072096085081109|Amoonguss, M|193\/431
|-start|p1a: *ph072096085081109|typechange|Poison\/Fighting|[silent]
|-start|p1a: *ph072096085081109|typechange|Poison\/Fighting|[silent]
|-ability|p1a: *ph072096085081109|Flash Fire|[from] ability: Trace|[of] p2a: *xx134078135103111
|detailschange|p2a: *xx134078135103111|Typhlosion-Hisui-Mega, M
|-mega|p2a: *xx134078135103111|Typhlosion-Hisui|
|-start|p2a: *xx134078135103111|typechange|Fire\/Ghost|[silent]
|raw|<ul class="utilichart"><li class="result"><span class="col pokemonnamecol" style="white-space: nowrap">Typhlosion-Hisui-Mega<\/span> <span class="col typecol"><img src="https:\/\/play.pokemonshowdown.com\/sprites\/types\/Fire.png" alt="Fire" height="14" width="32"><img src="https:\/\/play.pokemonshowdown.com\/sprites\/types\/Ghost.png" alt="Ghost" height="14" width="32"><\/span> <span style="float: left ; min-height: 26px"><span class="col abilitycol">berserk<\/span><span class="col abilitycol"><\/span><\/span><span style="float: left ; min-height: 26px"><span class="col statcol"><em>HP<\/em><br>73<\/span> <span class="col statcol"><em>Atk<\/em><br>134<\/span> <span class="col statcol"><em>Def<\/em><br>078<\/span> <span class="col statcol"><em>SpA<\/em><br>135<\/span> <span class="col statcol"><em>SpD<\/em><br>103<\/span> <span class="col statcol"><em>Spe<\/em><br>111<\/span> <\/span><\/li><li style="clear: both"><\/li><\/ul>
|move|p2a: *xx134078135103111|Eruption|p1a: *ph072096085081109
|-start|p1a: *ph072096085081109|ability: Flash Fire
|
|upkeep
|-start|p1a: *ph072096085081109|typechange|Poison\/Fighting|[silent]
|turn|18
|c|☆H2OPulse|OOF
|c|☆H2OPulse|I see
|c|☆H2OPulse|okay
|
|t:|1645251730
|move|p2a: *xx134078135103111|Infernal Parade||[still]
|-anim|p2a: *xx134078135103111|Will-o-Wisp|p1a: *ph072096085081109
|-damage|p1a: *ph072096085081109|55\/431
|move|p1a: *ph072096085081109|Knock Off|p2a: *xx134078135103111
|-supereffective|p2a: *xx134078135103111
|-damage|p2a: *xx134078135103111|64\/100
|
|upkeep
|turn|19
|
|t:|1645251739
|move|p2a: *xx134078135103111|Infernal Parade||[still]
|-anim|p2a: *xx134078135103111|Will-o-Wisp|p1a: *ph072096085081109
|-damage|p1a: *ph072096085081109|0 fnt
|faint|p1a: *ph072096085081109
|
|upkeep
|c|☆inkbug1|worth a shot
|
|t:|1645251750
|switch|p1a: Sparknado|Regieleki|364\/364
|turn|20
|
|t:|1645251758
|move|p1a: Sparknado|Thunderbolt|p2a: *xx134078135103111
|-damage|p2a: *xx134078135103111|9\/100
|-ability|p2a: *xx134078135103111|Berserk|boost
|-boost|p2a: *xx134078135103111|spa|1
|move|p2a: *xx134078135103111|Eruption|p1a: Sparknado
|-damage|p1a: Sparknado|312\/364
|
|upkeep
|turn|21
|c|☆H2OPulse|whyyyyy did I do
|c|☆inkbug1|there is something so fucking funny a
|c|☆H2OPulse|that
|c|☆H2OPulse|uh
|c|☆inkbug1|asdaks 
|c|☆H2OPulse|my brain doesn't Always work
|c|☆H2OPulse|__oh I would have one-hit KOed with Overheat I think we established this kdjfhgh__
|c|☆inkbug1|i like. had to process for a sec why that didnt do anything
|c|☆H2OPulse|regre t
|c|☆H2OPulse|ahem uh!!! Good game :'D
|c|☆inkbug1|i was like wait hold on did i invest in spdef when i wasnt looking
|c|☆inkbug1|but no, 
|
|t:|1645251807
|move|p1a: Sparknado|Thunderbolt|p2a: *xx134078135103111
|-damage|p2a: *xx134078135103111|0 fnt
|faint|p2a: *xx134078135103111
|
|upkeep
|
|t:|1645251810
|switch|p2a: Garlick|Skuntank, M|54\/100
|turn|22
|c|☆inkbug1|there is something so fucking funny abt the 111 speed its like a new era of counterteaming 
|
|t:|1645251818
|move|p1a: Sparknado|Thunderbolt|p2a: Garlick
|-damage|p2a: Garlick|0 fnt
|faint|p2a: Garlick
|
|upkeep
|
|t:|1645251822
|switch|p2a: Spilly|Araquanid, M|26\/100
|turn|23
|c|☆H2OPulse|y e a h
|c|☆H2OPulse|Good game :'D
|c|☆inkbug1|gg! 
|
|t:|1645251833
|move|p1a: Sparknado|Thunderbolt|p2a: Spilly
|-supereffective|p2a: Spilly
|-damage|p2a: Spilly|0 fnt
|faint|p2a: Spilly
|
|win|inkbug1
|c|☆H2OPulse|This is such a cool team I'm in love</script>
</div>
<div class="battle-log battle-log-inline"><div class="inner"><div class="battle-options"><div style="padding-top: 3px; padding-right: 3px; text-align: right"><button class="icon button" name="openBattleOptions" title="Options">Battle Options</button></div></div><div class="inner message-log"><div class="chat"><div class="broadcast-red"><strong>This battle is invite-only!</strong><br>Users must be invited with <code>/invite</code> (or be staff) to join</div></div><div class="chat"><small>☆inkbug1 and ☆H2OPulse joined</small></div><div class=""><small>Format:</small> <br><strong>[Gen 8] M4A Sandbox</strong></div><div class=""><small><em>HP Percentage Mod:</em> HP is shown in percentages</small></div><div class=""><small><em>OHKO Clause:</em> OHKO moves are banned</small></div><div class=""><small><em>Evasion Moves Clause:</em> Evasion moves are banned</small></div><div class=""><small><em>Dynamax Clause:</em> You cannot dynamax</small></div><div class=""><small><em>Sleep Clause Mod:</em> Limit one foe put to sleep</small></div><div class=""><small><em>Freeze Clause Mod:</em> Limit one foe frozen</small></div><div class="chat"><img src="https://raw.githubusercontent.com/scoopapa/DH/master/data/mods/m4av6/sprites/m4a_banner.png" height="65" width="381"></div><div class="spacer battle-history"><br></div><div class="battle-history"><small>Welcome to the Megas for All Sandbox!</small><br></div><div class="battle-history"><small>This is a custom game format where you can experiment outside of the normal rules.</small><br></div><div class="battle-history"><small>Thanks to the incredible KeroseneZanchu, you can even alter a Pokémon's type, stats and Mega form with its nickname!</small><br></div><div class="battle-history"><small>You can find the details on how this works here:</small><br></div><div class="battle-history"><small>https://docs.google.com/document/d/1hhF49OIQKot72C30mCzSwxYgb3Ephhm9KCL_nMPrCW0/</small><br></div><div class="chat battle-history"><strong>inkbug1's team:</strong> <em style="color:#445566;display:block;">Zoroark-Hisui / Regieleki / Overqwil / Tsareena / Amoonguss / Inteleon</em></div><div class="chat battle-history"><strong>H2OPulse's team:</strong> <em style="color:#445566;display:block;">Decidueye-Hisui / Typhlosion-Hisui / Basculegion / Bisharp / Araquanid / Skuntank</em></div><div class="chat chatmessage-h2opulse"><strong style="color:#6e8c2b"><small>☆</small><span class="username" data-name="H2OPulse">H2OPulse</span>:</strong> <em>HAHA FEAR</em></div><div class="chat chatmessage-h2opulse"><strong style="color:#6e8c2b"><small>☆</small><span class="username" data-name="H2OPulse">H2OPulse</span>:</strong> <em>ahem I mean</em></div><div class="chat chatmessage-inkbug1 mine"><strong style="color:#e46e0f"><small>☆</small><span class="username" data-name="inkbug1">inkbug1</span>:</strong> <em>im gonna regret this</em></div><div class="chat chatmessage-h2opulse"><strong style="color:#6e8c2b"><small>☆</small><span class="username" data-name="H2OPulse">H2OPulse</span>:</strong> <em>good luck and have fun :'D</em></div><div class="chat chatmessage-inkbug1 mine"><strong style="color:#e46e0f"><small>☆</small><span class="username" data-name="inkbug1">inkbug1</span>:</strong> <em>thisis not an amoongus dont worry </em></div><div class="chat chatmessage-inkbug1 mine"><strong style="color:#e46e0f"><small>☆</small><span class="username" data-name="inkbug1">inkbug1</span>:</strong> <em>i would never</em></div><div class="chat chatmessage-h2opulse"><strong style="color:#6e8c2b"><small>☆</small><span class="username" data-name="H2OPulse">H2OPulse</span>:</strong> <em>I</em></div><div class="chat chatmessage-h2opulse"><strong style="color:#6e8c2b"><small>☆</small><span class="username" data-name="H2OPulse">H2OPulse</span>:</strong> <em>I'm</em></div><div class="chat chatmessage-h2opulse"><strong style="color:#6e8c2b"><small>☆</small><span class="username" data-name="H2OPulse">H2OPulse</span>:</strong> <em>I</em></div><div class="chat chatmessage-h2opulse"><strong style="color:#6e8c2b"><small>☆</small><span class="username" data-name="H2OPulse">H2OPulse</span>:</strong> <em>I didn't even process the Amoonguss there and was reacting to double Illusion</em></div><div class="chat chatmessage-h2opulse"><strong style="color:#6e8c2b"><small>☆</small><span class="username" data-name="H2OPulse">H2OPulse</span>:</strong> <em>but now I'm just reminded of the aggressive overuse of double-Illusion + Amoonguss purely for "among us" jokes and now I'm</em></div><div class="chat chatmessage-h2opulse"><strong style="color:#6e8c2b"><small>☆</small><span class="username" data-name="H2OPulse">H2OPulse</span>:</strong> <em>okay</em></div><div class="chat chatmessage-inkbug1 mine"><strong style="color:#e46e0f"><small>☆</small><span class="username" data-name="inkbug1">inkbug1</span>:</strong> <em>SDFGSDFG </em></div><div class="chat chatmessage-inkbug1 mine"><strong style="color:#e46e0f"><small>☆</small><span class="username" data-name="inkbug1">inkbug1</span>:</strong> <em>DID PPL DO THAT </em></div><div class="chat chatmessage-inkbug1 mine"><strong style="color:#e46e0f"><small>☆</small><span class="username" data-name="inkbug1">inkbug1</span>:</strong> <em>im so sorry</em></div><div class="chat chatmessage-h2opulse"><strong style="color:#6e8c2b"><small>☆</small><span class="username" data-name="H2OPulse">H2OPulse</span>:</strong> <em>yeah :'D</em></div><div class="spacer battle-history"><br></div><div class="battle-history">Battle started between inkbug1 and H2OPulse!<br></div><div class="spacer battle-history"><br></div><div class="battle-history">Go! Zelus (<strong>Inteleon</strong>)!<br></div><div class="spacer battle-history"><br></div><div class="battle-history">H2OPulse sent out Erica (<strong>Decidueye-Hisui</strong>)!<br></div><div class="chat"><ul class="utilichart"><li class="result"><span class="col pokemonnamecol" style="white-space: nowrap">Decidueye-Hisui</span> <span class="col typecol"><img src="https://play.pokemonshowdown.com/sprites/types/Grass.png" alt="Grass" height="14" width="32"><img src="https://play.pokemonshowdown.com/sprites/types/Fighting.png" alt="Fighting" height="14" width="32"></span></li><li style="clear: both"></li></ul></div><div class="chat"><ul class="utilichart"><li class="result"><span style="float: left ; min-height: 26px"><span class="col statcol"><em>HP</em><br>88</span> <span class="col statcol"><em>Atk</em><br>112</span> <span class="col statcol"><em>Def</em><br>80</span> <span class="col statcol"><em>SpA</em><br>95</span> <span class="col statcol"><em>SpD</em><br>95</span> <span class="col statcol"><em>Spe</em><br>60</span> </span></li><li style="clear: both"></li></ul></div><div class="spacer battle-history"><br></div><h2 class="battle-history">Turn 1</h2><div class="spacer battle-history"><br></div><div class="battle-history"><small>Zelus's Inteleonite is reacting to the Key Stone!</small><br>Zelus has Mega Evolved into Mega Inteleon!<br></div><div class="chat"><ul class="utilichart"><li class="result"><span class="col pokemonnamecol" style="white-space: nowrap">Inteleon-Mega</span> <span class="col typecol"><img src="https://play.pokemonshowdown.com/sprites/types/Water.png" alt="Water" height="14" width="32"><img src="https://play.pokemonshowdown.com/sprites/types/Bug.png" alt="Bug" height="14" width="32"></span> <span style="float: left ; min-height: 26px"><span class="col abilitycol">Illusion</span><span class="col abilitycol"></span></span><span style="float: left ; min-height: 26px"><span class="col statcol"><em>HP</em><br>70</span> <span class="col statcol"><em>Atk</em><br>145</span> <span class="col statcol"><em>Def</em><br>102</span> <span class="col statcol"><em>SpA</em><br>85</span> <span class="col statcol"><em>SpD</em><br>102</span> <span class="col statcol"><em>Spe</em><br>126</span> </span></li><li style="clear: both"></li></ul></div><div class="battle-history"><small>(Inteleon-Mega was submitted by inkbug!)</small><br></div><div class="spacer battle-history"><br></div><div class="battle-history">Zelus used <strong>U-turn</strong>!<br></div><div class="battle-history"><small>(The opposing Erica lost 35% of its health!)</small><br></div><div class="spacer battle-history"><br></div><div class="battle-history">Zelus went back to inkbug1!<br></div><div class="battle-history">Go! Jawbreaker (<strong>Overqwil</strong>)!<br></div><div class="chat"><ul class="utilichart"><li class="result"><span class="col pokemonnamecol" style="white-space: nowrap">Overqwil</span> <span class="col typecol"><img src="https://play.pokemonshowdown.com/sprites/types/Dark.png" alt="Dark" height="14" width="32"><img src="https://play.pokemonshowdown.com/sprites/types/Poison.png" alt="Poison" height="14" width="32"></span></li><li style="clear: both"></li></ul></div><div class="chat"><ul class="utilichart"><li class="result"><span style="float: left ; min-height: 26px"><span class="col statcol"><em>HP</em><br>85</span> <span class="col statcol"><em>Atk</em><br>115</span> <span class="col statcol"><em>Def</em><br>95</span> <span class="col statcol"><em>SpA</em><br>65</span> <span class="col statcol"><em>SpD</em><br>65</span> <span class="col statcol"><em>Spe</em><br>85</span> </span></li><li style="clear: both"></li></ul></div><div class="battle-history">[Jawbreaker's Intimidate]<br></div><div class="battle-history"><small>The opposing Erica's Attack fell!</small><br></div><div class="spacer battle-history"><br></div><div class="battle-history">The opposing Erica used <strong>Roost</strong>!<br></div><div class="battle-history"><small>The opposing Erica had its HP restored.</small><br></div><div class="spacer battle-history"><br></div><h2 class="battle-history">Turn 2</h2><div class="chat chatmessage-inkbug1 mine"><strong style="color:#e46e0f"><small>☆</small><span class="username" data-name="inkbug1">inkbug1</span>:</strong> <em>ohh god i forgot how much i missed tht things sprite </em></div><div class="chat chatmessage-inkbug1 mine"><strong style="color:#e46e0f"><small>☆</small><span class="username" data-name="inkbug1">inkbug1</span>:</strong> <em>god </em></div><div class="chat chatmessage-inkbug1 mine"><strong style="color:#e46e0f"><small>☆</small><span class="username" data-name="inkbug1">inkbug1</span>:</strong> <em>face in hands</em></div><div class="chat chatmessage-h2opulse"><strong style="color:#6e8c2b"><small>☆</small><span class="username" data-name="H2OPulse">H2OPulse</span>:</strong> <em>YEAH ;_;</em></div><div class="chat chatmessage-inkbug1 mine"><strong style="color:#e46e0f"><small>☆</small><span class="username" data-name="inkbug1">inkbug1</span>:</strong> <em>cool mon</em></div><div class="chat chatmessage-h2opulse"><strong style="color:#6e8c2b"><small>☆</small><span class="username" data-name="H2OPulse">H2OPulse</span>:</strong> <em>I love Mega Inteleon</em></div><div class="chat chatmessage-inkbug1 mine"><strong style="color:#e46e0f"><small>☆</small><span class="username" data-name="inkbug1">inkbug1</span>:</strong> <em>i have not used this in over a year i think? </em></div><div class="chat chatmessage-h2opulse"><strong style="color:#6e8c2b"><small>☆</small><span class="username" data-name="H2OPulse">H2OPulse</span>:</strong> <em><i>man you might be right @.@</i></em></div><div class="chat chatmessage-h2opulse"><strong style="color:#6e8c2b"><small>☆</small><span class="username" data-name="H2OPulse">H2OPulse</span>:</strong> <em>\</em></div><div class="spacer battle-history"><br></div><div class="battle-history">H2OPulse withdrew Erica!<br></div><div class="battle-history">H2OPulse sent out Garlick (<strong>Skuntank</strong>)!<br></div><div class="spacer battle-history"><br></div><div class="battle-history">Jawbreaker used <strong>Toxic Spikes</strong>!<br></div><div class="battle-history"><small>Poison spikes were scattered on the ground all around the opposing team!</small><br></div><div class="spacer battle-history"><br></div><h2 class="battle-history">Turn 3</h2><div class="chat chatmessage-inkbug1 mine"><strong style="color:#e46e0f"><small>☆</small><span class="username" data-name="inkbug1">inkbug1</span>:</strong> <em>..., hm</em></div><div class="chat chatmessage-inkbug1 mine"><strong style="color:#e46e0f"><small>☆</small><span class="username" data-name="inkbug1">inkbug1</span>:</strong> <em>uh </em></div><div class="spacer battle-history"><br></div><div class="battle-history">Jawbreaker, come back!<br></div><div class="battle-history">Go! Sparknado (<strong>Regieleki</strong>)!<br></div><div class="spacer battle-history"><br></div><div class="battle-history">The opposing Garlick used <strong>Nasty Plot</strong>!<br></div><div class="battle-history"><small>The opposing Garlick's Sp. Atk rose sharply!</small><br></div><div class="spacer battle-history"><br></div><h2 class="battle-history">Turn 4</h2><div class="chat chatmessage-h2opulse"><strong style="color:#6e8c2b"><small>☆</small><span class="username" data-name="H2OPulse">H2OPulse</span>:</strong> <em>aaaa regret I should have defogged I think</em></div><div class="chat chatmessage-h2opulse"><strong style="color:#6e8c2b"><small>☆</small><span class="username" data-name="H2OPulse">H2OPulse</span>:</strong> <em>I uh</em></div><div class="chat chatmessage-h2opulse"><strong style="color:#6e8c2b"><small>☆</small><span class="username" data-name="H2OPulse">H2OPulse</span>:</strong> <em>hm</em></div><div class="chat chatmessage-h2opulse"><strong style="color:#6e8c2b"><small>☆</small><span class="username" data-name="H2OPulse">H2OPulse</span>:</strong> <em>I don't want Erica to be poisoned but he can't live a hit can he</em></div><div class="spacer battle-history"><br></div><div class="battle-history">Sparknado used <strong>Volt Switch</strong>!<br></div><div class="battle-history"><small>(The opposing Garlick lost 52% of its health!)</small><br></div><div class="spacer battle-history"><br></div><div class="battle-history">Sparknado went back to inkbug1!<br></div><div class="battle-history">Go! Jawbreaker (<strong>Overqwil</strong>)!<br></div><div class="battle-history">[Jawbreaker's Intimidate]<br></div><div class="battle-history"><small>The opposing Garlick's Attack fell!</small><br></div><div class="spacer battle-history"><br></div><div class="battle-history">The opposing Garlick used <strong>Snarl</strong>!<br></div><div class="battle-history"><small>Jawbreaker avoided the attack!</small><br></div><div class="spacer battle-history"><br></div><div class="battle-history"><small>The opposing Garlick restored a little HP using its Black Sludge!</small><br></div><div class="spacer battle-history"><br></div><h2 class="battle-history">Turn 5</h2><div class="chat chatmessage-h2opulse"><strong style="color:#6e8c2b"><small>☆</small><span class="username" data-name="H2OPulse">H2OPulse</span>:</strong> <em>that is not good haha</em></div><div class="chat chatmessage-h2opulse"><strong style="color:#6e8c2b"><small>☆</small><span class="username" data-name="H2OPulse">H2OPulse</span>:</strong> <em>*not the miss I mean</em></div><div class="chat chatmessage-h2opulse"><strong style="color:#6e8c2b"><small>☆</small><span class="username" data-name="H2OPulse">H2OPulse</span>:</strong> <em>the 52.2%</em></div><div class="chat chatmessage-h2opulse"><strong style="color:#6e8c2b"><small>☆</small><span class="username" data-name="H2OPulse">H2OPulse</span>:</strong> <em>that's a lot</em></div><div class="chat chatmessage-inkbug1 mine"><strong style="color:#e46e0f"><small>☆</small><span class="username" data-name="inkbug1">inkbug1</span>:</strong> <em>fair, </em></div><div class="spacer battle-history"><br></div><div class="battle-history">H2OPulse withdrew Garlick!<br></div><div class="battle-history">H2OPulse sent out Sword Lily (<strong>Bisharp</strong>)!<br></div><div class="spacer battle-history"><br></div><div class="battle-history">Jawbreaker used <strong>Aqua Tail</strong>!<br></div><div class="battle-history"><small>(The opposing Sword Lily lost 44% of its health!)</small><br></div><div class="spacer battle-history"><br></div><h2 class="battle-history">Turn 6</h2><div class="chat chatmessage-h2opulse"><strong style="color:#6e8c2b"><small>☆</small><span class="username" data-name="H2OPulse">H2OPulse</span>:</strong> <em>the miss was fine that wasn't gonna do anything :'D</em></div><div class="spacer battle-history"><br></div><div class="battle-history">Jawbreaker used <strong>Aqua Tail</strong>!<br></div><div class="battle-history"><small>(The opposing Sword Lily lost 48% of its health!)</small><br></div><div class="spacer battle-history"><br></div><div class="battle-history">The opposing Sword Lily used <strong>Iron Head</strong>!<br></div><div class="battle-history"><small>(Jawbreaker lost <abbr title="−138/374">36.9%</abbr> of its health!)</small><br></div><div class="spacer battle-history"><br></div><h2 class="battle-history">Turn 7</h2><div class="spacer battle-history"><br></div><div class="battle-history">H2OPulse withdrew Sword Lily!<br></div><div class="battle-history">H2OPulse sent out Spilly (<strong>Araquanid</strong>)!<br></div><div class="spacer battle-history"><br></div><div class="battle-history">Jawbreaker used <strong>Aqua Tail</strong>!<br></div><div class="battle-history"><small>It's not very effective...</small><br></div><div class="battle-history"><small>(The opposing Spilly lost 24% of its health!)</small><br></div><div class="spacer battle-history"><br></div><h2 class="battle-history">Turn 8</h2><div class="spacer battle-history"><br></div><div class="battle-history">Jawbreaker, come back!<br></div><div class="battle-history">Go! *ph072096085081109 (<strong>Amoonguss</strong>)!<br></div><div class="chat"><ul class="utilichart"><li class="result"><span class="col pokemonnamecol" style="white-space: nowrap">Amoonguss</span> <span class="col typecol"><img src="https://play.pokemonshowdown.com/sprites/types/Grass.png" alt="Grass" height="14" width="32"><img src="https://play.pokemonshowdown.com/sprites/types/Poison.png" alt="Poison" height="14" width="32"></span> <span style="float: left ; min-height: 26px"><span class="col abilitycol">Effect Spore / Regenerator</span><span class="col abilitycol"></span></span></li><li style="clear: both"></li></ul></div><div class="chat"><ul class="utilichart"><li class="result"><span style="float: left ; min-height: 26px"><span class="col statcol"><em>HP</em><br>114</span> <span class="col statcol"><em>Atk</em><br>85</span> <span class="col statcol"><em>Def</em><br>70</span> <span class="col statcol"><em>SpA</em><br>85</span> <span class="col statcol"><em>SpD</em><br>80</span> <span class="col statcol"><em>Spe</em><br>30</span> </span></li><li style="clear: both"></li></ul></div><div class="battle-history">[*ph072096085081109's Trace]<br>[*ph072096085081109's Water Bubble]<br><small>*ph072096085081109 traced the opposing Spilly's Water Bubble!</small><br></div><div class="spacer battle-history"><br></div><div class="battle-history">The opposing Spilly used <strong>Leech Life</strong>!<br></div><div class="battle-history"><small>It's not very effective...</small><br></div><div class="battle-history"><small>(*ph072096085081109 lost <abbr title="−27/431">6.3%</abbr> of its health!)</small><br></div><div class="battle-history"><small>*ph072096085081109 had its energy drained!</small><br></div><div class="battle-history"><small>The opposing Spilly was hurt by the Rocky Helmet!</small><br></div><div class="spacer battle-history"><br></div><h2 class="battle-history">Turn 9</h2><div class="chat chatmessage-h2opulse"><strong style="color:#6e8c2b"><small>☆</small><span class="username" data-name="H2OPulse">H2OPulse</span>:</strong> <em>OHHHH NEUROBOXIN</em></div><div class="chat chatmessage-h2opulse"><strong style="color:#6e8c2b"><small>☆</small><span class="username" data-name="H2OPulse">H2OPulse</span>:</strong> <em>I WAS WONDERING WHAT HAD 114 HP OH MY HECK</em></div><div class="chat chatmessage-h2opulse"><strong style="color:#6e8c2b"><small>☆</small><span class="username" data-name="H2OPulse">H2OPulse</span>:</strong> <em>OKAY</em></div><div class="chat chatmessage-h2opulse"><strong style="color:#6e8c2b"><small>☆</small><span class="username" data-name="H2OPulse">H2OPulse</span>:</strong> <em>F U N</em></div><div class="spacer battle-history"><br></div><div class="battle-history">*ph072096085081109 used <strong>Knock Off</strong>!<br></div><div class="battle-history"><small>(The opposing Spilly lost 21% of its health!)</small><br></div><div class="battle-history"><small>*ph072096085081109 knocked off the opposing Spilly's Heavy-Duty Boots!</small><br></div><div class="spacer battle-history"><br></div><div class="battle-history">The opposing Spilly used <strong>Liquidation</strong>!<br></div><div class="battle-history"><small>(*ph072096085081109 lost <abbr title="−211/431">49.0%</abbr> of its health!)</small><br></div><div class="battle-history"><small>The opposing Spilly was hurt by the Rocky Helmet!</small><br></div><div class="spacer battle-history"><br></div><h2 class="battle-history">Turn 10</h2><div class="chat chatmessage-inkbug1 mine"><strong style="color:#e46e0f"><small>☆</small><span class="username" data-name="inkbug1">inkbug1</span>:</strong> <em>the gangs all here </em></div><div class="chat chatmessage-inkbug1 mine"><strong style="color:#e46e0f"><small>☆</small><span class="username" data-name="inkbug1">inkbug1</span>:</strong> <em>its like a greatest hits album</em></div><div class="chat chatmessage-h2opulse"><strong style="color:#6e8c2b"><small>☆</small><span class="username" data-name="H2OPulse">H2OPulse</span>:</strong> <em>y e s s s</em></div><div class="chat chatmessage-h2opulse"><strong style="color:#6e8c2b"><small>☆</small><span class="username" data-name="H2OPulse">H2OPulse</span>:</strong> <em>uhhhhhhhh I do not know what to do thoug hksdfjgk</em></div><div class="chat chatmessage-inkbug1 mine"><strong style="color:#e46e0f"><small>☆</small><span class="username" data-name="inkbug1">inkbug1</span>:</strong> <em>asdasd</em></div><div class="spacer battle-history"><br></div><div class="battle-history">H2OPulse withdrew Spilly!<br></div><div class="battle-history">H2OPulse sent out Sword Lily (<strong>Bisharp</strong>)!<br></div><div class="spacer battle-history"><br></div><div class="battle-history">*ph072096085081109 used <strong>U-turn</strong>!<br></div><div class="battle-history"><small>(The opposing Sword Lily lost 8% of its health!)</small><br></div><div class="spacer battle-history"><br></div><div class="battle-history">The opposing Sword Lily fainted!<br></div><div class="chat chatmessage-inkbug1 mine"><strong style="color:#e46e0f"><small>☆</small><span class="username" data-name="inkbug1">inkbug1</span>:</strong> <em>wow really? </em></div><div class="chat chatmessage-inkbug1 mine"><strong style="color:#e46e0f"><small>☆</small><span class="username" data-name="inkbug1">inkbug1</span>:</strong> <em>ok</em></div><div class="chat chatmessage-inkbug1 mine"><strong style="color:#e46e0f"><small>☆</small><span class="username" data-name="inkbug1">inkbug1</span>:</strong> <em>mmm i made a change to one of these sets tht </em></div><div class="chat chatmessage-inkbug1 mine"><strong style="color:#e46e0f"><small>☆</small><span class="username" data-name="inkbug1">inkbug1</span>:</strong> <em>did not register in the challenge which is fair but a shame</em></div><div class="chat chatmessage-h2opulse"><strong style="color:#6e8c2b"><small>☆</small><span class="username" data-name="H2OPulse">H2OPulse</span>:</strong> <em>Ooff fair</em></div><div class="spacer battle-history"><br></div><div class="battle-history">*ph072096085081109 went back to inkbug1!<br></div><div class="battle-history">Go! Eloise (<strong>Tsareena</strong>)!<br></div><div class="spacer battle-history"><br></div><div class="battle-history">H2OPulse sent out Garlick (<strong>Skuntank</strong>)!<br></div><div class="battle-history"><small>The poison spikes disappeared from the ground around the opposing team!</small><br></div><div class="spacer battle-history"><br></div><h2 class="battle-history">Turn 11</h2><div class="spacer battle-history"><br></div><div class="battle-history">H2OPulse withdrew Garlick!<br></div><div class="battle-history">H2OPulse sent out Erica (<strong>Decidueye-Hisui</strong>)!<br></div><div class="spacer battle-history"><br></div><div class="battle-history">Eloise used <strong>Swords Dance</strong>!<br></div><div class="battle-history"><small>Eloise's Attack rose sharply!</small><br></div><div class="spacer battle-history"><br></div><h2 class="battle-history">Turn 12</h2><div class="chat chatmessage-h2opulse"><strong style="color:#6e8c2b"><small>☆</small><span class="username" data-name="H2OPulse">H2OPulse</span>:</strong> <em>okay......</em></div><div class="spacer battle-history"><br></div><div class="battle-history">Eloise used <strong>Fell Stinger</strong>!<br></div><div class="battle-history"><small>(The opposing Erica lost 52% of its health!)</small><br></div><div class="spacer battle-history"><br></div><div class="battle-history">The opposing Erica used <strong>Leaf Blade</strong>!<br></div><div class="battle-history"><small>A critical hit!</small><br></div><div class="battle-history"><small>(Eloise lost <abbr title="−159/281">56.6%</abbr> of its health!)</small><br></div><div class="battle-history"><small>Zelus's illusion wore off!</small><br></div><div class="spacer battle-history"><br></div><h2 class="battle-history">Turn 13</h2><div class="chat chatmessage-h2opulse"><strong style="color:#6e8c2b"><small>☆</small><span class="username" data-name="H2OPulse">H2OPulse</span>:</strong> <em>O w</em></div><div class="spacer battle-history"><br></div><div class="battle-history">Zelus used <strong>Fell Stinger</strong>!<br></div><div class="battle-history"><small>(The opposing Erica lost 48% of its health!)</small><br></div><div class="battle-history"><small>Zelus's Attack rose drastically!</small><br></div><div class="spacer battle-history"><br></div><div class="battle-history">The opposing Erica fainted!<br></div><div class="spacer battle-history"><br></div><div class="battle-history">H2OPulse sent out Miso (<strong>Basculegion</strong>)!<br></div><div class="chat"><ul class="utilichart"><li class="result"><span class="col pokemonnamecol" style="white-space: nowrap">Basculegion</span> <span class="col typecol"><img src="https://play.pokemonshowdown.com/sprites/types/Water.png" alt="Water" height="14" width="32"><img src="https://play.pokemonshowdown.com/sprites/types/Ghost.png" alt="Ghost" height="14" width="32"></span></li><li style="clear: both"></li></ul></div><div class="chat"><ul class="utilichart"><li class="result"><span style="float: left ; min-height: 26px"><span class="col statcol"><em>HP</em><br>120</span> <span class="col statcol"><em>Atk</em><br>112</span> <span class="col statcol"><em>Def</em><br>65</span> <span class="col statcol"><em>SpA</em><br>80</span> <span class="col statcol"><em>SpD</em><br>75</span> <span class="col statcol"><em>Spe</em><br>78</span> </span></li><li style="clear: both"></li></ul></div><div class="spacer battle-history"><br></div><h2 class="battle-history">Turn 14</h2><div class="chat chatmessage-h2opulse"><strong style="color:#6e8c2b"><small>☆</small><span class="username" data-name="H2OPulse">H2OPulse</span>:</strong> <em>uhhhhhhhhh I think I lose right</em></div><div class="chat chatmessage-inkbug1 mine"><strong style="color:#e46e0f"><small>☆</small><span class="username" data-name="inkbug1">inkbug1</span>:</strong> <em>"atk: 1361" </em></div><div class="chat chatmessage-h2opulse"><strong style="color:#6e8c2b"><small>☆</small><span class="username" data-name="H2OPulse">H2OPulse</span>:</strong> <em>I did not handle this well at All :'D</em></div><div class="chat chatmessage-h2opulse"><strong style="color:#6e8c2b"><small>☆</small><span class="username" data-name="H2OPulse">H2OPulse</span>:</strong> <em>HAHA</em></div><div class="chat chatmessage-inkbug1 mine"><strong style="color:#e46e0f"><small>☆</small><span class="username" data-name="inkbug1">inkbug1</span>:</strong> <em>idk i dont think he can live 1</em></div><div class="spacer battle-history"><br></div><div class="battle-history">The opposing Miso used <strong>Wave Crash</strong>!<br></div><div class="battle-history"><small>It's not very effective...</small><br></div><div class="battle-history"><small>(Zelus lost <abbr title="−106/281">37.7%</abbr> of its health!)</small><br></div><div class="battle-history"><small>The opposing Miso was damaged by the recoil!</small><br></div><div class="spacer battle-history"><br></div><div class="battle-history">Zelus used <strong>U-turn</strong>!<br></div><div class="battle-history"><small>It's not very effective...</small><br></div><div class="battle-history"><small>(The opposing Miso lost 90% of its health!)</small><br></div><div class="chat chatmessage-inkbug1 mine"><strong style="color:#e46e0f"><small>☆</small><span class="username" data-name="inkbug1">inkbug1</span>:</strong> <em>damn ok</em></div><div class="chat chatmessage-inkbug1 mine"><strong style="color:#e46e0f"><small>☆</small><span class="username" data-name="inkbug1">inkbug1</span>:</strong> <em>ASDASDA </em></div><div class="chat chatmessage-h2opulse"><strong style="color:#6e8c2b"><small>☆</small><span class="username" data-name="H2OPulse">H2OPulse</span>:</strong> <em>KFDHJKG</em></div><div class="chat chatmessage-inkbug1 mine"><strong style="color:#e46e0f"><small>☆</small><span class="username" data-name="inkbug1">inkbug1</span>:</strong> <em>NICE </em></div><div class="chat chatmessage-h2opulse"><strong style="color:#6e8c2b"><small>☆</small><span class="username" data-name="H2OPulse">H2OPulse</span>:</strong> <em>CACKLING</em></div><div class="chat chatmessage-h2opulse"><strong style="color:#6e8c2b"><small>☆</small><span class="username" data-name="H2OPulse">H2OPulse</span>:</strong> <em>okay</em></div><div class="spacer battle-history"><br></div><div class="battle-history">Zelus went back to inkbug1!<br></div><div class="battle-history">Go! *ph072096085081109 (<strong>Amoonguss</strong>)!<br></div><div class="battle-history">[*ph072096085081109's Trace]<br>[*ph072096085081109's Adaptability]<br><small>*ph072096085081109 traced the opposing Miso's Adaptability!</small><br></div><div class="spacer battle-history"><br></div><h2 class="battle-history">Turn 15</h2><div class="chat chatmessage-h2opulse"><strong style="color:#6e8c2b"><small>☆</small><span class="username" data-name="H2OPulse">H2OPulse</span>:</strong> <em>Good game in any case :'D</em></div><div class="chat chatmessage-h2opulse"><strong style="color:#6e8c2b"><small>☆</small><span class="username" data-name="H2OPulse">H2OPulse</span>:</strong> <em>Oh fear</em></div><div class="chat chatmessage-inkbug1 mine"><strong style="color:#e46e0f"><small>☆</small><span class="username" data-name="inkbug1">inkbug1</span>:</strong> <em>uhh didnt think that through i die to this </em></div><div class="chat chatmessage-inkbug1 mine"><strong style="color:#e46e0f"><small>☆</small><span class="username" data-name="inkbug1">inkbug1</span>:</strong> <em>hm</em></div><div class="spacer battle-history"><br></div><div class="battle-history">*ph072096085081109, come back!<br></div><div class="battle-history">Go! Jawbreaker (<strong>Overqwil</strong>)!<br></div><div class="battle-history">[Jawbreaker's Intimidate]<br></div><div class="battle-history"><small>The opposing Miso's Attack fell!</small><br></div><div class="spacer battle-history"><br></div><div class="battle-history">The opposing Miso used <strong>Wave Crash</strong>!<br></div><div class="battle-history"><small>But it failed!</small><br></div><div class="spacer battle-history"><br></div><h2 class="battle-history">Turn 16</h2><div class="spacer battle-history"><br></div><div class="battle-history">The opposing Miso used <strong>Liquidation</strong>!<br></div><div class="battle-history"><small>(Jawbreaker lost <abbr title="−146/374">39.0%</abbr> of its health!)</small><br></div><div class="spacer battle-history"><br></div><div class="battle-history">Jawbreaker used <strong>Barb Barrage</strong>!<br></div><div class="battle-history"><small>It's not very effective...</small><br></div><div class="battle-history"><small>(The opposing Miso lost 1% of its health!)</small><br></div><div class="spacer battle-history"><br></div><div class="battle-history">The opposing Miso fainted!<br></div><div class="spacer battle-history"><br></div><div class="battle-history">H2OPulse sent out *xx134078135103111 (<strong>Typhlosion-Hisui</strong>)!<br></div><div class="chat"><ul class="utilichart"><li class="result"><span class="col pokemonnamecol" style="white-space: nowrap">Typhlosion-Hisui</span> <span class="col typecol"><img src="https://play.pokemonshowdown.com/sprites/types/Fire.png" alt="Fire" height="14" width="32"><img src="https://play.pokemonshowdown.com/sprites/types/Ghost.png" alt="Ghost" height="14" width="32"></span> <span style="float: left ; min-height: 26px"><span class="col abilitycol">Blaze / Flash Fire</span><span class="col abilitycol"></span></span></li><li style="clear: both"></li></ul></div><div class="chat"><ul class="utilichart"><li class="result"><span style="float: left ; min-height: 26px"><span class="col statcol"><em>HP</em><br>73</span> <span class="col statcol"><em>Atk</em><br>84</span> <span class="col statcol"><em>Def</em><br>78</span> <span class="col statcol"><em>SpA</em><br>119</span> <span class="col statcol"><em>SpD</em><br>85</span> <span class="col statcol"><em>Spe</em><br>95</span> </span></li><li style="clear: both"></li></ul></div><div class="spacer battle-history"><br></div><h2 class="battle-history">Turn 17</h2><div class="spacer battle-history"><br></div><div class="battle-history">Jawbreaker, come back!<br></div><div class="battle-history">Go! *ph072096085081109 (<strong>Amoonguss</strong>)!<br></div><div class="battle-history">[*ph072096085081109's Trace]<br>[*ph072096085081109's Flash Fire]<br><small>*ph072096085081109 traced the opposing *xx134078135103111's Flash Fire!</small><br></div><div class="spacer battle-history"><br></div><div class="battle-history"><small>The opposing *xx134078135103111 is reacting to H2OPulse's Key Stone!</small><br>The opposing *xx134078135103111 has Mega Evolved into Mega Typhlosion-Hisui!<br></div><div class="chat"><ul class="utilichart"><li class="result"><span class="col pokemonnamecol" style="white-space: nowrap">Typhlosion-Hisui-Mega</span> <span class="col typecol"><img src="https://play.pokemonshowdown.com/sprites/types/Fire.png" alt="Fire" height="14" width="32"><img src="https://play.pokemonshowdown.com/sprites/types/Ghost.png" alt="Ghost" height="14" width="32"></span> <span style="float: left ; min-height: 26px"><span class="col abilitycol">berserk</span><span class="col abilitycol"></span></span><span style="float: left ; min-height: 26px"><span class="col statcol"><em>HP</em><br>73</span> <span class="col statcol"><em>Atk</em><br>134</span> <span class="col statcol"><em>Def</em><br>078</span> <span class="col statcol"><em>SpA</em><br>135</span> <span class="col statcol"><em>SpD</em><br>103</span> <span class="col statcol"><em>Spe</em><br>111</span> </span></li><li style="clear: both"></li></ul></div><div class="spacer battle-history"><br></div><div class="battle-history">The opposing *xx134078135103111 used <strong>Eruption</strong>!<br></div><div class="battle-history">[*ph072096085081109's Flash Fire]<br><small>The power of *ph072096085081109's Fire-type moves rose!</small><br></div><div class="spacer battle-history"><br></div><h2 class="battle-history">Turn 18</h2><div class="chat chatmessage-h2opulse"><strong style="color:#6e8c2b"><small>☆</small><span class="username" data-name="H2OPulse">H2OPulse</span>:</strong> <em>OOF</em></div><div class="chat chatmessage-h2opulse"><strong style="color:#6e8c2b"><small>☆</small><span class="username" data-name="H2OPulse">H2OPulse</span>:</strong> <em>I see</em></div><div class="chat chatmessage-h2opulse"><strong style="color:#6e8c2b"><small>☆</small><span class="username" data-name="H2OPulse">H2OPulse</span>:</strong> <em>okay</em></div><div class="spacer battle-history"><br></div><div class="battle-history">The opposing *xx134078135103111 used <strong>Infernal Parade</strong>!<br></div><div class="battle-history"><small>(*ph072096085081109 lost <abbr title="−138/431">32.0%</abbr> of its health!)</small><br></div><div class="spacer battle-history"><br></div><div class="battle-history">*ph072096085081109 used <strong>Knock Off</strong>!<br></div><div class="battle-history"><small>It's super effective!</small><br></div><div class="battle-history"><small>(The opposing *xx134078135103111 lost 36% of its health!)</small><br></div><div class="spacer battle-history"><br></div><h2 class="battle-history">Turn 19</h2><div class="spacer battle-history"><br></div><div class="battle-history">The opposing *xx134078135103111 used <strong>Infernal Parade</strong>!<br></div><div class="battle-history"><small>(*ph072096085081109 lost <abbr title="−55/431">12.8%</abbr> of its health!)</small><br></div><div class="spacer battle-history"><br></div><div class="battle-history">*ph072096085081109 fainted!<br></div><div class="chat chatmessage-inkbug1 mine"><strong style="color:#e46e0f"><small>☆</small><span class="username" data-name="inkbug1">inkbug1</span>:</strong> <em>worth a shot</em></div><div class="spacer battle-history"><br></div><div class="battle-history">Go! Sparknado (<strong>Regieleki</strong>)!<br></div><div class="spacer battle-history"><br></div><h2 class="battle-history">Turn 20</h2><div class="spacer battle-history"><br></div><div class="battle-history">Sparknado used <strong>Thunderbolt</strong>!<br></div><div class="battle-history"><small>(The opposing *xx134078135103111 lost 55% of its health!)</small><br></div><div class="battle-history">[The opposing *xx134078135103111's Berserk]<br></div><div class="battle-history"><small>The opposing *xx134078135103111's Sp. Atk rose!</small><br></div><div class="spacer battle-history"><br></div><div class="battle-history">The opposing *xx134078135103111 used <strong>Eruption</strong>!<br></div><div class="battle-history"><small>(Sparknado lost <abbr title="−52/364">14.3%</abbr> of its health!)</small><br></div><div class="spacer battle-history"><br></div><h2 class="battle-history">Turn 21</h2><div class="chat chatmessage-h2opulse"><strong style="color:#6e8c2b"><small>☆</small><span class="username" data-name="H2OPulse">H2OPulse</span>:</strong> <em>whyyyyy did I do</em></div><div class="chat chatmessage-inkbug1 mine"><strong style="color:#e46e0f"><small>☆</small><span class="username" data-name="inkbug1">inkbug1</span>:</strong> <em>there is something so fucking funny a</em></div><div class="chat chatmessage-h2opulse"><strong style="color:#6e8c2b"><small>☆</small><span class="username" data-name="H2OPulse">H2OPulse</span>:</strong> <em>that</em></div><div class="chat chatmessage-h2opulse"><strong style="color:#6e8c2b"><small>☆</small><span class="username" data-name="H2OPulse">H2OPulse</span>:</strong> <em>uh</em></div><div class="chat chatmessage-inkbug1 mine"><strong style="color:#e46e0f"><small>☆</small><span class="username" data-name="inkbug1">inkbug1</span>:</strong> <em>asdaks </em></div><div class="chat chatmessage-h2opulse"><strong style="color:#6e8c2b"><small>☆</small><span class="username" data-name="H2OPulse">H2OPulse</span>:</strong> <em>my brain doesn't Always work</em></div><div class="chat chatmessage-h2opulse"><strong style="color:#6e8c2b"><small>☆</small><span class="username" data-name="H2OPulse">H2OPulse</span>:</strong> <em><i>oh I would have one-hit KOed with Overheat I think we established this kdjfhgh</i></em></div><div class="chat chatmessage-inkbug1 mine"><strong style="color:#e46e0f"><small>☆</small><span class="username" data-name="inkbug1">inkbug1</span>:</strong> <em>i like. had to process for a sec why that didnt do anything</em></div><div class="chat chatmessage-h2opulse"><strong style="color:#6e8c2b"><small>☆</small><span class="username" data-name="H2OPulse">H2OPulse</span>:</strong> <em>regre t</em></div><div class="chat chatmessage-h2opulse"><strong style="color:#6e8c2b"><small>☆</small><span class="username" data-name="H2OPulse">H2OPulse</span>:</strong> <em>ahem uh!!! Good game :'D</em></div><div class="chat chatmessage-inkbug1 mine"><strong style="color:#e46e0f"><small>☆</small><span class="username" data-name="inkbug1">inkbug1</span>:</strong> <em>i was like wait hold on did i invest in spdef when i wasnt looking</em></div><div class="chat chatmessage-inkbug1 mine"><strong style="color:#e46e0f"><small>☆</small><span class="username" data-name="inkbug1">inkbug1</span>:</strong> <em>but no, </em></div><div class="spacer battle-history"><br></div><div class="battle-history">Sparknado used <strong>Thunderbolt</strong>!<br></div><div class="battle-history"><small>(The opposing *xx134078135103111 lost 9% of its health!)</small><br></div><div class="spacer battle-history"><br></div><div class="battle-history">The opposing *xx134078135103111 fainted!<br></div><div class="spacer battle-history"><br></div><div class="battle-history">H2OPulse sent out Garlick (<strong>Skuntank</strong>)!<br></div><div class="spacer battle-history"><br></div><h2 class="battle-history">Turn 22</h2><div class="chat chatmessage-inkbug1 mine"><strong style="color:#e46e0f"><small>☆</small><span class="username" data-name="inkbug1">inkbug1</span>:</strong> <em>there is something so fucking funny abt the 111 speed its like a new era of counterteaming </em></div><div class="spacer battle-history"><br></div><div class="battle-history">Sparknado used <strong>Thunderbolt</strong>!<br></div><div class="battle-history"><small>(The opposing Garlick lost 54% of its health!)</small><br></div><div class="spacer battle-history"><br></div><div class="battle-history">The opposing Garlick fainted!<br></div><div class="spacer battle-history"><br></div><div class="battle-history">H2OPulse sent out Spilly (<strong>Araquanid</strong>)!<br></div><div class="spacer battle-history"><br></div><h2 class="battle-history">Turn 23</h2><div class="chat chatmessage-h2opulse"><strong style="color:#6e8c2b"><small>☆</small><span class="username" data-name="H2OPulse">H2OPulse</span>:</strong> <em>y e a h</em></div><div class="chat chatmessage-h2opulse"><strong style="color:#6e8c2b"><small>☆</small><span class="username" data-name="H2OPulse">H2OPulse</span>:</strong> <em>Good game :'D</em></div><div class="chat chatmessage-inkbug1 mine"><strong style="color:#e46e0f"><small>☆</small><span class="username" data-name="inkbug1">inkbug1</span>:</strong> <em>gg! </em></div><div class="spacer battle-history"><br></div><div class="battle-history">Sparknado used <strong>Thunderbolt</strong>!<br></div><div class="battle-history"><small>It's super effective!</small><br></div><div class="battle-history"><small>(The opposing Spilly lost 26% of its health!)</small><br></div><div class="spacer battle-history"><br></div><div class="battle-history">The opposing Spilly fainted!<br></div><div class="spacer battle-history"><br></div><div class="battle-history"><strong>inkbug1</strong> won the battle!<br></div><div class="chat chatmessage-h2opulse"><strong style="color:#6e8c2b"><small>☆</small><span class="username" data-name="H2OPulse">H2OPulse</span>:</strong> <em>This is such a cool team I'm in love</em></div></div><div class="inner-preempt message-log"></div></div></div>
</div>
<script>
let daily = Math.floor(Date.now()/1000/60/60/24);document.write('<script src="https://dragonheaven.herokuapp.com/js/replay-embed.js?version'+daily+'"></'+'script>');
</script>
