<!DOCTYPE html>
<meta charset="utf-8" />
<!-- version 1 -->
<title>[Gen 8] M4A Sandbox replay: inkbug1 vs. H2OPulse</title>
<style>
html,body {font-family:Verdana, sans-serif;font-size:10pt;margin:0;padding:0;}body{padding:12px 0;} .battle-log {font-family:Verdana, sans-serif;font-size:10pt;} .battle-log-inline {border:1px solid #AAAAAA;background:#EEF2F5;color:black;max-width:640px;margin:0 auto 80px;padding-bottom:5px;} .battle-log .inner {padding:4px 8px 0px 8px;} .battle-log .inner-preempt {padding:0 8px 4px 8px;} .battle-log .inner-after {margin-top:0.5em;} .battle-log h2 {margin:0.5em -8px;padding:4px 8px;border:1px solid #AAAAAA;background:#E0E7EA;border-left:0;border-right:0;font-family:Verdana, sans-serif;font-size:13pt;} .battle-log .chat {vertical-align:middle;padding:3px 0 3px 0;font-size:8pt;} .battle-log .chat strong {color:#40576A;} .battle-log .chat em {padding:1px 4px 1px 3px;color:#000000;font-style:normal;} .chat.mine {background:rgba(0,0,0,0.05);margin-left:-8px;margin-right:-8px;padding-left:8px;padding-right:8px;} .spoiler {color:#BBBBBB;background:#BBBBBB;padding:0px 3px;} .spoiler:hover, .spoiler:active, .spoiler-shown {color:#000000;background:#E2E2E2;padding:0px 3px;} .spoiler a {color:#BBBBBB;} .spoiler:hover a, .spoiler:active a, .spoiler-shown a {color:#2288CC;} .chat code, .chat .spoiler:hover code, .chat .spoiler:active code, .chat .spoiler-shown code {border:1px solid #C0C0C0;background:#EEEEEE;color:black;padding:0 2px;} .chat .spoiler code {border:1px solid #CCCCCC;background:#CCCCCC;color:#CCCCCC;} .battle-log .rated {padding:3px 4px;} .battle-log .rated strong {color:white;background:#89A;padding:1px 4px;border-radius:4px;} .spacer {margin-top:0.5em;} .message-announce {background:#6688AA;color:white;padding:1px 4px 2px;} .message-announce a, .broadcast-green a, .broadcast-blue a, .broadcast-red a {color:#DDEEFF;} .broadcast-green {background-color:#559955;color:white;padding:2px 4px;} .broadcast-blue {background-color:#6688AA;color:white;padding:2px 4px;} .infobox {border:1px solid #6688AA;padding:2px 4px;} .infobox-limited {max-height:200px;overflow:auto;overflow-x:hidden;} .broadcast-red {background-color:#AA5544;color:white;padding:2px 4px;} .message-learn-canlearn {font-weight:bold;color:#228822;text-decoration:underline;} .message-learn-cannotlearn {font-weight:bold;color:#CC2222;text-decoration:underline;} .message-effect-weak {font-weight:bold;color:#CC2222;} .message-effect-resist {font-weight:bold;color:#6688AA;} .message-effect-immune {font-weight:bold;color:#666666;} .message-learn-list {margin-top:0;margin-bottom:0;} .message-throttle-notice, .message-error {color:#992222;} .message-overflow, .chat small.message-overflow {font-size:0pt;} .message-overflow::before {font-size:9pt;content:'...';} .subtle {color:#3A4A66;}
</style>
<div class="wrapper replay-wrapper" style="max-width:1180px;margin:0 auto">
<input type="hidden" name="replayid" value="dragonheaven-gen8m4asandbox-69-fql0bfv1jrsxhddrukojyalurqqluzspw" />
<div class="battle"></div><div class="battle-log"></div><div class="replay-controls"></div><div class="replay-controls-2"></div>
<h1 style="font-weight:normal;text-align:center"><strong>[Gen 8] M4A Sandbox</strong><br /><a href="http://pokemonshowdown.com/users/inkbug1" class="subtle" target="_blank">inkbug1</a> vs. <a href="http://pokemonshowdown.com/users/h2opulse" class="subtle" target="_blank">H2OPulse</a></h1>
<script type="text/plain" class="battle-log-data">|raw|<div class="broadcast-red"><strong>This battle is invite-only!<\/strong><br \/>Users must be invited with <code>\/invite<\/code> (or be staff) to join<\/div>
|j|☆inkbug1

|j|☆H2OPulse
|t:|1645253550
|player|p1|inkbug1|burgh|
|player|p2|H2OPulse|aetherfoundation|
|teamsize|p1|6
|teamsize|p2|6
|gametype|singles
|gen|8
|tier|[Gen 8] M4A Sandbox
|clearpoke
|poke|p1|Zoroark-Hisui, M|
|poke|p1|Regieleki|
|poke|p1|Overqwil, M|
|poke|p1|Tsareena, F|
|poke|p1|Inteleon, M|
|poke|p1|Mightyena, M|
|poke|p2|Decidueye-Hisui, F|
|poke|p2|Typhlosion-Hisui, M|
|poke|p2|Basculegion, M|
|poke|p2|Bisharp, F|
|poke|p2|Araquanid, M|
|poke|p2|Skuntank, M|
|rule|HP Percentage Mod: HP is shown in percentages
|rule|OHKO Clause: OHKO moves are banned
|rule|Evasion Moves Clause: Evasion moves are banned
|rule|Dynamax Clause: You cannot dynamax
|rule|Sleep Clause Mod: Limit one foe put to sleep
|rule|Freeze Clause Mod: Limit one foe frozen
|raw|<img src="https:\/\/raw.githubusercontent.com\/scoopapa\/DH\/master\/data\/mods\/m4av6\/sprites\/m4a_banner.png" height="65" width="381">
|-message|Welcome to the Megas for All Sandbox!
|-message|This is a custom game format where you can experiment outside of the normal rules.
|-message|Thanks to the incredible KeroseneZanchu, you can even alter a Pokémon's type, stats and Mega form with its nickname!
|-message|You can find the details on how this works here:
|-message|https:\/\/docs.google.com\/document\/d\/1hhF49OIQKot72C30mCzSwxYgb3Ephhm9KCL_nMPrCW0\/
|teampreview
|c|☆H2OPulse|This might be a terrible idea
|c|☆H2OPulse|OH HUH is that a real Mightyena O:
|c|☆H2OPulse|I apologize if this Mega is crazy I can't. really tell. how to stat it
|c|☆inkbug1|hi sorry i stepped away to get smth
|c|☆inkbug1|no thi sis not a real mightyena
|c|☆H2OPulse|Haha fair!
|
|t:|1645253714
|start
|switch|p1a: Zelus|Inteleon, M|281\/281
|switch|p2a: Spilly|Araquanid, M|100\/100
|turn|1
|
|t:|1645253720
|detailschange|p1a: Zelus|Inteleon-Mega, M
|-mega|p1a: Zelus|Inteleon|Inteleonite
|-start|p1a: Zelus|typechange|Water\/Bug|[silent]
|raw|<ul class="utilichart"><li class="result"><span class="col pokemonnamecol" style="white-space: nowrap">Inteleon-Mega<\/span> <span class="col typecol"><img src="https:\/\/play.pokemonshowdown.com\/sprites\/types\/Water.png" alt="Water" height="14" width="32"><img src="https:\/\/play.pokemonshowdown.com\/sprites\/types\/Bug.png" alt="Bug" height="14" width="32"><\/span> <span style="float: left ; min-height: 26px"><span class="col abilitycol">Illusion<\/span><span class="col abilitycol"><\/span><\/span><span style="float: left ; min-height: 26px"><span class="col statcol"><em>HP<\/em><br>70<\/span> <span class="col statcol"><em>Atk<\/em><br>145<\/span> <span class="col statcol"><em>Def<\/em><br>102<\/span> <span class="col statcol"><em>SpA<\/em><br>85<\/span> <span class="col statcol"><em>SpD<\/em><br>102<\/span> <span class="col statcol"><em>Spe<\/em><br>126<\/span> <\/span><\/li><li style="clear: both"><\/li><\/ul>
|-hint|Inteleon-Mega was submitted by inkbug!
|move|p1a: Zelus|U-turn|p2a: Spilly
|-damage|p2a: Spilly|47\/100
|
|t:|1645253730
|switch|p1a: *dh105120060120048|Mightyena, M|343\/343
|-start|p1a: *dh105120060120048|typechange|Dark\/Fighting|[silent]
|raw|<ul class="utilichart"><li class="result"><span class="col pokemonnamecol" style="white-space: nowrap">Mightyena<\/span> <span class="col typecol"><img src="https:\/\/play.pokemonshowdown.com\/sprites\/types\/Dark.png" alt="Dark" height="14" width="32"><\/span> <span style="float: left ; min-height: 26px"><span class="col abilitycol">Intimidate \/ Quick Feet \/ Moxie<\/span><span class="col abilitycol"><\/span><\/span><\/li><li style="clear: both"><\/li><\/ul>
|raw|<ul class="utilichart"><li class="result"><span style="float: left ; min-height: 26px"><span class="col statcol"><em>HP<\/em><br>70<\/span> <span class="col statcol"><em>Atk<\/em><br>90<\/span> <span class="col statcol"><em>Def<\/em><br>70<\/span> <span class="col statcol"><em>SpA<\/em><br>60<\/span> <span class="col statcol"><em>SpD<\/em><br>60<\/span> <span class="col statcol"><em>Spe<\/em><br>70<\/span> <\/span><\/li><li style="clear: both"><\/li><\/ul>
|-start|p1a: *dh105120060120048|typechange|Dark\/Fighting|[silent]
|move|p2a: Spilly|Sticky Web|p1a: *dh105120060120048
|-sidestart|p1: inkbug1|move: Sticky Web
|
|upkeep
|-start|p1a: *dh105120060120048|typechange|Dark\/Fighting|[silent]
|turn|2
|c|☆H2OPulse|Is... is this __Scrafiti__
|c|☆inkbug1|y
|c|☆H2OPulse|:eyes:
|
|t:|1645253769
|move|p1a: *dh105120060120048|Copycat|p1a: *dh105120060120048
|move|p1a: *dh105120060120048|Sticky Web|p2a: Spilly|[from]move: Copycat
|-sidestart|p2: H2OPulse|move: Sticky Web
|move|p2a: Spilly|Liquidation|p1a: *dh105120060120048
|-damage|p1a: *dh105120060120048|138\/343
|
|-heal|p1a: *dh105120060120048|159\/343|[from] item: Leftovers
|upkeep
|turn|3
|c|☆H2OPulse|rudeee
|
|t:|1645253781
|move|p2a: Spilly|Liquidation|p1a: *dh105120060120048
|-damage|p1a: *dh105120060120048|0 fnt
|faint|p1a: *dh105120060120048
|
|upkeep
|c|☆inkbug1|ok i forgot i was slow
|c|☆inkbug1|i am dum
|c|☆H2OPulse|Ksjhdf fai r
|
|t:|1645253791
|switch|p1a: Sparknado|Regieleki|281\/281
|-activate|p1a: Sparknado|move: Sticky Web
|-unboost|p1a: Sparknado|spe|1
|turn|4
|
|t:|1645253801
|switch|p2a: *xx132100115115080|Decidueye-Hisui, F|100\/100
|-activate|p2a: *xx132100115115080|move: Sticky Web
|-unboost|p2a: *xx132100115115080|spe|1
|-start|p2a: *xx132100115115080|typechange|Grass\/Fighting|[silent]
|raw|<ul class="utilichart"><li class="result"><span class="col pokemonnamecol" style="white-space: nowrap">Decidueye-Hisui<\/span> <span class="col typecol"><img src="https:\/\/play.pokemonshowdown.com\/sprites\/types\/Grass.png" alt="Grass" height="14" width="32"><img src="https:\/\/play.pokemonshowdown.com\/sprites\/types\/Fighting.png" alt="Fighting" height="14" width="32"><\/span><\/li><li style="clear: both"><\/li><\/ul>
|raw|<ul class="utilichart"><li class="result"><span style="float: left ; min-height: 26px"><span class="col statcol"><em>HP<\/em><br>88<\/span> <span class="col statcol"><em>Atk<\/em><br>112<\/span> <span class="col statcol"><em>Def<\/em><br>80<\/span> <span class="col statcol"><em>SpA<\/em><br>95<\/span> <span class="col statcol"><em>SpD<\/em><br>95<\/span> <span class="col statcol"><em>Spe<\/em><br>60<\/span> <\/span><\/li><li style="clear: both"><\/li><\/ul>
|-start|p2a: *xx132100115115080|typechange|Grass\/Fighting|[silent]
|move|p1a: Sparknado|U-turn|p2a: *xx132100115115080
|-damage|p2a: *xx132100115115080|70\/100
|c|☆H2OPulse|Oh that
|
|t:|1645253809
|switch|p1a: Jawbreaker|Overqwil, M|374\/374
|-start|p1a: Jawbreaker|typechange|Dark\/Poison|[silent]
|raw|<ul class="utilichart"><li class="result"><span class="col pokemonnamecol" style="white-space: nowrap">Overqwil<\/span> <span class="col typecol"><img src="https:\/\/play.pokemonshowdown.com\/sprites\/types\/Dark.png" alt="Dark" height="14" width="32"><img src="https:\/\/play.pokemonshowdown.com\/sprites\/types\/Poison.png" alt="Poison" height="14" width="32"><\/span><\/li><li style="clear: both"><\/li><\/ul>
|raw|<ul class="utilichart"><li class="result"><span style="float: left ; min-height: 26px"><span class="col statcol"><em>HP<\/em><br>85<\/span> <span class="col statcol"><em>Atk<\/em><br>115<\/span> <span class="col statcol"><em>Def<\/em><br>95<\/span> <span class="col statcol"><em>SpA<\/em><br>65<\/span> <span class="col statcol"><em>SpD<\/em><br>65<\/span> <span class="col statcol"><em>Spe<\/em><br>85<\/span> <\/span><\/li><li style="clear: both"><\/li><\/ul>
|-activate|p1a: Jawbreaker|move: Sticky Web
|-unboost|p1a: Jawbreaker|spe|1
|-start|p1a: Jawbreaker|typechange|Dark\/Poison|[silent]
|-ability|p1a: Jawbreaker|Intimidate|boost
|-unboost|p2a: *xx132100115115080|atk|1
|
|upkeep
|turn|5
|
|t:|1645253826
|switch|p2a: Garlick|Skuntank, M|100\/100
|-activate|p2a: Garlick|move: Sticky Web
|-unboost|p2a: Garlick|spe|1
|move|p1a: Jawbreaker|Barb Barrage||[still]
|-anim|p1a: Jawbreaker|Poison Sting|p2a: Garlick
|-resisted|p2a: Garlick
|-damage|p2a: Garlick|78\/100
|
|-heal|p2a: Garlick|84\/100|[from] item: Black Sludge
|upkeep
|turn|6
|
|t:|1645253872
|switch|p1a: Sparknado|Regieleki|281\/281
|-activate|p1a: Sparknado|move: Sticky Web
|-unboost|p1a: Sparknado|spe|1
|move|p2a: Garlick|Defog|p1a: Sparknado
|-unboost|p1a: Sparknado|evasion|1
|-sideend|p1: inkbug1|Sticky Web|[from] move: Defog|[of] p2a: Garlick
|-sideend|p2: H2OPulse|Sticky Web|[from] move: Defog|[of] p2a: Garlick
|
|-heal|p2a: Garlick|90\/100|[from] item: Black Sludge
|upkeep
|turn|7
|
|t:|1645253913
|switch|p2a: *xx132100115115080|Decidueye-Hisui, F|70\/100
|-start|p2a: *xx132100115115080|typechange|Grass\/Fighting|[silent]
|-start|p2a: *xx132100115115080|typechange|Grass\/Fighting|[silent]
|move|p1a: Sparknado|Swords Dance|p1a: Sparknado
|-boost|p1a: Sparknado|atk|2
|
|upkeep
|turn|8
|c|☆H2OPulse|hnnnnn
|
|t:|1645253927
|detailschange|p2a: *xx132100115115080|Decidueye-Hisui-Mega, F
|-mega|p2a: *xx132100115115080|Decidueye-Hisui|
|-start|p2a: *xx132100115115080|typechange|Grass\/Fighting|[silent]
|raw|<ul class="utilichart"><li class="result"><span class="col pokemonnamecol" style="white-space: nowrap">Decidueye-Hisui-Mega<\/span> <span class="col typecol"><img src="https:\/\/play.pokemonshowdown.com\/sprites\/types\/Grass.png" alt="Grass" height="14" width="32"><img src="https:\/\/play.pokemonshowdown.com\/sprites\/types\/Fighting.png" alt="Fighting" height="14" width="32"><\/span> <span style="float: left ; min-height: 26px"><span class="col abilitycol">coupdegrass<\/span><span class="col abilitycol"><\/span><\/span><span style="float: left ; min-height: 26px"><span class="col statcol"><em>HP<\/em><br>88<\/span> <span class="col statcol"><em>Atk<\/em><br>132<\/span> <span class="col statcol"><em>Def<\/em><br>100<\/span> <span class="col statcol"><em>SpA<\/em><br>115<\/span> <span class="col statcol"><em>SpD<\/em><br>115<\/span> <span class="col statcol"><em>Spe<\/em><br>080<\/span> <\/span><\/li><li style="clear: both"><\/li><\/ul>
|move|p1a: Sparknado|Fell Stinger|p2a: *xx132100115115080
|-damage|p2a: *xx132100115115080|35\/100
|move|p2a: *xx132100115115080|Leaf Blade|p1a: Sparknado
|-damage|p1a: Sparknado|148\/281
|replace|p1a: Zelus|Inteleon-Mega, M
|-end|p1a: Zelus|Illusion
|-end|p1a: Zelus|typechange|[silent]
|-start|p1a: Zelus|typechange|Water\/Bug|[silent]
|-end|p1a: Zelus|typechange|[silent]
|
|upkeep
|turn|9
|c|☆inkbug1|omg omg
|c|☆H2OPulse|I don't want to be mean to Cacturne so I don't think this should be allowed but
|c|☆inkbug1|right fair
|c|☆inkbug1|but thats what sandbox is for rlly :D 
|
|t:|1645253967
|-ability|p2a: *xx132100115115080|Coup de Grass
|-message|*xx132100115115080 prepared to move immediately!
|move|p2a: *xx132100115115080|Roost|p2a: *xx132100115115080
|-heal|p2a: *xx132100115115080|85\/100
|-singleturn|p2a: *xx132100115115080|move: Roost
|move|p1a: Zelus|U-turn|p2a: *xx132100115115080
|-damage|p2a: *xx132100115115080|32\/100
|
|t:|1645253974
|switch|p1a: Jawbreaker|Overqwil, M|374\/374
|-start|p1a: Jawbreaker|typechange|Dark\/Poison|[silent]
|-start|p1a: Jawbreaker|typechange|Dark\/Poison|[silent]
|-ability|p1a: Jawbreaker|Intimidate|boost
|-unboost|p2a: *xx132100115115080|atk|1
|
|upkeep
|turn|10
|
|t:|1645253999
|-ability|p2a: *xx132100115115080|Coup de Grass
|-message|*xx132100115115080 prepared to move immediately!
|move|p2a: *xx132100115115080|Roost|p2a: *xx132100115115080
|-heal|p2a: *xx132100115115080|82\/100
|-singleturn|p2a: *xx132100115115080|move: Roost
|move|p1a: Jawbreaker|Barb Barrage||[still]
|-anim|p1a: Jawbreaker|Poison Sting|p2a: *xx132100115115080
|-supereffective|p2a: *xx132100115115080
|-damage|p2a: *xx132100115115080|25\/100
|
|upkeep
|turn|11
|c|☆H2OPulse|Ow fair
|
|t:|1645254042
|switch|p1a: Eloise|Tsareena, F|348\/348
|switch|p2a: Sword Lily|Bisharp, F|100\/100
|
|upkeep
|turn|12
|c|☆H2OPulse|Fairrrr
|c|☆H2OPulse|u h
|
|t:|1645254054
|move|p1a: Eloise|Power Whip|p2a: Sword Lily
|-resisted|p2a: Sword Lily
|-damage|p2a: Sword Lily|70\/100
|move|p2a: Sword Lily|Knock Off|p1a: Eloise
|-damage|p1a: Eloise|123\/348
|-enditem|p1a: Eloise|Assault Vest|[from] move: Knock Off|[of] p2a: Sword Lily
|
|upkeep
|turn|13
|c|☆inkbug1|right that hurts like a lot
|
|t:|1645254069
|switch|p1a: Sparknado|Regieleki|148\/281
|move|p2a: Sword Lily|Iron Head|p1a: Sparknado
|-resisted|p1a: Sparknado
|-damage|p1a: Sparknado|69\/281
|replace|p1a: Zelus|Inteleon-Mega, M
|-end|p1a: Zelus|Illusion
|-end|p1a: Zelus|typechange|[silent]
|-start|p1a: Zelus|typechange|Water\/Bug|[silent]
|-end|p1a: Zelus|typechange|[silent]
|
|upkeep
|turn|14
|
|t:|1645254084
|move|p1a: Zelus|U-turn|p2a: Sword Lily
|-damage|p2a: Sword Lily|32\/100
|
|t:|1645254106
|switch|p1a: Sparknado|Regieleki|364\/364
|move|p2a: Sword Lily|Knock Off|p1a: Sparknado
|-damage|p1a: Sparknado|0 fnt
|-enditem|p1a: Sparknado|Light Clay|[from] move: Knock Off|[of] p2a: Sword Lily
|faint|p1a: Sparknado
|
|upkeep
|c|☆inkbug1|yea ok
|
|t:|1645254115
|switch|p1a: Jawbreaker|Overqwil, M|69\/281
|-start|p1a: Jawbreaker|typechange|Dark\/Poison|[silent]
|-start|p1a: Jawbreaker|typechange|Dark\/Poison|[silent]
|turn|15
|
|t:|1645254129
|move|p2a: Sword Lily|Sucker Punch|p1a: Jawbreaker
|-damage|p1a: Jawbreaker|0 fnt
|replace|p1a: Zelus|Inteleon-Mega, M
|-end|p1a: Zelus|Illusion
|-end|p1a: Zelus|typechange|[silent]
|-start|p1a: Zelus|typechange|Water\/Bug|[silent]
|-end|p1a: Zelus|typechange|[silent]
|faint|p1a: Zelus
|
|upkeep
|
|t:|1645254149
|switch|p1a: Jawbreaker|Overqwil, M|251\/251
|-start|p1a: Jawbreaker|typechange|Dark\/Poison|[silent]
|-start|p1a: Jawbreaker|typechange|Dark\/Poison|[silent]
|turn|16
|c|☆inkbug1|well i have done __something__ wrong this match 
|c|☆inkbug1|but i am a bit too loopy to know what 
|c|☆H2OPulse|wait which one of you is alive I can't rem
|c|☆H2OPulse|__oh__
|c|☆H2OPulse|the last
|c|☆H2OPulse|the last Overqwil was Zelus
|c|☆H2OPulse|I see
|c|☆H2OPulse|khfdsjkhg
|c|☆inkbug1|yes it was 
|
|t:|1645254182
|move|p1a: Jawbreaker|Substitute|p1a: Jawbreaker
|-start|p1a: Jawbreaker|Substitute
|-damage|p1a: Jawbreaker|189\/251
|move|p2a: Sword Lily|Iron Head|p1a: Jawbreaker
|-end|p1a: Jawbreaker|Substitute
|
|-heal|p1a: Jawbreaker|204\/251|[from] item: Leftovers
|upkeep
|turn|17
|c|☆H2OPulse|oh but this is Zoroark! okay
|
|t:|1645254200
|move|p1a: Jawbreaker|Bitter Malice||[still]
|-anim|p1a: Jawbreaker|Snarl|p2a: Sword Lily
|-resisted|p2a: Sword Lily
|-damage|p2a: Sword Lily|12\/100
|-status|p2a: Sword Lily|frz
|-hint|Sword Lily is frostbitten! It can still use moves, but its special moves will be half as strong.
|-hint|Like a burn, frostbite will damage the afflicted Pokémon at the end of each turn.
|move|p2a: Sword Lily|Iron Head|p1a: Jawbreaker
|-damage|p1a: Jawbreaker|0 fnt
|replace|p1a: Willow|Zoroark-Hisui, M
|-end|p1a: Willow|Illusion
|-start|p1a: Willow|typechange|Normal\/Ghost|[silent]
|raw|<ul class="utilichart"><li class="result"><span class="col pokemonnamecol" style="white-space: nowrap">Zoroark-Hisui<\/span> <span class="col typecol"><img src="https:\/\/play.pokemonshowdown.com\/sprites\/types\/Normal.png" alt="Normal" height="14" width="32"><img src="https:\/\/play.pokemonshowdown.com\/sprites\/types\/Ghost.png" alt="Ghost" height="14" width="32"><\/span> <span style="float: left ; min-height: 26px"><span class="col abilitycol">Illusion<\/span><span class="col abilitycol"><\/span><\/span><\/li><li style="clear: both"><\/li><\/ul>
|raw|<ul class="utilichart"><li class="result"><span style="float: left ; min-height: 26px"><span class="col statcol"><em>HP<\/em><br>55<\/span> <span class="col statcol"><em>Atk<\/em><br>100<\/span> <span class="col statcol"><em>Def<\/em><br>60<\/span> <span class="col statcol"><em>SpA<\/em><br>125<\/span> <span class="col statcol"><em>SpD<\/em><br>60<\/span> <span class="col statcol"><em>Spe<\/em><br>110<\/span> <\/span><\/li><li style="clear: both"><\/li><\/ul>
|-end|p1a: Willow|typechange|[silent]
|-start|p1a: Willow|typechange|Normal\/Ghost|[silent]
|faint|p1a: Willow
|
|-hint|Sword Lily is afflicted with frostbite!
|-damage|p2a: Sword Lily|6\/100 frz|[from] frz
|upkeep
|
|t:|1645254212
|switch|p1a: Eloise|Tsareena, F|123\/348
|turn|18
|
|t:|1645254232
|move|p1a: Eloise|Rapid Spin|p2a: Sword Lily
|-resisted|p2a: Sword Lily
|-damage|p2a: Sword Lily|0 fnt
|-boost|p1a: Eloise|spe|1
|faint|p2a: Sword Lily
|
|upkeep
|
|t:|1645254235
|switch|p2a: Garlick|Skuntank, M|90\/100
|turn|19
|
|t:|1645254240
|switch|p1a: Jawbreaker|Overqwil, M|374\/374
|-start|p1a: Jawbreaker|typechange|Dark\/Poison|[silent]
|-start|p1a: Jawbreaker|typechange|Dark\/Poison|[silent]
|-ability|p1a: Jawbreaker|Intimidate|boost
|-unboost|p2a: Garlick|atk|1
|move|p2a: Garlick|Flamethrower|p1a: Jawbreaker
|-damage|p1a: Jawbreaker|259\/374
|
|-heal|p2a: Garlick|96\/100|[from] item: Black Sludge
|upkeep
|turn|20
|
|t:|1645254276
|move|p1a: Jawbreaker|Aqua Tail|p2a: Garlick
|-damage|p2a: Garlick|56\/100
|move|p2a: Garlick|Nasty Plot|p2a: Garlick
|-boost|p2a: Garlick|spa|2
|
|-heal|p2a: Garlick|62\/100|[from] item: Black Sludge
|upkeep
|turn|21
|
|t:|1645254283
|move|p1a: Jawbreaker|Aqua Tail|p2a: Garlick
|-damage|p2a: Garlick|22\/100
|move|p2a: Garlick|Flamethrower|p1a: Jawbreaker
|-damage|p1a: Jawbreaker|31\/374
|
|-heal|p2a: Garlick|28\/100|[from] item: Black Sludge
|upkeep
|turn|22
|c|☆H2OPulse|Oh fair okay uh
|
|t:|1645254291
|move|p1a: Jawbreaker|Aqua Tail|p2a: Garlick
|-damage|p2a: Garlick|0 fnt
|-damage|p1a: Jawbreaker|0 fnt|[from] ability: Aftermath|[of] p2a: Garlick
|faint|p2a: Garlick
|faint|p1a: Jawbreaker
|
|upkeep
|c|☆inkbug1|yea
|c|☆H2OPulse|I forgot I had that is that the first time it has activated
|
|t:|1645254301
|switch|p1a: Eloise|Tsareena, F|123\/348
|switch|p2a: Myrrh|Typhlosion-Hisui, M|100\/100
|-start|p2a: Myrrh|typechange|Fire\/Ghost|[silent]
|raw|<ul class="utilichart"><li class="result"><span class="col pokemonnamecol" style="white-space: nowrap">Typhlosion-Hisui<\/span> <span class="col typecol"><img src="https:\/\/play.pokemonshowdown.com\/sprites\/types\/Fire.png" alt="Fire" height="14" width="32"><img src="https:\/\/play.pokemonshowdown.com\/sprites\/types\/Ghost.png" alt="Ghost" height="14" width="32"><\/span> <span style="float: left ; min-height: 26px"><span class="col abilitycol">Blaze \/ Flash Fire<\/span><span class="col abilitycol"><\/span><\/span><\/li><li style="clear: both"><\/li><\/ul>
|raw|<ul class="utilichart"><li class="result"><span style="float: left ; min-height: 26px"><span class="col statcol"><em>HP<\/em><br>73<\/span> <span class="col statcol"><em>Atk<\/em><br>84<\/span> <span class="col statcol"><em>Def<\/em><br>78<\/span> <span class="col statcol"><em>SpA<\/em><br>119<\/span> <span class="col statcol"><em>SpD<\/em><br>85<\/span> <span class="col statcol"><em>Spe<\/em><br>95<\/span> <\/span><\/li><li style="clear: both"><\/li><\/ul>
|-start|p2a: Myrrh|typechange|Fire\/Ghost|[silent]
|turn|23
|c|☆inkbug1|kajshdaks
|c|☆H2OPulse|Good game :'D
|
|t:|1645254308
|move|p2a: Myrrh|Eruption|p1a: Eloise
|-supereffective|p1a: Eloise
|-damage|p1a: Eloise|0 fnt
|faint|p1a: Eloise
|
|win|H2OPulse
|c|☆inkbug1|lord</script>
</div>
<div class="battle-log battle-log-inline"><div class="inner"><div class="battle-options"><div style="padding-top: 3px; padding-right: 3px; text-align: right"><button class="icon button" name="openBattleOptions" title="Options">Battle Options</button></div></div><div class="inner message-log"><div class="chat"><div class="broadcast-red"><strong>This battle is invite-only!</strong><br>Users must be invited with <code>/invite</code> (or be staff) to join</div></div><div class="chat"><small>☆inkbug1 and ☆H2OPulse joined</small></div><div class=""><small>Format:</small> <br><strong>[Gen 8] M4A Sandbox</strong></div><div class=""><small><em>HP Percentage Mod:</em> HP is shown in percentages</small></div><div class=""><small><em>OHKO Clause:</em> OHKO moves are banned</small></div><div class=""><small><em>Evasion Moves Clause:</em> Evasion moves are banned</small></div><div class=""><small><em>Dynamax Clause:</em> You cannot dynamax</small></div><div class=""><small><em>Sleep Clause Mod:</em> Limit one foe put to sleep</small></div><div class=""><small><em>Freeze Clause Mod:</em> Limit one foe frozen</small></div><div class="chat"><img src="https://raw.githubusercontent.com/scoopapa/DH/master/data/mods/m4av6/sprites/m4a_banner.png" height="65" width="381"></div><div class="spacer battle-history"><br></div><div class="battle-history"><small>Welcome to the Megas for All Sandbox!</small><br></div><div class="battle-history"><small>This is a custom game format where you can experiment outside of the normal rules.</small><br></div><div class="battle-history"><small>Thanks to the incredible KeroseneZanchu, you can even alter a Pokémon's type, stats and Mega form with its nickname!</small><br></div><div class="battle-history"><small>You can find the details on how this works here:</small><br></div><div class="battle-history"><small>https://docs.google.com/document/d/1hhF49OIQKot72C30mCzSwxYgb3Ephhm9KCL_nMPrCW0/</small><br></div><div class="chat battle-history"><strong>inkbug1's team:</strong> <em style="color:#445566;display:block;">Zoroark-Hisui / Regieleki / Overqwil / Tsareena / Inteleon / Mightyena</em></div><div class="chat battle-history"><strong>H2OPulse's team:</strong> <em style="color:#445566;display:block;">Decidueye-Hisui / Typhlosion-Hisui / Basculegion / Bisharp / Araquanid / Skuntank</em></div><div class="chat chatmessage-h2opulse"><strong style="color:#6e8c2b"><small>☆</small><span class="username" data-name="H2OPulse">H2OPulse</span>:</strong> <em>This might be a terrible idea</em></div><div class="chat chatmessage-h2opulse"><strong style="color:#6e8c2b"><small>☆</small><span class="username" data-name="H2OPulse">H2OPulse</span>:</strong> <em>OH HUH is that a real Mightyena O:</em></div><div class="chat chatmessage-h2opulse"><strong style="color:#6e8c2b"><small>☆</small><span class="username" data-name="H2OPulse">H2OPulse</span>:</strong> <em>I apologize if this Mega is crazy I can't. really tell. how to stat it</em></div><div class="chat chatmessage-inkbug1 mine"><strong style="color:#e46e0f"><small>☆</small><span class="username" data-name="inkbug1">inkbug1</span>:</strong> <em>hi sorry i stepped away to get smth</em></div><div class="chat chatmessage-inkbug1 mine"><strong style="color:#e46e0f"><small>☆</small><span class="username" data-name="inkbug1">inkbug1</span>:</strong> <em>no thi sis not a real mightyena</em></div><div class="chat chatmessage-h2opulse"><strong style="color:#6e8c2b"><small>☆</small><span class="username" data-name="H2OPulse">H2OPulse</span>:</strong> <em>Haha fair!</em></div><div class="spacer battle-history"><br></div><div class="battle-history">Battle started between inkbug1 and H2OPulse!<br></div><div class="spacer battle-history"><br></div><div class="battle-history">Go! Zelus (<strong>Inteleon</strong>)!<br></div><div class="spacer battle-history"><br></div><div class="battle-history">H2OPulse sent out Spilly (<strong>Araquanid</strong>)!<br></div><div class="spacer battle-history"><br></div><h2 class="battle-history">Turn 1</h2><div class="spacer battle-history"><br></div><div class="battle-history"><small>Zelus's Inteleonite is reacting to the Key Stone!</small><br>Zelus has Mega Evolved into Mega Inteleon!<br></div><div class="chat"><ul class="utilichart"><li class="result"><span class="col pokemonnamecol" style="white-space: nowrap">Inteleon-Mega</span> <span class="col typecol"><img src="https://play.pokemonshowdown.com/sprites/types/Water.png" alt="Water" height="14" width="32"><img src="https://play.pokemonshowdown.com/sprites/types/Bug.png" alt="Bug" height="14" width="32"></span> <span style="float: left ; min-height: 26px"><span class="col abilitycol">Illusion</span><span class="col abilitycol"></span></span><span style="float: left ; min-height: 26px"><span class="col statcol"><em>HP</em><br>70</span> <span class="col statcol"><em>Atk</em><br>145</span> <span class="col statcol"><em>Def</em><br>102</span> <span class="col statcol"><em>SpA</em><br>85</span> <span class="col statcol"><em>SpD</em><br>102</span> <span class="col statcol"><em>Spe</em><br>126</span> </span></li><li style="clear: both"></li></ul></div><div class="battle-history"><small>(Inteleon-Mega was submitted by inkbug!)</small><br></div><div class="spacer battle-history"><br></div><div class="battle-history">Zelus used <strong>U-turn</strong>!<br></div><div class="battle-history"><small>(The opposing Spilly lost 53% of its health!)</small><br></div><div class="spacer battle-history"><br></div><div class="battle-history">Zelus went back to inkbug1!<br></div><div class="battle-history">Go! *dh105120060120048 (<strong>Mightyena</strong>)!<br></div><div class="chat"><ul class="utilichart"><li class="result"><span class="col pokemonnamecol" style="white-space: nowrap">Mightyena</span> <span class="col typecol"><img src="https://play.pokemonshowdown.com/sprites/types/Dark.png" alt="Dark" height="14" width="32"></span> <span style="float: left ; min-height: 26px"><span class="col abilitycol">Intimidate / Quick Feet / Moxie</span><span class="col abilitycol"></span></span></li><li style="clear: both"></li></ul></div><div class="chat"><ul class="utilichart"><li class="result"><span style="float: left ; min-height: 26px"><span class="col statcol"><em>HP</em><br>70</span> <span class="col statcol"><em>Atk</em><br>90</span> <span class="col statcol"><em>Def</em><br>70</span> <span class="col statcol"><em>SpA</em><br>60</span> <span class="col statcol"><em>SpD</em><br>60</span> <span class="col statcol"><em>Spe</em><br>70</span> </span></li><li style="clear: both"></li></ul></div><div class="spacer battle-history"><br></div><div class="battle-history">The opposing Spilly used <strong>Sticky Web</strong>!<br></div><div class="battle-history"><small>A sticky web has been laid out on the ground around your team!</small><br></div><div class="spacer battle-history"><br></div><h2 class="battle-history">Turn 2</h2><div class="chat chatmessage-h2opulse"><strong style="color:#6e8c2b"><small>☆</small><span class="username" data-name="H2OPulse">H2OPulse</span>:</strong> <em>Is... is this <i>Scrafiti</i></em></div><div class="chat chatmessage-inkbug1 mine"><strong style="color:#e46e0f"><small>☆</small><span class="username" data-name="inkbug1">inkbug1</span>:</strong> <em>y</em></div><div class="chat chatmessage-h2opulse"><strong style="color:#6e8c2b"><small>☆</small><span class="username" data-name="H2OPulse">H2OPulse</span>:</strong> <em>:eyes:</em></div><div class="spacer battle-history"><br></div><div class="battle-history">*dh105120060120048 used <strong>Copycat</strong>!<br></div><div class="spacer battle-history"><br></div><div class="battle-history">*dh105120060120048 used <strong>Sticky Web</strong>!<br></div><div class="battle-history"><small>A sticky web has been laid out on the ground around the opposing team!</small><br></div><div class="spacer battle-history"><br></div><div class="battle-history">The opposing Spilly used <strong>Liquidation</strong>!<br></div><div class="battle-history"><small>(*dh105120060120048 lost <abbr title="−205/343">59.8%</abbr> of its health!)</small><br></div><div class="spacer battle-history"><br></div><div class="battle-history"><small>*dh105120060120048 restored a little HP using its Leftovers!</small><br></div><div class="spacer battle-history"><br></div><h2 class="battle-history">Turn 3</h2><div class="chat chatmessage-h2opulse"><strong style="color:#6e8c2b"><small>☆</small><span class="username" data-name="H2OPulse">H2OPulse</span>:</strong> <em>rudeee</em></div><div class="spacer battle-history"><br></div><div class="battle-history">The opposing Spilly used <strong>Liquidation</strong>!<br></div><div class="battle-history"><small>(*dh105120060120048 lost <abbr title="−159/343">46.4%</abbr> of its health!)</small><br></div><div class="spacer battle-history"><br></div><div class="battle-history">*dh105120060120048 fainted!<br></div><div class="chat chatmessage-inkbug1 mine"><strong style="color:#e46e0f"><small>☆</small><span class="username" data-name="inkbug1">inkbug1</span>:</strong> <em>ok i forgot i was slow</em></div><div class="chat chatmessage-inkbug1 mine"><strong style="color:#e46e0f"><small>☆</small><span class="username" data-name="inkbug1">inkbug1</span>:</strong> <em>i am dum</em></div><div class="chat chatmessage-h2opulse"><strong style="color:#6e8c2b"><small>☆</small><span class="username" data-name="H2OPulse">H2OPulse</span>:</strong> <em>Ksjhdf fai r</em></div><div class="spacer battle-history"><br></div><div class="battle-history">Go! Sparknado (<strong>Regieleki</strong>)!<br></div><div class="battle-history"><small>Sparknado was caught in a sticky web!</small><br></div><div class="battle-history"><small>Sparknado's Speed fell!</small><br></div><div class="spacer battle-history"><br></div><h2 class="battle-history">Turn 4</h2><div class="spacer battle-history"><br></div><div class="battle-history">H2OPulse withdrew Spilly!<br></div><div class="battle-history">H2OPulse sent out *xx132100115115080 (<strong>Decidueye-Hisui</strong>)!<br></div><div class="battle-history"><small>The opposing *xx132100115115080 was caught in a sticky web!</small><br></div><div class="battle-history"><small>The opposing *xx132100115115080's Speed fell!</small><br></div><div class="chat"><ul class="utilichart"><li class="result"><span class="col pokemonnamecol" style="white-space: nowrap">Decidueye-Hisui</span> <span class="col typecol"><img src="https://play.pokemonshowdown.com/sprites/types/Grass.png" alt="Grass" height="14" width="32"><img src="https://play.pokemonshowdown.com/sprites/types/Fighting.png" alt="Fighting" height="14" width="32"></span></li><li style="clear: both"></li></ul></div><div class="chat"><ul class="utilichart"><li class="result"><span style="float: left ; min-height: 26px"><span class="col statcol"><em>HP</em><br>88</span> <span class="col statcol"><em>Atk</em><br>112</span> <span class="col statcol"><em>Def</em><br>80</span> <span class="col statcol"><em>SpA</em><br>95</span> <span class="col statcol"><em>SpD</em><br>95</span> <span class="col statcol"><em>Spe</em><br>60</span> </span></li><li style="clear: both"></li></ul></div><div class="spacer battle-history"><br></div><div class="battle-history">Sparknado used <strong>U-turn</strong>!<br></div><div class="battle-history"><small>(The opposing *xx132100115115080 lost 30% of its health!)</small><br></div><div class="chat chatmessage-h2opulse"><strong style="color:#6e8c2b"><small>☆</small><span class="username" data-name="H2OPulse">H2OPulse</span>:</strong> <em>Oh that</em></div><div class="spacer battle-history"><br></div><div class="battle-history">Sparknado went back to inkbug1!<br></div><div class="battle-history">Go! Jawbreaker (<strong>Overqwil</strong>)!<br></div><div class="chat"><ul class="utilichart"><li class="result"><span class="col pokemonnamecol" style="white-space: nowrap">Overqwil</span> <span class="col typecol"><img src="https://play.pokemonshowdown.com/sprites/types/Dark.png" alt="Dark" height="14" width="32"><img src="https://play.pokemonshowdown.com/sprites/types/Poison.png" alt="Poison" height="14" width="32"></span></li><li style="clear: both"></li></ul></div><div class="chat"><ul class="utilichart"><li class="result"><span style="float: left ; min-height: 26px"><span class="col statcol"><em>HP</em><br>85</span> <span class="col statcol"><em>Atk</em><br>115</span> <span class="col statcol"><em>Def</em><br>95</span> <span class="col statcol"><em>SpA</em><br>65</span> <span class="col statcol"><em>SpD</em><br>65</span> <span class="col statcol"><em>Spe</em><br>85</span> </span></li><li style="clear: both"></li></ul></div><div class="battle-history"><small>Jawbreaker was caught in a sticky web!</small><br></div><div class="battle-history"><small>Jawbreaker's Speed fell!</small><br></div><div class="battle-history">[Jawbreaker's Intimidate]<br></div><div class="battle-history"><small>The opposing *xx132100115115080's Attack fell!</small><br></div><div class="spacer battle-history"><br></div><h2 class="battle-history">Turn 5</h2><div class="spacer battle-history"><br></div><div class="battle-history">H2OPulse withdrew *xx132100115115080!<br></div><div class="battle-history">H2OPulse sent out Garlick (<strong>Skuntank</strong>)!<br></div><div class="battle-history"><small>The opposing Garlick was caught in a sticky web!</small><br></div><div class="battle-history"><small>The opposing Garlick's Speed fell!</small><br></div><div class="spacer battle-history"><br></div><div class="battle-history">Jawbreaker used <strong>Barb Barrage</strong>!<br></div><div class="battle-history"><small>It's not very effective...</small><br></div><div class="battle-history"><small>(The opposing Garlick lost 22% of its health!)</small><br></div><div class="spacer battle-history"><br></div><div class="battle-history"><small>The opposing Garlick restored a little HP using its Black Sludge!</small><br></div><div class="spacer battle-history"><br></div><h2 class="battle-history">Turn 6</h2><div class="spacer battle-history"><br></div><div class="battle-history">Jawbreaker, come back!<br></div><div class="battle-history">Go! Sparknado (<strong>Regieleki</strong>)!<br></div><div class="battle-history"><small>Sparknado was caught in a sticky web!</small><br></div><div class="battle-history"><small>Sparknado's Speed fell!</small><br></div><div class="spacer battle-history"><br></div><div class="battle-history">The opposing Garlick used <strong>Defog</strong>!<br></div><div class="battle-history"><small>Sparknado's evasiveness fell!</small><br></div><div class="battle-history"><small>The sticky web has disappeared from the ground around your team!</small><br></div><div class="battle-history"><small>The sticky web has disappeared from the ground around the opposing team!</small><br></div><div class="spacer battle-history"><br></div><div class="battle-history"><small>The opposing Garlick restored a little HP using its Black Sludge!</small><br></div><div class="spacer battle-history"><br></div><h2 class="battle-history">Turn 7</h2><div class="spacer battle-history"><br></div><div class="battle-history">H2OPulse withdrew Garlick!<br></div><div class="battle-history">H2OPulse sent out *xx132100115115080 (<strong>Decidueye-Hisui</strong>)!<br></div><div class="spacer battle-history"><br></div><div class="battle-history">Sparknado used <strong>Swords Dance</strong>!<br></div><div class="battle-history"><small>Sparknado's Attack rose sharply!</small><br></div><div class="spacer battle-history"><br></div><h2 class="battle-history">Turn 8</h2><div class="chat chatmessage-h2opulse"><strong style="color:#6e8c2b"><small>☆</small><span class="username" data-name="H2OPulse">H2OPulse</span>:</strong> <em>hnnnnn</em></div><div class="spacer battle-history"><br></div><div class="battle-history"><small>The opposing *xx132100115115080 is reacting to H2OPulse's Key Stone!</small><br>The opposing *xx132100115115080 has Mega Evolved into Mega Decidueye-Hisui!<br></div><div class="chat"><ul class="utilichart"><li class="result"><span class="col pokemonnamecol" style="white-space: nowrap">Decidueye-Hisui-Mega</span> <span class="col typecol"><img src="https://play.pokemonshowdown.com/sprites/types/Grass.png" alt="Grass" height="14" width="32"><img src="https://play.pokemonshowdown.com/sprites/types/Fighting.png" alt="Fighting" height="14" width="32"></span> <span style="float: left ; min-height: 26px"><span class="col abilitycol">coupdegrass</span><span class="col abilitycol"></span></span><span style="float: left ; min-height: 26px"><span class="col statcol"><em>HP</em><br>88</span> <span class="col statcol"><em>Atk</em><br>132</span> <span class="col statcol"><em>Def</em><br>100</span> <span class="col statcol"><em>SpA</em><br>115</span> <span class="col statcol"><em>SpD</em><br>115</span> <span class="col statcol"><em>Spe</em><br>080</span> </span></li><li style="clear: both"></li></ul></div><div class="spacer battle-history"><br></div><div class="battle-history">Sparknado used <strong>Fell Stinger</strong>!<br></div><div class="battle-history"><small>(The opposing *xx132100115115080 lost 35% of its health!)</small><br></div><div class="spacer battle-history"><br></div><div class="battle-history">The opposing *xx132100115115080 used <strong>Leaf Blade</strong>!<br></div><div class="battle-history"><small>(Sparknado lost <abbr title="−133/281">47.3%</abbr> of its health!)</small><br></div><div class="battle-history"><small>Zelus's illusion wore off!</small><br></div><div class="spacer battle-history"><br></div><h2 class="battle-history">Turn 9</h2><div class="chat chatmessage-inkbug1 mine"><strong style="color:#e46e0f"><small>☆</small><span class="username" data-name="inkbug1">inkbug1</span>:</strong> <em>omg omg</em></div><div class="chat chatmessage-h2opulse"><strong style="color:#6e8c2b"><small>☆</small><span class="username" data-name="H2OPulse">H2OPulse</span>:</strong> <em>I don't want to be mean to Cacturne so I don't think this should be allowed but</em></div><div class="chat chatmessage-inkbug1 mine"><strong style="color:#e46e0f"><small>☆</small><span class="username" data-name="inkbug1">inkbug1</span>:</strong> <em>right fair</em></div><div class="chat chatmessage-inkbug1 mine"><strong style="color:#e46e0f"><small>☆</small><span class="username" data-name="inkbug1">inkbug1</span>:</strong> <em>but thats what sandbox is for rlly :D </em></div><div class="spacer battle-history"><br></div><div class="battle-history">[The opposing *xx132100115115080's Coup de Grass]<br></div><div class="battle-history"><small>*xx132100115115080 prepared to move immediately!</small><br></div><div class="spacer battle-history"><br></div><div class="battle-history">The opposing *xx132100115115080 used <strong>Roost</strong>!<br></div><div class="battle-history"><small>The opposing *xx132100115115080 had its HP restored.</small><br></div><div class="spacer battle-history"><br></div><div class="battle-history">Zelus used <strong>U-turn</strong>!<br></div><div class="battle-history"><small>(The opposing *xx132100115115080 lost 53% of its health!)</small><br></div><div class="spacer battle-history"><br></div><div class="battle-history">Zelus went back to inkbug1!<br></div><div class="battle-history">Go! Jawbreaker (<strong>Overqwil</strong>)!<br></div><div class="battle-history">[Jawbreaker's Intimidate]<br></div><div class="battle-history"><small>The opposing *xx132100115115080's Attack fell!</small><br></div><div class="spacer battle-history"><br></div><h2 class="battle-history">Turn 10</h2><div class="spacer battle-history"><br></div><div class="battle-history">[The opposing *xx132100115115080's Coup de Grass]<br></div><div class="battle-history"><small>*xx132100115115080 prepared to move immediately!</small><br></div><div class="spacer battle-history"><br></div><div class="battle-history">The opposing *xx132100115115080 used <strong>Roost</strong>!<br></div><div class="battle-history"><small>The opposing *xx132100115115080 had its HP restored.</small><br></div><div class="spacer battle-history"><br></div><div class="battle-history">Jawbreaker used <strong>Barb Barrage</strong>!<br></div><div class="battle-history"><small>It's super effective!</small><br></div><div class="battle-history"><small>(The opposing *xx132100115115080 lost 57% of its health!)</small><br></div><div class="spacer battle-history"><br></div><h2 class="battle-history">Turn 11</h2><div class="chat chatmessage-h2opulse"><strong style="color:#6e8c2b"><small>☆</small><span class="username" data-name="H2OPulse">H2OPulse</span>:</strong> <em>Ow fair</em></div><div class="spacer battle-history"><br></div><div class="battle-history">Jawbreaker, come back!<br></div><div class="battle-history">Go! Eloise (<strong>Tsareena</strong>)!<br></div><div class="spacer battle-history"><br></div><div class="battle-history">H2OPulse withdrew *xx132100115115080!<br></div><div class="battle-history">H2OPulse sent out Sword Lily (<strong>Bisharp</strong>)!<br></div><div class="spacer battle-history"><br></div><h2 class="battle-history">Turn 12</h2><div class="chat chatmessage-h2opulse"><strong style="color:#6e8c2b"><small>☆</small><span class="username" data-name="H2OPulse">H2OPulse</span>:</strong> <em>Fairrrr</em></div><div class="chat chatmessage-h2opulse"><strong style="color:#6e8c2b"><small>☆</small><span class="username" data-name="H2OPulse">H2OPulse</span>:</strong> <em>u h</em></div><div class="spacer battle-history"><br></div><div class="battle-history">Eloise used <strong>Power Whip</strong>!<br></div><div class="battle-history"><small>It's not very effective...</small><br></div><div class="battle-history"><small>(The opposing Sword Lily lost 30% of its health!)</small><br></div><div class="spacer battle-history"><br></div><div class="battle-history">The opposing Sword Lily used <strong>Knock Off</strong>!<br></div><div class="battle-history"><small>(Eloise lost <abbr title="−225/348">64.7%</abbr> of its health!)</small><br></div><div class="battle-history"><small>The opposing Sword Lily knocked off Eloise's Assault Vest!</small><br></div><div class="spacer battle-history"><br></div><h2 class="battle-history">Turn 13</h2><div class="chat chatmessage-inkbug1 mine"><strong style="color:#e46e0f"><small>☆</small><span class="username" data-name="inkbug1">inkbug1</span>:</strong> <em>right that hurts like a lot</em></div><div class="spacer battle-history"><br></div><div class="battle-history">Eloise, come back!<br></div><div class="battle-history">Go! Sparknado (<strong>Regieleki</strong>)!<br></div><div class="spacer battle-history"><br></div><div class="battle-history">The opposing Sword Lily used <strong>Iron Head</strong>!<br></div><div class="battle-history"><small>It's not very effective...</small><br></div><div class="battle-history"><small>(Sparknado lost <abbr title="−79/281">28.1%</abbr> of its health!)</small><br></div><div class="battle-history"><small>Zelus's illusion wore off!</small><br></div><div class="spacer battle-history"><br></div><h2 class="battle-history">Turn 14</h2><div class="spacer battle-history"><br></div><div class="battle-history">Zelus used <strong>U-turn</strong>!<br></div><div class="battle-history"><small>(The opposing Sword Lily lost 38% of its health!)</small><br></div><div class="spacer battle-history"><br></div><div class="battle-history">Zelus went back to inkbug1!<br></div><div class="battle-history">Go! Sparknado (<strong>Regieleki</strong>)!<br></div><div class="spacer battle-history"><br></div><div class="battle-history">The opposing Sword Lily used <strong>Knock Off</strong>!<br></div><div class="battle-history"><small>(Sparknado lost <abbr title="−364/364">100%</abbr> of its health!)</small><br></div><div class="battle-history"><small>The opposing Sword Lily knocked off Sparknado's Light Clay!</small><br></div><div class="spacer battle-history"><br></div><div class="battle-history">Sparknado fainted!<br></div><div class="chat chatmessage-inkbug1 mine"><strong style="color:#e46e0f"><small>☆</small><span class="username" data-name="inkbug1">inkbug1</span>:</strong> <em>yea ok</em></div><div class="spacer battle-history"><br></div><div class="battle-history">Go! Jawbreaker (<strong>Overqwil</strong>)!<br></div><div class="spacer battle-history"><br></div><h2 class="battle-history">Turn 15</h2><div class="spacer battle-history"><br></div><div class="battle-history">The opposing Sword Lily used <strong>Sucker Punch</strong>!<br></div><div class="battle-history"><small>(Jawbreaker lost <abbr title="−69/281">24.6%</abbr> of its health!)</small><br></div><div class="battle-history"><small>Zelus's illusion wore off!</small><br></div><div class="spacer battle-history"><br></div><div class="battle-history">Zelus fainted!<br></div><div class="spacer battle-history"><br></div><div class="battle-history">Go! Jawbreaker (<strong>Overqwil</strong>)!<br></div><div class="spacer battle-history"><br></div><h2 class="battle-history">Turn 16</h2><div class="chat chatmessage-inkbug1 mine"><strong style="color:#e46e0f"><small>☆</small><span class="username" data-name="inkbug1">inkbug1</span>:</strong> <em>well i have done <i>something</i> wrong this match </em></div><div class="chat chatmessage-inkbug1 mine"><strong style="color:#e46e0f"><small>☆</small><span class="username" data-name="inkbug1">inkbug1</span>:</strong> <em>but i am a bit too loopy to know what </em></div><div class="chat chatmessage-h2opulse"><strong style="color:#6e8c2b"><small>☆</small><span class="username" data-name="H2OPulse">H2OPulse</span>:</strong> <em>wait which one of you is alive I can't rem</em></div><div class="chat chatmessage-h2opulse"><strong style="color:#6e8c2b"><small>☆</small><span class="username" data-name="H2OPulse">H2OPulse</span>:</strong> <em><i>oh</i></em></div><div class="chat chatmessage-h2opulse"><strong style="color:#6e8c2b"><small>☆</small><span class="username" data-name="H2OPulse">H2OPulse</span>:</strong> <em>the last</em></div><div class="chat chatmessage-h2opulse"><strong style="color:#6e8c2b"><small>☆</small><span class="username" data-name="H2OPulse">H2OPulse</span>:</strong> <em>the last Overqwil was Zelus</em></div><div class="chat chatmessage-h2opulse"><strong style="color:#6e8c2b"><small>☆</small><span class="username" data-name="H2OPulse">H2OPulse</span>:</strong> <em>I see</em></div><div class="chat chatmessage-h2opulse"><strong style="color:#6e8c2b"><small>☆</small><span class="username" data-name="H2OPulse">H2OPulse</span>:</strong> <em>khfdsjkhg</em></div><div class="chat chatmessage-inkbug1 mine"><strong style="color:#e46e0f"><small>☆</small><span class="username" data-name="inkbug1">inkbug1</span>:</strong> <em>yes it was </em></div><div class="spacer battle-history"><br></div><div class="battle-history">Jawbreaker used <strong>Substitute</strong>!<br></div><div class="battle-history"><small>Jawbreaker put in a substitute!</small><br></div><div class="battle-history"><small>(Jawbreaker lost <abbr title="−62/251">24.7%</abbr> of its health!)</small><br></div><div class="spacer battle-history"><br></div><div class="battle-history">The opposing Sword Lily used <strong>Iron Head</strong>!<br></div><div class="battle-history"><small>Jawbreaker's substitute faded!</small><br></div><div class="spacer battle-history"><br></div><div class="battle-history"><small>Jawbreaker restored a little HP using its Leftovers!</small><br></div><div class="spacer battle-history"><br></div><h2 class="battle-history">Turn 17</h2><div class="chat chatmessage-h2opulse"><strong style="color:#6e8c2b"><small>☆</small><span class="username" data-name="H2OPulse">H2OPulse</span>:</strong> <em>oh but this is Zoroark! okay</em></div><div class="spacer battle-history"><br></div><div class="battle-history">Jawbreaker used <strong>Bitter Malice</strong>!<br></div><div class="battle-history"><small>It's not very effective...</small><br></div><div class="battle-history"><small>(The opposing Sword Lily lost 20% of its health!)</small><br></div><div class="battle-history"><small>The opposing Sword Lily was frozen solid!</small><br></div><div class="battle-history"><small>(Sword Lily is frostbitten! It can still use moves, but its special moves will be half as strong.)</small><br></div><div class="battle-history"><small>(Like a burn, frostbite will damage the afflicted Pokémon at the end of each turn.)</small><br></div><div class="spacer battle-history"><br></div><div class="battle-history">The opposing Sword Lily used <strong>Iron Head</strong>!<br></div><div class="battle-history"><small>(Jawbreaker lost <abbr title="−204/251">81.3%</abbr> of its health!)</small><br></div><div class="battle-history"><small>Willow's illusion wore off!</small><br></div><div class="chat"><ul class="utilichart"><li class="result"><span class="col pokemonnamecol" style="white-space: nowrap">Zoroark-Hisui</span> <span class="col typecol"><img src="https://play.pokemonshowdown.com/sprites/types/Normal.png" alt="Normal" height="14" width="32"><img src="https://play.pokemonshowdown.com/sprites/types/Ghost.png" alt="Ghost" height="14" width="32"></span> <span style="float: left ; min-height: 26px"><span class="col abilitycol">Illusion</span><span class="col abilitycol"></span></span></li><li style="clear: both"></li></ul></div><div class="chat"><ul class="utilichart"><li class="result"><span style="float: left ; min-height: 26px"><span class="col statcol"><em>HP</em><br>55</span> <span class="col statcol"><em>Atk</em><br>100</span> <span class="col statcol"><em>Def</em><br>60</span> <span class="col statcol"><em>SpA</em><br>125</span> <span class="col statcol"><em>SpD</em><br>60</span> <span class="col statcol"><em>Spe</em><br>110</span> </span></li><li style="clear: both"></li></ul></div><div class="spacer battle-history"><br></div><div class="battle-history">Willow fainted!<br></div><div class="spacer battle-history"><br></div><div class="battle-history"><small>(Sword Lily is afflicted with frostbite!)</small><br></div><div class="battle-history"><small>(The opposing Sword Lily was hurt!)</small><br></div><div class="spacer battle-history"><br></div><div class="battle-history">Go! Eloise (<strong>Tsareena</strong>)!<br></div><div class="spacer battle-history"><br></div><h2 class="battle-history">Turn 18</h2><div class="spacer battle-history"><br></div><div class="battle-history">Eloise used <strong>Rapid Spin</strong>!<br></div><div class="battle-history"><small>It's not very effective...</small><br></div><div class="battle-history"><small>(The opposing Sword Lily lost 6% of its health!)</small><br></div><div class="battle-history"><small>Eloise's Speed rose!</small><br></div><div class="spacer battle-history"><br></div><div class="battle-history">The opposing Sword Lily fainted!<br></div><div class="spacer battle-history"><br></div><div class="battle-history">H2OPulse sent out Garlick (<strong>Skuntank</strong>)!<br></div><div class="spacer battle-history"><br></div><h2 class="battle-history">Turn 19</h2><div class="spacer battle-history"><br></div><div class="battle-history">Eloise, come back!<br></div><div class="battle-history">Go! Jawbreaker (<strong>Overqwil</strong>)!<br></div><div class="battle-history">[Jawbreaker's Intimidate]<br></div><div class="battle-history"><small>The opposing Garlick's Attack fell!</small><br></div><div class="spacer battle-history"><br></div><div class="battle-history">The opposing Garlick used <strong>Flamethrower</strong>!<br></div><div class="battle-history"><small>(Jawbreaker lost <abbr title="−115/374">30.7%</abbr> of its health!)</small><br></div><div class="spacer battle-history"><br></div><div class="battle-history"><small>The opposing Garlick restored a little HP using its Black Sludge!</small><br></div><div class="spacer battle-history"><br></div><h2 class="battle-history">Turn 20</h2><div class="spacer battle-history"><br></div><div class="battle-history">Jawbreaker used <strong>Aqua Tail</strong>!<br></div><div class="battle-history"><small>(The opposing Garlick lost 40% of its health!)</small><br></div><div class="spacer battle-history"><br></div><div class="battle-history">The opposing Garlick used <strong>Nasty Plot</strong>!<br></div><div class="battle-history"><small>The opposing Garlick's Sp. Atk rose sharply!</small><br></div><div class="spacer battle-history"><br></div><div class="battle-history"><small>The opposing Garlick restored a little HP using its Black Sludge!</small><br></div><div class="spacer battle-history"><br></div><h2 class="battle-history">Turn 21</h2><div class="spacer battle-history"><br></div><div class="battle-history">Jawbreaker used <strong>Aqua Tail</strong>!<br></div><div class="battle-history"><small>(The opposing Garlick lost 40% of its health!)</small><br></div><div class="spacer battle-history"><br></div><div class="battle-history">The opposing Garlick used <strong>Flamethrower</strong>!<br></div><div class="battle-history"><small>(Jawbreaker lost <abbr title="−228/374">61.0%</abbr> of its health!)</small><br></div><div class="spacer battle-history"><br></div><div class="battle-history"><small>The opposing Garlick restored a little HP using its Black Sludge!</small><br></div><div class="spacer battle-history"><br></div><h2 class="battle-history">Turn 22</h2><div class="chat chatmessage-h2opulse"><strong style="color:#6e8c2b"><small>☆</small><span class="username" data-name="H2OPulse">H2OPulse</span>:</strong> <em>Oh fair okay uh</em></div><div class="spacer battle-history"><br></div><div class="battle-history">Jawbreaker used <strong>Aqua Tail</strong>!<br></div><div class="battle-history"><small>(The opposing Garlick lost 28% of its health!)</small><br></div><div class="battle-history">[The opposing Garlick's Aftermath]<br><small>Jawbreaker was hurt!</small><br></div><div class="spacer battle-history"><br></div><div class="battle-history">The opposing Garlick fainted!<br></div><div class="battle-history">Jawbreaker fainted!<br></div><div class="chat chatmessage-inkbug1 mine"><strong style="color:#e46e0f"><small>☆</small><span class="username" data-name="inkbug1">inkbug1</span>:</strong> <em>yea</em></div><div class="chat chatmessage-h2opulse"><strong style="color:#6e8c2b"><small>☆</small><span class="username" data-name="H2OPulse">H2OPulse</span>:</strong> <em>I forgot I had that is that the first time it has activated</em></div><div class="spacer battle-history"><br></div><div class="battle-history">Go! Eloise (<strong>Tsareena</strong>)!<br></div><div class="spacer battle-history"><br></div><div class="battle-history">H2OPulse sent out Myrrh (<strong>Typhlosion-Hisui</strong>)!<br></div><div class="chat"><ul class="utilichart"><li class="result"><span class="col pokemonnamecol" style="white-space: nowrap">Typhlosion-Hisui</span> <span class="col typecol"><img src="https://play.pokemonshowdown.com/sprites/types/Fire.png" alt="Fire" height="14" width="32"><img src="https://play.pokemonshowdown.com/sprites/types/Ghost.png" alt="Ghost" height="14" width="32"></span> <span style="float: left ; min-height: 26px"><span class="col abilitycol">Blaze / Flash Fire</span><span class="col abilitycol"></span></span></li><li style="clear: both"></li></ul></div><div class="chat"><ul class="utilichart"><li class="result"><span style="float: left ; min-height: 26px"><span class="col statcol"><em>HP</em><br>73</span> <span class="col statcol"><em>Atk</em><br>84</span> <span class="col statcol"><em>Def</em><br>78</span> <span class="col statcol"><em>SpA</em><br>119</span> <span class="col statcol"><em>SpD</em><br>85</span> <span class="col statcol"><em>Spe</em><br>95</span> </span></li><li style="clear: both"></li></ul></div><div class="spacer battle-history"><br></div><h2 class="battle-history">Turn 23</h2><div class="chat chatmessage-inkbug1 mine"><strong style="color:#e46e0f"><small>☆</small><span class="username" data-name="inkbug1">inkbug1</span>:</strong> <em>kajshdaks</em></div><div class="chat chatmessage-h2opulse"><strong style="color:#6e8c2b"><small>☆</small><span class="username" data-name="H2OPulse">H2OPulse</span>:</strong> <em>Good game :'D</em></div><div class="spacer battle-history"><br></div><div class="battle-history">The opposing Myrrh used <strong>Eruption</strong>!<br></div><div class="battle-history"><small>It's super effective!</small><br></div><div class="battle-history"><small>(Eloise lost <abbr title="−123/348">35.3%</abbr> of its health!)</small><br></div><div class="spacer battle-history"><br></div><div class="battle-history">Eloise fainted!<br></div><div class="spacer battle-history"><br></div><div class="battle-history"><strong>H2OPulse</strong> won the battle!<br></div><div class="chat chatmessage-inkbug1 mine"><strong style="color:#e46e0f"><small>☆</small><span class="username" data-name="inkbug1">inkbug1</span>:</strong> <em>lord</em></div></div><div class="inner-preempt message-log"></div></div></div>
</div>
<script>
let daily = Math.floor(Date.now()/1000/60/60/24);document.write('<script src="https://dragonheaven.herokuapp.com/js/replay-embed.js?version'+daily+'"></'+'script>');
</script>
