<!DOCTYPE html>
<meta charset="utf-8" />
<!-- version 1 -->
<title>[Gen 8] M4A VGC x Hisui Tour replay: inkbug1 vs. H2OPulse</title>
<style>
html,body {font-family:Verdana, sans-serif;font-size:10pt;margin:0;padding:0;}body{padding:12px 0;} .battle-log {font-family:Verdana, sans-serif;font-size:10pt;} .battle-log-inline {border:1px solid #AAAAAA;background:#EEF2F5;color:black;max-width:640px;margin:0 auto 80px;padding-bottom:5px;} .battle-log .inner {padding:4px 8px 0px 8px;} .battle-log .inner-preempt {padding:0 8px 4px 8px;} .battle-log .inner-after {margin-top:0.5em;} .battle-log h2 {margin:0.5em -8px;padding:4px 8px;border:1px solid #AAAAAA;background:#E0E7EA;border-left:0;border-right:0;font-family:Verdana, sans-serif;font-size:13pt;} .battle-log .chat {vertical-align:middle;padding:3px 0 3px 0;font-size:8pt;} .battle-log .chat strong {color:#40576A;} .battle-log .chat em {padding:1px 4px 1px 3px;color:#000000;font-style:normal;} .chat.mine {background:rgba(0,0,0,0.05);margin-left:-8px;margin-right:-8px;padding-left:8px;padding-right:8px;} .spoiler {color:#BBBBBB;background:#BBBBBB;padding:0px 3px;} .spoiler:hover, .spoiler:active, .spoiler-shown {color:#000000;background:#E2E2E2;padding:0px 3px;} .spoiler a {color:#BBBBBB;} .spoiler:hover a, .spoiler:active a, .spoiler-shown a {color:#2288CC;} .chat code, .chat .spoiler:hover code, .chat .spoiler:active code, .chat .spoiler-shown code {border:1px solid #C0C0C0;background:#EEEEEE;color:black;padding:0 2px;} .chat .spoiler code {border:1px solid #CCCCCC;background:#CCCCCC;color:#CCCCCC;} .battle-log .rated {padding:3px 4px;} .battle-log .rated strong {color:white;background:#89A;padding:1px 4px;border-radius:4px;} .spacer {margin-top:0.5em;} .message-announce {background:#6688AA;color:white;padding:1px 4px 2px;} .message-announce a, .broadcast-green a, .broadcast-blue a, .broadcast-red a {color:#DDEEFF;} .broadcast-green {background-color:#559955;color:white;padding:2px 4px;} .broadcast-blue {background-color:#6688AA;color:white;padding:2px 4px;} .infobox {border:1px solid #6688AA;padding:2px 4px;} .infobox-limited {max-height:200px;overflow:auto;overflow-x:hidden;} .broadcast-red {background-color:#AA5544;color:white;padding:2px 4px;} .message-learn-canlearn {font-weight:bold;color:#228822;text-decoration:underline;} .message-learn-cannotlearn {font-weight:bold;color:#CC2222;text-decoration:underline;} .message-effect-weak {font-weight:bold;color:#CC2222;} .message-effect-resist {font-weight:bold;color:#6688AA;} .message-effect-immune {font-weight:bold;color:#666666;} .message-learn-list {margin-top:0;margin-bottom:0;} .message-throttle-notice, .message-error {color:#992222;} .message-overflow, .chat small.message-overflow {font-size:0pt;} .message-overflow::before {font-size:9pt;content:'...';} .subtle {color:#3A4A66;}
</style>
<div class="wrapper replay-wrapper" style="max-width:1180px;margin:0 auto">
<input type="hidden" name="replayid" value="dragonheaven-gen8m4avgcxhisuitour-55" />
<div class="battle"></div><div class="battle-log"></div><div class="replay-controls"></div><div class="replay-controls-2"></div>
<h1 style="font-weight:normal;text-align:center"><strong>[Gen 8] M4A VGC x Hisui Tour</strong><br /><a href="http://pokemonshowdown.com/users/inkbug1" class="subtle" target="_blank">inkbug1</a> vs. <a href="http://pokemonshowdown.com/users/h2opulse" class="subtle" target="_blank">H2OPulse</a></h1>
<script type="text/plain" class="battle-log-data">|j|☆inkbug1

|j|☆H2OPulse
|t:|1657998695
|player|p1|inkbug1|emmet|
|player|p2|H2OPulse|aetherfoundation|
|teamsize|p1|6
|teamsize|p2|6
|gametype|doubles
|gen|8
|tier|[Gen 8] M4A VGC x Hisui Tour
|clearpoke
|poke|p1|Ninetales-Alola, L50, M|
|poke|p1|Basculegion, L50, M|
|poke|p1|Lilligant-Hisui, L50, F|
|poke|p1|Wyrdeer, L50, M|
|poke|p1|Avalugg-Hisui, L50, M|
|poke|p1|Kricketune, L50, F|
|poke|p2|Weavile, L50, M|
|poke|p2|Lopunny, L50, M|
|poke|p2|Ninetales, L50, F|
|poke|p2|Lilligant-Hisui, L50, F|
|poke|p2|Typhlosion-Hisui, L50, M|
|poke|p2|Mismagius, L50, F|
|rule|Species Clause: Limit one of each Pokémon
|rule|Item Clause: Limit one of each item
|rule|Dynamax Clause: You cannot dynamax
|raw|<img src="https:\/\/raw.githubusercontent.com\/scoopapa\/DH\/master\/data\/mods\/m4av6\/sprites\/m4a_banner.png" height="65" width="381">
|-message|Welcome to Megas for All!
|-message|This is a National Dex-based format where we aim to give a new Mega Evolution to every Pokémon.
|-message|Just like any official format, you can still only Mega Evolve one Pokémon per team!
|-message|You can find our thread and metagame resources here:
|-message|https:\/\/www.smogon.com\/forums\/threads\/3671140\/
|teampreview|4
|c|☆inkbug1|ack
|c|☆inkbug1|helo
|j|+time to chill
|c|☆H2OPulse|Okay hi!!! I will actually be right back I haven't eaten yet and it is getting to me--
|c|☆H2OPulse|but good luck and have fun!!!
|c|☆inkbug1|pls eat !!!!!! 
|c|+time to chill|bon appétit!
|c|☆inkbug1|im building i guess so
|c|☆H2OPulse|Right okay O: Thank you both!!! Be right back
|c|+time to chill|im going to take a break now. It was nice watching your games :]
|c|+time to chill|take care!
|l|timetochill
|c|☆inkbug1|ah ok see you (sorryididnt see) 
|c|☆inkbug1|! 
|c|☆H2OPulse|Aaaa thank you Blue!! ;u;
|
|t:|1657999749
|start
|switch|p1a: Avalugg|Avalugg-Hisui, L50, M|201\/201
|switch|p1b: Wyrdeer|Wyrdeer, L50, M|210\/210
|switch|p2a: Clove|Lopunny, L50, M|48\/48
|switch|p2b: Myrrh|Typhlosion-Hisui, L50, M|48\/48
|-ability|p1b: Wyrdeer|Intimidate|boost
|-unboost|p2a: Clove|atk|1
|-unboost|p2b: Myrrh|atk|1
|turn|1
|c|☆inkbug1|hi hello! 
|c|☆H2OPulse|Hi!!
|c|☆inkbug1|sorry i was getting some tea
|
|t:|1657999825
|detailschange|p2a: Clove|Lopunny, L50, M
|-mega|p2a: Clove|Lopunny|Lopunnite
|-start|p2a: Clove|Lopunnite|[silent]
|-start|p2a: Clove|typechange|Normal\/Fighting|[silent]
|raw|<ul class="utilichart"><li class="result"><span class="col pokemonnamecol" style="white-space: nowrap">Lopunny<\/span> <span class="col typecol"><img src="https:\/\/dragonheaven.herokuapp.com\/sprites\/types\/Normal.png" alt="Normal" height="14" width="32"><img src="https:\/\/dragonheaven.herokuapp.com\/sprites\/types\/Fighting.png" alt="Fighting" height="14" width="32"><\/span> <span style="float: left ; min-height: 26px"><span class="col abilitycol">Scrappy<\/span><span class="col abilitycol"><\/span><\/span><span style="float: left ; min-height: 26px"><span class="col statcol"><em>HP<\/em><br>65<\/span> <span class="col statcol"><em>Atk<\/em><br>136<\/span> <span class="col statcol"><em>Def<\/em><br>94<\/span> <span class="col statcol"><em>SpA<\/em><br>54<\/span> <span class="col statcol"><em>SpD<\/em><br>96<\/span> <span class="col statcol"><em>Spe<\/em><br>135<\/span> <\/span><\/li><li style="clear: both"><\/li><\/ul>
|move|p1a: Avalugg|Protect|p1a: Avalugg
|-singleturn|p1a: Avalugg|Protect
|move|p2a: Clove|Close Combat|p1a: Avalugg
|-activate|p1a: Avalugg|move: Protect
|move|p2b: Myrrh|Eruption|p1b: Wyrdeer|[spread] p1b
|-activate|p1a: Avalugg|move: Protect
|-damage|p1b: Wyrdeer|60\/210
|-enditem|p1b: Wyrdeer|Sitrus Berry|[eat]
|-heal|p1b: Wyrdeer|112\/210|[from] item: Sitrus Berry
|move|p1b: Wyrdeer|Trick Room|p1b: Wyrdeer
|-fieldstart|move: Trick Room|[of] p1b: Wyrdeer
|
|upkeep
|turn|2
|c|☆H2OPulse|Right fair O:
|c|☆H2OPulse|Same (coffee)
|c|☆inkbug1|owww
|c|☆inkbug1|ill tak e tht
|c|☆H2OPulse|Holy heck that does a lot
|
|t:|1657999875
|move|p2b: Myrrh|Protect|p2b: Myrrh
|-singleturn|p2b: Myrrh|Protect
|move|p2a: Clove|Protect|p2a: Clove
|-singleturn|p2a: Clove|Protect
|move|p1a: Avalugg|Rock Slide|p2a: Clove|[spread] 
|-activate|p2a: Clove|move: Protect
|-activate|p2b: Myrrh|move: Protect
|move|p1b: Wyrdeer|Psychic|p2b: Myrrh
|-activate|p2b: Myrrh|move: Protect
|
|upkeep
|turn|3
|c|☆inkbug1|ive also built something much more incoherent than usual for nxt one
|c|☆inkbug1|so thats exciting
|
|t:|1657999925
|move|p1a: Avalugg|Rock Slide|p2b: Myrrh|[spread] p2a,p2b
|-resisted|p2a: Clove
|-supereffective|p2b: Myrrh
|-damage|p2a: Clove|38\/48
|-damage|p2b: Myrrh|5\/48
|move|p1b: Wyrdeer|Psychic|p2b: Myrrh
|-damage|p2b: Myrrh|0 fnt
|faint|p2b: Myrrh
|move|p2a: Clove|Close Combat|p1a: Avalugg
|-supereffective|p1a: Avalugg
|-damage|p1a: Avalugg|29\/201
|-unboost|p2a: Clove|def|1
|-unboost|p2a: Clove|spd|1
|-enditem|p1a: Avalugg|Weakness Policy
|-boost|p1a: Avalugg|atk|2|[from] item: Weakness Policy
|-boost|p1a: Avalugg|spa|2|[from] item: Weakness Policy
|
|upkeep
|c|☆H2OPulse|A h --
|
|t:|1657999943
|switch|p2b: Glove|Ninetales, L50, F|48\/48
|-weather|SunnyDay|[from] ability: Drought|[of] p2b: Glove
|turn|4
|
|t:|1657999956
|move|p2b: Glove|Protect|p2b: Glove
|-singleturn|p2b: Glove|Protect
|move|p2a: Clove|Protect|p2a: Clove
|-singleturn|p2a: Clove|Protect
|move|p1a: Avalugg|Rock Slide|p2b: Glove|[spread] 
|-activate|p2a: Clove|move: Protect
|-activate|p2b: Glove|move: Protect
|move|p1b: Wyrdeer|Psychic|p2a: Clove
|-activate|p2a: Clove|move: Protect
|
|-weather|SunnyDay|[upkeep]
|upkeep
|turn|5
|c|☆H2OPulse|Also hype!!
|c|☆inkbug1|trick room is like
|c|☆inkbug1|rly interesting
|c|☆inkbug1|because 
|
|t:|1658000000
|switch|p2b: Leek|Lilligant-Hisui, L50, F|48\/48
|move|p1a: Avalugg|Rock Slide|p2b: Leek|[spread] p2a,p2b
|-resisted|p2a: Clove
|-resisted|p2b: Leek
|-damage|p2a: Clove|6\/48
|-damage|p2b: Leek|24\/48g
|move|p1b: Wyrdeer|Psychic|p2a: Clove
|-supereffective|p2a: Clove
|-damage|p2a: Clove|0 fnt
|faint|p2a: Clove
|
|-weather|SunnyDay|[upkeep]
|-fieldend|move: Trick Room
|upkeep
|
|t:|1658000002
|switch|p2a: Glove|Ninetales, L50, F|48\/48
|turn|6
|
|t:|1658000022
|move|p1a: Avalugg|Protect|p1a: Avalugg
|-singleturn|p1a: Avalugg|Protect
|move|p2b: Leek|Leaf Blade|p1b: Wyrdeer
|-damage|p1b: Wyrdeer|0 fnt
|-damage|p2b: Leek|20\/48|[from] item: Life Orb
|faint|p1b: Wyrdeer
|move|p2a: Glove|Heat Wave|p1a: Avalugg
|-activate|p1a: Avalugg|move: Protect
|
|-weather|SunnyDay|[upkeep]
|upkeep
|c|☆inkbug1|like in singles it feels like it takes 5 d chess to get it to work at all but in doubles it just kind of goes 
|
|t:|1658000041
|switch|p1b: Kricketune|Kricketune, L50, F|183\/183
|turn|7
|c|☆H2OPulse|Ksfhfg yeah--
|c|☆inkbug1|i forgot i took protect off one of these sets bc im an idiot
|
|t:|1658000061
|detailschange|p1b: Kricketune|Kricketune, L50, F
|-mega|p1b: Kricketune|Kricketune|Kricketite
|-start|p1b: Kricketune|Kricketite|[silent]
|-start|p1b: Kricketune|typechange|Bug\/Fighting|[silent]
|raw|<ul class="utilichart"><li class="result"><span class="col pokemonnamecol" style="white-space: nowrap">Kricketune<\/span> <span class="col typecol"><img src="https:\/\/dragonheaven.herokuapp.com\/sprites\/types\/Bug.png" alt="Bug" height="14" width="32"><img src="https:\/\/dragonheaven.herokuapp.com\/sprites\/types\/Fighting.png" alt="Fighting" height="14" width="32"><\/span> <span style="float: left ; min-height: 26px"><span class="col abilitycol">Dancer<\/span><span class="col abilitycol"><\/span><\/span><span style="float: left ; min-height: 26px"><span class="col statcol"><em>HP<\/em><br>77<\/span> <span class="col statcol"><em>Atk<\/em><br>124<\/span> <span class="col statcol"><em>Def<\/em><br>86<\/span> <span class="col statcol"><em>SpA<\/em><br>15<\/span> <span class="col statcol"><em>SpD<\/em><br>51<\/span> <span class="col statcol"><em>Spe<\/em><br>131<\/span> <\/span><\/li><li style="clear: both"><\/li><\/ul>
|move|p2b: Leek|Sleep Powder|p1b: Kricketune|[miss]
|-miss|p2b: Leek|p1b: Kricketune
|move|p2a: Glove|Heat Wave|p1b: Kricketune|[spread] p1a,p1b
|-supereffective|p1b: Kricketune
|-damage|p1a: Avalugg|0 fnt
|-damage|p1b: Kricketune|9\/183
|faint|p1a: Avalugg
|move|p1b: Kricketune|String Shot|p2a: Glove|[spread] p2a,p2b
|-unboost|p2a: Glove|spe|2
|-unboost|p2b: Leek|spe|2
|
|-weather|SunnyDay|[upkeep]
|upkeep
|c|☆inkbug1|wh y did you live that
|c|☆H2OPulse|OH
|
|t:|1658000076
|switch|p1a: Lilligant|Lilligant-Hisui, L50, F|145\/145
|turn|8
|
|t:|1658000096
|move|p1a: Lilligant|Close Combat|p2b: Leek
|-damage|p2b: Leek|0 fnt
|-unboost|p1a: Lilligant|def|1
|-unboost|p1a: Lilligant|spd|1
|-damage|p1a: Lilligant|131\/145|[from] item: Life Orb
|faint|p2b: Leek
|move|p1b: Kricketune|Brick Break|p2a: Glove
|-damage|p2a: Glove|25\/48
|move|p2a: Glove|Heat Wave|p1a: Lilligant|[spread] p1a,p1b
|-supereffective|p1a: Lilligant
|-supereffective|p1b: Kricketune
|-damage|p1a: Lilligant|0 fnt
|-damage|p1b: Kricketune|0 fnt
|faint|p1a: Lilligant
|faint|p1b: Kricketune
|
|win|H2OPulse
|c|☆inkbug1|wheee 
|c|☆H2OPulse|MAN okay asdfh
|c|☆inkbug1|gg
|c|☆H2OPulse|Good game!!</script>
</div>
<div class="battle-log battle-log-inline"><div class="inner"><div class="battle-options"><div style="padding-top: 3px; padding-right: 3px; text-align: right"><button class="icon button" name="openBattleOptions" title="Options">Battle Options</button></div></div><div class="inner message-log"><div class="chat"><small>☆inkbug1 and ☆H2OPulse joined</small></div><div class=""><small>Format:</small> <br><strong>[Gen 8] M4A VGC x Hisui Tour</strong></div><div class=""><small><em>Species Clause:</em> Limit one of each Pokémon</small></div><div class=""><small><em>Item Clause:</em> Limit one of each item</small></div><div class=""><small><em>Dynamax Clause:</em> You cannot dynamax</small></div><div class="chat"><img src="https://raw.githubusercontent.com/scoopapa/DH/master/data/mods/m4av6/sprites/m4a_banner.png" height="65" width="381"></div><div class="spacer battle-history"><br></div><div class="battle-history"><small>Welcome to Megas for All!</small><br></div><div class="battle-history"><small>This is a National Dex-based format where we aim to give a new Mega Evolution to every Pokémon.</small><br></div><div class="battle-history"><small>Just like any official format, you can still only Mega Evolve one Pokémon per team!</small><br></div><div class="battle-history"><small>You can find our thread and metagame resources here:</small><br></div><div class="battle-history"><small>https://www.smogon.com/forums/threads/3671140/</small><br></div><div class="chat battle-history"><strong>inkbug1's team:</strong> <em style="color:#445566;display:block;">Ninetales-Alola / Basculegion / Lilligant-Hisui / Wyrdeer / Avalugg-Hisui / Kricketune</em></div><div class="chat battle-history"><strong>H2OPulse's team:</strong> <em style="color:#445566;display:block;">Weavile / Lopunny / Ninetales / Lilligant-Hisui / Typhlosion-Hisui / Mismagius</em></div><div class="chat chatmessage-inkbug1 mine"><strong style="color:#e46e0f"><small>☆</small><span class="username" data-name="inkbug1">inkbug1</span>:</strong> <em>ack</em></div><div class="chat chatmessage-inkbug1 mine"><strong style="color:#e46e0f"><small>☆</small><span class="username" data-name="inkbug1">inkbug1</span>:</strong> <em>helo</em></div><div class="chat"><small>+time to chill joined</small></div><div class="chat chatmessage-h2opulse"><strong style="color:#6e8c2b"><small>☆</small><span class="username" data-name="H2OPulse">H2OPulse</span>:</strong> <em>Okay hi!!! I will actually be right back I haven't eaten yet and it is getting to me--</em></div><div class="chat chatmessage-h2opulse"><strong style="color:#6e8c2b"><small>☆</small><span class="username" data-name="H2OPulse">H2OPulse</span>:</strong> <em>but good luck and have fun!!!</em></div><div class="chat chatmessage-inkbug1 mine"><strong style="color:#e46e0f"><small>☆</small><span class="username" data-name="inkbug1">inkbug1</span>:</strong> <em>pls eat !!!!!! </em></div><div class="chat chatmessage-timetochill"><strong style="color:#338e9e"><small>+</small><span class="username" data-name="time to chill">time to chill</span>:</strong> <em>bon appétit!</em></div><div class="chat chatmessage-inkbug1 mine"><strong style="color:#e46e0f"><small>☆</small><span class="username" data-name="inkbug1">inkbug1</span>:</strong> <em>im building i guess so</em></div><div class="chat chatmessage-h2opulse"><strong style="color:#6e8c2b"><small>☆</small><span class="username" data-name="H2OPulse">H2OPulse</span>:</strong> <em>Right okay O: Thank you both!!! Be right back</em></div><div class="chat chatmessage-timetochill"><strong style="color:#338e9e"><small>+</small><span class="username" data-name="time to chill">time to chill</span>:</strong> <em>im going to take a break now. It was nice watching your games :]</em></div><div class="chat chatmessage-timetochill"><strong style="color:#338e9e"><small>+</small><span class="username" data-name="time to chill">time to chill</span>:</strong> <em>take care!</em></div><div class="chat"><small>timetochill left</small></div><div class="chat chatmessage-inkbug1 mine"><strong style="color:#e46e0f"><small>☆</small><span class="username" data-name="inkbug1">inkbug1</span>:</strong> <em>ah ok see you (sorryididnt see) </em></div><div class="chat chatmessage-inkbug1 mine"><strong style="color:#e46e0f"><small>☆</small><span class="username" data-name="inkbug1">inkbug1</span>:</strong> <em>! </em></div><div class="chat chatmessage-h2opulse"><strong style="color:#6e8c2b"><small>☆</small><span class="username" data-name="H2OPulse">H2OPulse</span>:</strong> <em>Aaaa thank you Blue!! ;u;</em></div><div class="spacer battle-history"><br></div><div class="battle-history">Battle started between inkbug1 and H2OPulse!<br></div><div class="spacer battle-history"><br></div><div class="battle-history">Go! Avalugg (<strong>Avalugg-Hisui</strong>)!<br></div><div class="spacer battle-history"><br></div><div class="battle-history">Go! <strong>Wyrdeer</strong>!<br></div><div class="spacer battle-history"><br></div><div class="battle-history">H2OPulse sent out Clove (<strong>Lopunny</strong>)!<br></div><div class="spacer battle-history"><br></div><div class="battle-history">H2OPulse sent out Myrrh (<strong>Typhlosion-Hisui</strong>)!<br></div><div class="battle-history">[Wyrdeer's Intimidate]<br></div><div class="battle-history"><small>The opposing Clove's Attack fell!</small><br></div><div class="battle-history"><small>The opposing Myrrh's Attack fell!</small><br></div><div class="spacer battle-history"><br></div><h2 class="battle-history">Turn 1</h2><div class="chat chatmessage-inkbug1 mine"><strong style="color:#e46e0f"><small>☆</small><span class="username" data-name="inkbug1">inkbug1</span>:</strong> <em>hi hello! </em></div><div class="chat chatmessage-h2opulse"><strong style="color:#6e8c2b"><small>☆</small><span class="username" data-name="H2OPulse">H2OPulse</span>:</strong> <em>Hi!!</em></div><div class="chat chatmessage-inkbug1 mine"><strong style="color:#e46e0f"><small>☆</small><span class="username" data-name="inkbug1">inkbug1</span>:</strong> <em>sorry i was getting some tea</em></div><div class="spacer battle-history"><br></div><div class="battle-history"><small>The opposing Clove's Lopunnite is reacting to the Key Stone!</small><br>The opposing Clove has Mega Evolved into Mega Lopunny!<br></div><div class="chat"><ul class="utilichart"><li class="result"><span class="col pokemonnamecol" style="white-space: nowrap">Lopunny</span> <span class="col typecol"><img src="https://dragonheaven.herokuapp.com/sprites/types/Normal.png" alt="Normal" height="14" width="32"><img src="https://dragonheaven.herokuapp.com/sprites/types/Fighting.png" alt="Fighting" height="14" width="32"></span> <span style="float: left ; min-height: 26px"><span class="col abilitycol">Scrappy</span><span class="col abilitycol"></span></span><span style="float: left ; min-height: 26px"><span class="col statcol"><em>HP</em><br>65</span> <span class="col statcol"><em>Atk</em><br>136</span> <span class="col statcol"><em>Def</em><br>94</span> <span class="col statcol"><em>SpA</em><br>54</span> <span class="col statcol"><em>SpD</em><br>96</span> <span class="col statcol"><em>Spe</em><br>135</span> </span></li><li style="clear: both"></li></ul></div><div class="spacer battle-history"><br></div><div class="battle-history">Avalugg used <strong>Protect</strong>!<br></div><div class="battle-history"><small>Avalugg protected itself!</small><br></div><div class="spacer battle-history"><br></div><div class="battle-history">The opposing Clove used <strong>Close Combat</strong>!<br></div><div class="battle-history"><small>Avalugg protected itself!</small><br></div><div class="spacer battle-history"><br></div><div class="battle-history">The opposing Myrrh used <strong>Eruption</strong>!<br></div><div class="battle-history"><small>Avalugg protected itself!</small><br></div><div class="battle-history"><small>(Wyrdeer lost <abbr title="−150/210">71.4%</abbr> of its health!)</small><br></div><div class="battle-history"><small>(Wyrdeer ate its Sitrus Berry!)</small><br></div><div class="battle-history"><small>Wyrdeer restored HP using its Sitrus Berry!</small><br></div><div class="spacer battle-history"><br></div><div class="battle-history">Wyrdeer used <strong>Trick Room</strong>!<br></div><div class="battle-history"><small>Wyrdeer twisted the dimensions!</small><br></div><div class="spacer battle-history"><br></div><h2 class="battle-history">Turn 2</h2><div class="chat chatmessage-h2opulse"><strong style="color:#6e8c2b"><small>☆</small><span class="username" data-name="H2OPulse">H2OPulse</span>:</strong> <em>Right fair O:</em></div><div class="chat chatmessage-h2opulse"><strong style="color:#6e8c2b"><small>☆</small><span class="username" data-name="H2OPulse">H2OPulse</span>:</strong> <em>Same (coffee)</em></div><div class="chat chatmessage-inkbug1 mine"><strong style="color:#e46e0f"><small>☆</small><span class="username" data-name="inkbug1">inkbug1</span>:</strong> <em>owww</em></div><div class="chat chatmessage-inkbug1 mine"><strong style="color:#e46e0f"><small>☆</small><span class="username" data-name="inkbug1">inkbug1</span>:</strong> <em>ill tak e tht</em></div><div class="chat chatmessage-h2opulse"><strong style="color:#6e8c2b"><small>☆</small><span class="username" data-name="H2OPulse">H2OPulse</span>:</strong> <em>Holy heck that does a lot</em></div><div class="spacer battle-history"><br></div><div class="battle-history">The opposing Myrrh used <strong>Protect</strong>!<br></div><div class="battle-history"><small>The opposing Myrrh protected itself!</small><br></div><div class="spacer battle-history"><br></div><div class="battle-history">The opposing Clove used <strong>Protect</strong>!<br></div><div class="battle-history"><small>The opposing Clove protected itself!</small><br></div><div class="spacer battle-history"><br></div><div class="battle-history">Avalugg used <strong>Rock Slide</strong>!<br></div><div class="battle-history"><small>The opposing Clove protected itself!</small><br></div><div class="battle-history"><small>The opposing Myrrh protected itself!</small><br></div><div class="spacer battle-history"><br></div><div class="battle-history">Wyrdeer used <strong>Psychic</strong>!<br></div><div class="battle-history"><small>The opposing Myrrh protected itself!</small><br></div><div class="spacer battle-history"><br></div><h2 class="battle-history">Turn 3</h2><div class="chat chatmessage-inkbug1 mine"><strong style="color:#e46e0f"><small>☆</small><span class="username" data-name="inkbug1">inkbug1</span>:</strong> <em>ive also built something much more incoherent than usual for nxt one</em></div><div class="chat chatmessage-inkbug1 mine"><strong style="color:#e46e0f"><small>☆</small><span class="username" data-name="inkbug1">inkbug1</span>:</strong> <em>so thats exciting</em></div><div class="spacer battle-history"><br></div><div class="battle-history">Avalugg used <strong>Rock Slide</strong>!<br></div><div class="battle-history"><small>It's not very effective on the opposing Clove.</small><br></div><div class="battle-history"><small>It's super effective on the opposing Myrrh!</small><br></div><div class="battle-history"><small>(The opposing Clove lost <abbr title="−10/48 pixels">18.8–20.8%</abbr> of its health!)</small><br></div><div class="battle-history"><small>(The opposing Myrrh lost <abbr title="−43/48 pixels">87.6–89.6%</abbr> of its health!)</small><br></div><div class="spacer battle-history"><br></div><div class="battle-history">Wyrdeer used <strong>Psychic</strong>!<br></div><div class="battle-history"><small>(The opposing Myrrh lost <abbr title="−5/48 pixels">10.4–12.4%</abbr> of its health!)</small><br></div><div class="spacer battle-history"><br></div><div class="battle-history">The opposing Myrrh fainted!<br></div><div class="battle-history">The opposing Clove used <strong>Close Combat</strong>!<br></div><div class="battle-history"><small>It's super effective!</small><br></div><div class="battle-history"><small>(Avalugg lost <abbr title="−172/201">85.6%</abbr> of its health!)</small><br></div><div class="battle-history"><small>The opposing Clove's Defense fell!</small><br></div><div class="battle-history"><small>The opposing Clove's Sp. Def fell!</small><br></div><div class="battle-history"><small>(Avalugg used its Weakness Policy!)</small><br></div><div class="battle-history"><small>The Weakness Policy sharply raised Avalugg's Attack!</small><br></div><div class="battle-history"><small>The Weakness Policy sharply raised Avalugg's Sp. Atk!</small><br></div><div class="chat chatmessage-h2opulse"><strong style="color:#6e8c2b"><small>☆</small><span class="username" data-name="H2OPulse">H2OPulse</span>:</strong> <em>A h --</em></div><div class="spacer battle-history"><br></div><div class="battle-history">H2OPulse sent out Glove (<strong>Ninetales</strong>)!<br></div><div class="battle-history">[The opposing Glove's Drought]<br><small>The sunlight turned harsh!</small><br></div><div class="spacer battle-history"><br></div><h2 class="battle-history">Turn 4</h2><div class="spacer battle-history"><br></div><div class="battle-history">The opposing Glove used <strong>Protect</strong>!<br></div><div class="battle-history"><small>The opposing Glove protected itself!</small><br></div><div class="spacer battle-history"><br></div><div class="battle-history">The opposing Clove used <strong>Protect</strong>!<br></div><div class="battle-history"><small>The opposing Clove protected itself!</small><br></div><div class="spacer battle-history"><br></div><div class="battle-history">Avalugg used <strong>Rock Slide</strong>!<br></div><div class="battle-history"><small>The opposing Clove protected itself!</small><br></div><div class="battle-history"><small>The opposing Glove protected itself!</small><br></div><div class="spacer battle-history"><br></div><div class="battle-history">Wyrdeer used <strong>Psychic</strong>!<br></div><div class="battle-history"><small>The opposing Clove protected itself!</small><br></div><div class="spacer battle-history"><br></div><div class="battle-history"><small>(The sunlight is strong.)</small><br></div><div class="spacer battle-history"><br></div><h2 class="battle-history">Turn 5</h2><div class="chat chatmessage-h2opulse"><strong style="color:#6e8c2b"><small>☆</small><span class="username" data-name="H2OPulse">H2OPulse</span>:</strong> <em>Also hype!!</em></div><div class="chat chatmessage-inkbug1 mine"><strong style="color:#e46e0f"><small>☆</small><span class="username" data-name="inkbug1">inkbug1</span>:</strong> <em>trick room is like</em></div><div class="chat chatmessage-inkbug1 mine"><strong style="color:#e46e0f"><small>☆</small><span class="username" data-name="inkbug1">inkbug1</span>:</strong> <em>rly interesting</em></div><div class="chat chatmessage-inkbug1 mine"><strong style="color:#e46e0f"><small>☆</small><span class="username" data-name="inkbug1">inkbug1</span>:</strong> <em>because </em></div><div class="spacer battle-history"><br></div><div class="battle-history">H2OPulse withdrew Glove!<br></div><div class="battle-history">H2OPulse sent out Leek (<strong>Lilligant-Hisui</strong>)!<br></div><div class="spacer battle-history"><br></div><div class="battle-history">Avalugg used <strong>Rock Slide</strong>!<br></div><div class="battle-history"><small>It's not very effective on the opposing Clove.</small><br></div><div class="battle-history"><small>It's not very effective on the opposing Leek.</small><br></div><div class="battle-history"><small>(The opposing Clove lost <abbr title="−32/48 pixels">64.7–68.7%</abbr> of its health!)</small><br></div><div class="battle-history"><small>(The opposing Leek lost <abbr title="−24/48 pixels">48.0–49.9%</abbr> of its health!)</small><br></div><div class="spacer battle-history"><br></div><div class="battle-history">Wyrdeer used <strong>Psychic</strong>!<br></div><div class="battle-history"><small>It's super effective!</small><br></div><div class="battle-history"><small>(The opposing Clove lost <abbr title="−6/48 pixels">12.5–14.5%</abbr> of its health!)</small><br></div><div class="spacer battle-history"><br></div><div class="battle-history">The opposing Clove fainted!<br></div><div class="spacer battle-history"><br></div><div class="battle-history"><small>(The sunlight is strong.)</small><br></div><div class="battle-history"><small>The twisted dimensions returned to normal!</small><br></div><div class="spacer battle-history"><br></div><div class="battle-history">H2OPulse sent out Glove (<strong>Ninetales</strong>)!<br></div><div class="spacer battle-history"><br></div><h2 class="battle-history">Turn 6</h2><div class="spacer battle-history"><br></div><div class="battle-history">Avalugg used <strong>Protect</strong>!<br></div><div class="battle-history"><small>Avalugg protected itself!</small><br></div><div class="spacer battle-history"><br></div><div class="battle-history">The opposing Leek used <strong>Leaf Blade</strong>!<br></div><div class="battle-history"><small>(Wyrdeer lost <abbr title="−112/210">53.3%</abbr> of its health!)</small><br></div><div class="battle-history"><small>The opposing Leek lost some of its HP!</small><br></div><div class="spacer battle-history"><br></div><div class="battle-history">Wyrdeer fainted!<br></div><div class="battle-history">The opposing Glove used <strong>Heat Wave</strong>!<br></div><div class="battle-history"><small>Avalugg protected itself!</small><br></div><div class="spacer battle-history"><br></div><div class="battle-history"><small>(The sunlight is strong.)</small><br></div><div class="chat chatmessage-inkbug1 mine"><strong style="color:#e46e0f"><small>☆</small><span class="username" data-name="inkbug1">inkbug1</span>:</strong> <em>like in singles it feels like it takes 5 d chess to get it to work at all but in doubles it just kind of goes </em></div><div class="spacer battle-history"><br></div><div class="battle-history">Go! <strong>Kricketune</strong>!<br></div><div class="spacer battle-history"><br></div><h2 class="battle-history">Turn 7</h2><div class="chat chatmessage-h2opulse"><strong style="color:#6e8c2b"><small>☆</small><span class="username" data-name="H2OPulse">H2OPulse</span>:</strong> <em>Ksfhfg yeah--</em></div><div class="chat chatmessage-inkbug1 mine"><strong style="color:#e46e0f"><small>☆</small><span class="username" data-name="inkbug1">inkbug1</span>:</strong> <em>i forgot i took protect off one of these sets bc im an idiot</em></div><div class="spacer battle-history"><br></div><div class="battle-history"><small>Kricketune's Kricketite is reacting to the Key Stone!</small><br>Kricketune has Mega Evolved into Mega Kricketune!<br></div><div class="chat"><ul class="utilichart"><li class="result"><span class="col pokemonnamecol" style="white-space: nowrap">Kricketune</span> <span class="col typecol"><img src="https://dragonheaven.herokuapp.com/sprites/types/Bug.png" alt="Bug" height="14" width="32"><img src="https://dragonheaven.herokuapp.com/sprites/types/Fighting.png" alt="Fighting" height="14" width="32"></span> <span style="float: left ; min-height: 26px"><span class="col abilitycol">Dancer</span><span class="col abilitycol"></span></span><span style="float: left ; min-height: 26px"><span class="col statcol"><em>HP</em><br>77</span> <span class="col statcol"><em>Atk</em><br>124</span> <span class="col statcol"><em>Def</em><br>86</span> <span class="col statcol"><em>SpA</em><br>15</span> <span class="col statcol"><em>SpD</em><br>51</span> <span class="col statcol"><em>Spe</em><br>131</span> </span></li><li style="clear: both"></li></ul></div><div class="spacer battle-history"><br></div><div class="battle-history">The opposing Leek used <strong>Sleep Powder</strong>!<br></div><div class="battle-history"><small>Kricketune avoided the attack!</small><br></div><div class="spacer battle-history"><br></div><div class="battle-history">The opposing Glove used <strong>Heat Wave</strong>!<br></div><div class="battle-history"><small>It's super effective on Kricketune!</small><br></div><div class="battle-history"><small>(Avalugg lost <abbr title="−29/201">14.4%</abbr> of its health!)</small><br></div><div class="battle-history"><small>(Kricketune lost <abbr title="−174/183">95.1%</abbr> of its health!)</small><br></div><div class="spacer battle-history"><br></div><div class="battle-history">Avalugg fainted!<br></div><div class="battle-history">Kricketune used <strong>String Shot</strong>!<br></div><div class="battle-history"><small>The opposing Glove's Speed fell harshly!</small><br></div><div class="battle-history"><small>The opposing Leek's Speed fell harshly!</small><br></div><div class="spacer battle-history"><br></div><div class="battle-history"><small>(The sunlight is strong.)</small><br></div><div class="chat chatmessage-inkbug1 mine"><strong style="color:#e46e0f"><small>☆</small><span class="username" data-name="inkbug1">inkbug1</span>:</strong> <em>wh y did you live that</em></div><div class="chat chatmessage-h2opulse"><strong style="color:#6e8c2b"><small>☆</small><span class="username" data-name="H2OPulse">H2OPulse</span>:</strong> <em>OH</em></div><div class="spacer battle-history"><br></div><div class="battle-history">Go! Lilligant (<strong>Lilligant-Hisui</strong>)!<br></div><div class="spacer battle-history"><br></div><h2 class="battle-history">Turn 8</h2><div class="spacer battle-history"><br></div><div class="battle-history">Lilligant used <strong>Close Combat</strong>!<br></div><div class="battle-history"><small>(The opposing Leek lost <abbr title="−20/48 pixels">41.7–43.7%</abbr> of its health!)</small><br></div><div class="battle-history"><small>Lilligant's Defense fell!</small><br></div><div class="battle-history"><small>Lilligant's Sp. Def fell!</small><br></div><div class="battle-history"><small>Lilligant lost some of its HP!</small><br></div><div class="spacer battle-history"><br></div><div class="battle-history">The opposing Leek fainted!<br></div><div class="battle-history">Kricketune used <strong>Brick Break</strong>!<br></div><div class="battle-history"><small>(The opposing Glove lost <abbr title="−23/48 pixels">45.9–47.9%</abbr> of its health!)</small><br></div><div class="spacer battle-history"><br></div><div class="battle-history">The opposing Glove used <strong>Heat Wave</strong>!<br></div><div class="battle-history"><small>It's super effective on Lilligant!</small><br></div><div class="battle-history"><small>It's super effective on Kricketune!</small><br></div><div class="battle-history"><small>(Lilligant lost <abbr title="−131/145">90.3%</abbr> of its health!)</small><br></div><div class="battle-history"><small>(Kricketune lost <abbr title="−9/183">4.9%</abbr> of its health!)</small><br></div><div class="spacer battle-history"><br></div><div class="battle-history">Lilligant fainted!<br></div><div class="battle-history">Kricketune fainted!<br></div><div class="spacer battle-history"><br></div><div class="battle-history"><strong>H2OPulse</strong> won the battle!<br></div><div class="chat chatmessage-inkbug1 mine"><strong style="color:#e46e0f"><small>☆</small><span class="username" data-name="inkbug1">inkbug1</span>:</strong> <em>wheee </em></div><div class="chat chatmessage-h2opulse"><strong style="color:#6e8c2b"><small>☆</small><span class="username" data-name="H2OPulse">H2OPulse</span>:</strong> <em>MAN okay asdfh</em></div><div class="chat chatmessage-inkbug1 mine"><strong style="color:#e46e0f"><small>☆</small><span class="username" data-name="inkbug1">inkbug1</span>:</strong> <em>gg</em></div><div class="chat chatmessage-h2opulse"><strong style="color:#6e8c2b"><small>☆</small><span class="username" data-name="H2OPulse">H2OPulse</span>:</strong> <em>Good game!!</em></div></div><div class="inner-preempt message-log"></div></div></div>
</div>
<script>
let daily = Math.floor(Date.now()/1000/60/60/24);document.write('<script src="https://dragonheaven.herokuapp.com/js/replay-embed.js?version'+daily+'"></'+'script>');
</script>
