<!DOCTYPE html>
<meta charset="utf-8" />
<!-- version 1 -->
<title>[Gen 8] M4A Sandbox replay: inkbug1 vs. H2OPulse</title>
<style>
html,body {font-family:Verdana, sans-serif;font-size:10pt;margin:0;padding:0;}body{padding:12px 0;} .battle-log {font-family:Verdana, sans-serif;font-size:10pt;} .battle-log-inline {border:1px solid #AAAAAA;background:#EEF2F5;color:black;max-width:640px;margin:0 auto 80px;padding-bottom:5px;} .battle-log .inner {padding:4px 8px 0px 8px;} .battle-log .inner-preempt {padding:0 8px 4px 8px;} .battle-log .inner-after {margin-top:0.5em;} .battle-log h2 {margin:0.5em -8px;padding:4px 8px;border:1px solid #AAAAAA;background:#E0E7EA;border-left:0;border-right:0;font-family:Verdana, sans-serif;font-size:13pt;} .battle-log .chat {vertical-align:middle;padding:3px 0 3px 0;font-size:8pt;} .battle-log .chat strong {color:#40576A;} .battle-log .chat em {padding:1px 4px 1px 3px;color:#000000;font-style:normal;} .chat.mine {background:rgba(0,0,0,0.05);margin-left:-8px;margin-right:-8px;padding-left:8px;padding-right:8px;} .spoiler {color:#BBBBBB;background:#BBBBBB;padding:0px 3px;} .spoiler:hover, .spoiler:active, .spoiler-shown {color:#000000;background:#E2E2E2;padding:0px 3px;} .spoiler a {color:#BBBBBB;} .spoiler:hover a, .spoiler:active a, .spoiler-shown a {color:#2288CC;} .chat code, .chat .spoiler:hover code, .chat .spoiler:active code, .chat .spoiler-shown code {border:1px solid #C0C0C0;background:#EEEEEE;color:black;padding:0 2px;} .chat .spoiler code {border:1px solid #CCCCCC;background:#CCCCCC;color:#CCCCCC;} .battle-log .rated {padding:3px 4px;} .battle-log .rated strong {color:white;background:#89A;padding:1px 4px;border-radius:4px;} .spacer {margin-top:0.5em;} .message-announce {background:#6688AA;color:white;padding:1px 4px 2px;} .message-announce a, .broadcast-green a, .broadcast-blue a, .broadcast-red a {color:#DDEEFF;} .broadcast-green {background-color:#559955;color:white;padding:2px 4px;} .broadcast-blue {background-color:#6688AA;color:white;padding:2px 4px;} .infobox {border:1px solid #6688AA;padding:2px 4px;} .infobox-limited {max-height:200px;overflow:auto;overflow-x:hidden;} .broadcast-red {background-color:#AA5544;color:white;padding:2px 4px;} .message-learn-canlearn {font-weight:bold;color:#228822;text-decoration:underline;} .message-learn-cannotlearn {font-weight:bold;color:#CC2222;text-decoration:underline;} .message-effect-weak {font-weight:bold;color:#CC2222;} .message-effect-resist {font-weight:bold;color:#6688AA;} .message-effect-immune {font-weight:bold;color:#666666;} .message-learn-list {margin-top:0;margin-bottom:0;} .message-throttle-notice, .message-error {color:#992222;} .message-overflow, .chat small.message-overflow {font-size:0pt;} .message-overflow::before {font-size:9pt;content:'...';} .subtle {color:#3A4A66;}
</style>
<div class="wrapper replay-wrapper" style="max-width:1180px;margin:0 auto">
<input type="hidden" name="replayid" value="dragonheaven-gen8m4asandbox-7" />
<div class="battle"></div><div class="battle-log"></div><div class="replay-controls"></div><div class="replay-controls-2"></div>
<h1 style="font-weight:normal;text-align:center"><strong>[Gen 8] M4A Sandbox</strong><br /><a href="http://pokemonshowdown.com/users/inkbug1" class="subtle" target="_blank">inkbug1</a> vs. <a href="http://pokemonshowdown.com/users/h2opulse" class="subtle" target="_blank">H2OPulse</a></h1>
<script type="text/plain" class="battle-log-data">|j|☆inkbug1

|j|☆H2OPulse
|t:|1646727654
|player|p1|inkbug1|emmet|
|player|p2|H2OPulse|aetherfoundation|
|teamsize|p1|6
|teamsize|p2|6
|gametype|singles
|gen|8
|tier|[Gen 8] M4A Sandbox
|clearpoke
|poke|p1|Zoroark-Hisui, M|
|poke|p1|Regieleki|
|poke|p1|Overqwil, M|
|poke|p1|Sneasler, M|
|poke|p1|Leavanny, F|
|poke|p1|Ursaluna, F|
|poke|p2|Decidueye-Hisui, F|
|poke|p2|Typhlosion-Hisui, M|
|poke|p2|Basculegion, M|
|poke|p2|Bisharp, F|
|poke|p2|Araquanid, M|
|poke|p2|Gliscor, M|
|rule|HP Percentage Mod: HP is shown in percentages
|rule|OHKO Clause: OHKO moves are banned
|rule|Evasion Moves Clause: Evasion moves are banned
|rule|Dynamax Clause: You cannot dynamax
|rule|Sleep Clause Mod: Limit one foe put to sleep
|rule|Freeze Clause Mod: Limit one foe frozen
|raw|<img src="https:\/\/raw.githubusercontent.com\/scoopapa\/DH\/master\/data\/mods\/m4av6\/sprites\/m4a_banner.png" height="65" width="381">
|-message|Welcome to the Megas for All Sandbox!
|-message|This is a custom game format where you can experiment outside of the normal rules.
|-message|Thanks to the incredible KeroseneZanchu, you can even alter a Pokémon's type, stats and Mega form with its nickname!
|-message|You can find the details on how this works here:
|-message|https:\/\/docs.google.com\/document\/d\/1hhF49OIQKot72C30mCzSwxYgb3Ephhm9KCL_nMPrCW0\/
|teampreview
|c|☆H2OPulse|Y e s s s hi
|c|☆H2OPulse|Good luck and have fun : D
|
|t:|1646727674
|start
|switch|p1a: Sevens|Sneasler, M|364\/364
|switch|p2a: Myrrh|Typhlosion-Hisui, M|100\/100
|-start|p2a: Myrrh|typechange|Fire\/Ghost|[silent]
|raw|<ul class="utilichart"><li class="result"><span class="col pokemonnamecol" style="white-space: nowrap">Typhlosion-Hisui<\/span> <span class="col typecol"><img src="https:\/\/play.pokemonshowdown.com\/sprites\/types\/Fire.png" alt="Fire" height="14" width="32"><img src="https:\/\/play.pokemonshowdown.com\/sprites\/types\/Ghost.png" alt="Ghost" height="14" width="32"><\/span> <span style="float: left ; min-height: 26px"><span class="col abilitycol">Blaze \/ Flash Fire<\/span><span class="col abilitycol"><\/span><\/span><\/li><li style="clear: both"><\/li><\/ul>
|raw|<ul class="utilichart"><li class="result"><span style="float: left ; min-height: 26px"><span class="col statcol"><em>HP<\/em><br>73<\/span> <span class="col statcol"><em>Atk<\/em><br>84<\/span> <span class="col statcol"><em>Def<\/em><br>78<\/span> <span class="col statcol"><em>SpA<\/em><br>119<\/span> <span class="col statcol"><em>SpD<\/em><br>85<\/span> <span class="col statcol"><em>Spe<\/em><br>95<\/span> <\/span><\/li><li style="clear: both"><\/li><\/ul>
|-start|p2a: Myrrh|typechange|Fire\/Ghost|[silent]
|-start|p1a: Sevens|typechange|Poison\/Fighting|[silent]
|raw|<ul class="utilichart"><li class="result"><span class="col pokemonnamecol" style="white-space: nowrap">Sneasler<\/span> <span class="col typecol"><img src="https:\/\/play.pokemonshowdown.com\/sprites\/types\/Poison.png" alt="Poison" height="14" width="32"><img src="https:\/\/play.pokemonshowdown.com\/sprites\/types\/Fighting.png" alt="Fighting" height="14" width="32"><\/span><\/li><li style="clear: both"><\/li><\/ul>
|raw|<ul class="utilichart"><li class="result"><span style="float: left ; min-height: 26px"><span class="col statcol"><em>HP<\/em><br>80<\/span> <span class="col statcol"><em>Atk<\/em><br>130<\/span> <span class="col statcol"><em>Def<\/em><br>60<\/span> <span class="col statcol"><em>SpA<\/em><br>40<\/span> <span class="col statcol"><em>SpD<\/em><br>80<\/span> <span class="col statcol"><em>Spe<\/em><br>120<\/span> <\/span><\/li><li style="clear: both"><\/li><\/ul>
|-start|p1a: Sevens|typechange|Poison\/Fighting|[silent]
|turn|1
|c|☆inkbug1|oh god
|c|☆H2OPulse|NOPE,
|c|☆inkbug1|fuck uh 
|c|☆inkbug1|w
|
|t:|1646727724
|switch|p1a: Ursaluna|Ursaluna, F|463\/463
|-start|p1a: Ursaluna|typechange|Ground\/Normal|[silent]
|raw|<ul class="utilichart"><li class="result"><span class="col pokemonnamecol" style="white-space: nowrap">Ursaluna<\/span> <span class="col typecol"><img src="https:\/\/play.pokemonshowdown.com\/sprites\/types\/Ground.png" alt="Ground" height="14" width="32"><img src="https:\/\/play.pokemonshowdown.com\/sprites\/types\/Normal.png" alt="Normal" height="14" width="32"><\/span><\/li><li style="clear: both"><\/li><\/ul>
|raw|<ul class="utilichart"><li class="result"><span style="float: left ; min-height: 26px"><span class="col statcol"><em>HP<\/em><br>130<\/span> <span class="col statcol"><em>Atk<\/em><br>140<\/span> <span class="col statcol"><em>Def<\/em><br>105<\/span> <span class="col statcol"><em>SpA<\/em><br>45<\/span> <span class="col statcol"><em>SpD<\/em><br>80<\/span> <span class="col statcol"><em>Spe<\/em><br>50<\/span> <\/span><\/li><li style="clear: both"><\/li><\/ul>
|-start|p1a: Ursaluna|typechange|Ground\/Normal|[silent]
|move|p2a: Myrrh|Eruption|p1a: Ursaluna
|-damage|p1a: Ursaluna|255\/463
|
|upkeep
|turn|2
|
|t:|1646727734
|switch|p2a: Erica|Decidueye-Hisui, F|100\/100
|-start|p2a: Erica|typechange|Grass\/Fighting|[silent]
|raw|<ul class="utilichart"><li class="result"><span class="col pokemonnamecol" style="white-space: nowrap">Decidueye-Hisui<\/span> <span class="col typecol"><img src="https:\/\/play.pokemonshowdown.com\/sprites\/types\/Grass.png" alt="Grass" height="14" width="32"><img src="https:\/\/play.pokemonshowdown.com\/sprites\/types\/Fighting.png" alt="Fighting" height="14" width="32"><\/span><\/li><li style="clear: both"><\/li><\/ul>
|raw|<ul class="utilichart"><li class="result"><span style="float: left ; min-height: 26px"><span class="col statcol"><em>HP<\/em><br>88<\/span> <span class="col statcol"><em>Atk<\/em><br>112<\/span> <span class="col statcol"><em>Def<\/em><br>80<\/span> <span class="col statcol"><em>SpA<\/em><br>95<\/span> <span class="col statcol"><em>SpD<\/em><br>95<\/span> <span class="col statcol"><em>Spe<\/em><br>60<\/span> <\/span><\/li><li style="clear: both"><\/li><\/ul>
|-start|p2a: Erica|typechange|Grass\/Fighting|[silent]
|move|p1a: Ursaluna|Headlong Rush||[still]
|-anim|p1a: Ursaluna|Tectonic Rage|p2a: Erica
|-resisted|p2a: Erica
|-damage|p2a: Erica|68\/100
|-unboost|p1a: Ursaluna|def|1
|-unboost|p1a: Ursaluna|spd|1
|
|upkeep
|turn|3
|
|t:|1646727747
|switch|p1a: Sevens|Sneasler, M|364\/364
|-start|p1a: Sevens|typechange|Poison\/Fighting|[silent]
|-start|p1a: Sevens|typechange|Poison\/Fighting|[silent]
|move|p2a: Erica|Triple Arrows||[still]
|-anim|p2a: Erica|Thunderous Kick|p1a: Sevens
|-resisted|p1a: Sevens
|-damage|p1a: Sevens|304\/364
|-start|p2a: Erica|move: Focus Energy
|-unboost|p1a: Sevens|def|1
|
|-heal|p1a: Sevens|326\/364|[from] item: Black Sludge
|upkeep
|turn|4
|
|t:|1646727758
|switch|p2a: Phace|Gliscor, M|100\/100
|move|p1a: Sevens|Dire Claw||[still]
|-anim|p1a: Sevens|Crush Claw|p2a: Phace
|-resisted|p2a: Phace
|-crit|p2a: Phace
|-damage|p2a: Phace|83\/100
|
|-heal|p1a: Sevens|348\/364|[from] item: Black Sludge
|-status|p2a: Phace|tox|[from] item: Toxic Orb
|upkeep
|turn|5
|c|☆inkbug1|para
|c|☆inkbug1|nooo
|c|☆inkbug1|tht would have been so funny akjsdhs
|
|t:|1646727780
|switch|p1a: Jawbreaker|Overqwil, M|374\/374
|-start|p1a: Jawbreaker|typechange|Dark\/Poison|[silent]
|raw|<ul class="utilichart"><li class="result"><span class="col pokemonnamecol" style="white-space: nowrap">Overqwil<\/span> <span class="col typecol"><img src="https:\/\/play.pokemonshowdown.com\/sprites\/types\/Dark.png" alt="Dark" height="14" width="32"><img src="https:\/\/play.pokemonshowdown.com\/sprites\/types\/Poison.png" alt="Poison" height="14" width="32"><\/span> <span style="float: left ; min-height: 26px"><span class="col abilitycol">Poison Point \/ Swift Swim \/ Intimidate<\/span><span class="col abilitycol"><\/span><\/span><\/li><li style="clear: both"><\/li><\/ul>
|raw|<ul class="utilichart"><li class="result"><span style="float: left ; min-height: 26px"><span class="col statcol"><em>HP<\/em><br>85<\/span> <span class="col statcol"><em>Atk<\/em><br>115<\/span> <span class="col statcol"><em>Def<\/em><br>95<\/span> <span class="col statcol"><em>SpA<\/em><br>65<\/span> <span class="col statcol"><em>SpD<\/em><br>65<\/span> <span class="col statcol"><em>Spe<\/em><br>85<\/span> <\/span><\/li><li style="clear: both"><\/li><\/ul>
|-start|p1a: Jawbreaker|typechange|Dark\/Poison|[silent]
|-ability|p1a: Jawbreaker|Intimidate|boost
|-unboost|p2a: Phace|atk|1
|switch|p2a: Spilly|Araquanid, M|100\/100
|
|upkeep
|turn|6
|c|☆H2OPulse|Kshdjfkgk y e a h ,
|
|t:|1646727792
|move|p1a: Jawbreaker|Barb Barrage||[still]
|-anim|p1a: Jawbreaker|Poison Sting|p2a: Spilly
|-damage|p2a: Spilly|67\/100
|move|p2a: Spilly|Sticky Web|p1a: Jawbreaker
|-sidestart|p1: inkbug1|move: Sticky Web
|
|upkeep
|turn|7
|
|t:|1646727799
|move|p1a: Jawbreaker|Toxic Spikes|p2a: Spilly
|-sidestart|p2: H2OPulse|move: Toxic Spikes
|move|p2a: Spilly|Liquidation|p1a: Jawbreaker
|-damage|p1a: Jawbreaker|163\/374
|
|-heal|p1a: Jawbreaker|186\/374|[from] item: Black Sludge
|upkeep
|turn|8
|c|☆inkbug1|righ i forgot i cant
|c|☆inkbug1|sit on you unless i switched in 
|
|t:|1646727818
|switch|p1a: Isma|Leavanny, F|291\/291
|-activate|p1a: Isma|move: Sticky Web
|-unboost|p1a: Isma|spe|1
|move|p2a: Spilly|Leech Life|p1a: Isma
|-supereffective|p1a: Isma
|-damage|p1a: Isma|31\/291
|-heal|p2a: Spilly|100\/100|[from] drain|[of] p1a: Isma
|
|upkeep
|turn|9
|c|☆inkbug1|you are so mean 1 me
|
|t:|1646727833
|detailschange|p1a: Isma|Leavanny-Mega, F
|-mega|p1a: Isma|Leavanny|Leavannite
|-start|p1a: Isma|typechange|Bug\/Grass|[silent]
|raw|<ul class="utilichart"><li class="result"><span class="col pokemonnamecol" style="white-space: nowrap">Leavanny-Mega<\/span> <span class="col typecol"><img src="https:\/\/play.pokemonshowdown.com\/sprites\/types\/Bug.png" alt="Bug" height="14" width="32"><img src="https:\/\/play.pokemonshowdown.com\/sprites\/types\/Grass.png" alt="Grass" height="14" width="32"><\/span> <span style="float: left ; min-height: 26px"><span class="col abilitycol">Parental Bond<\/span><span class="col abilitycol"><\/span><\/span><span style="float: left ; min-height: 26px"><span class="col statcol"><em>HP<\/em><br>75<\/span> <span class="col statcol"><em>Atk<\/em><br>103<\/span> <span class="col statcol"><em>Def<\/em><br>100<\/span> <span class="col statcol"><em>SpA<\/em><br>110<\/span> <span class="col statcol"><em>SpD<\/em><br>100<\/span> <span class="col statcol"><em>Spe<\/em><br>112<\/span> <\/span><\/li><li style="clear: both"><\/li><\/ul>
|-hint|Leavanny-Mega was submitted by Hematite!
|move|p1a: Isma|Giga Drain|p2a: Spilly
|-damage|p2a: Spilly|64\/100
|-heal|p1a: Isma|84\/291|[from] drain|[of] p2a: Spilly
|-damage|p2a: Spilly|55\/100
|-heal|p1a: Isma|98\/291|[from] drain|[of] p2a: Spilly
|-hitcount|p2a: Spilly|2
|move|p2a: Spilly|Liquidation|p1a: Isma
|-resisted|p1a: Isma
|-damage|p1a: Isma|0 fnt
|faint|p1a: Isma
|
|upkeep
|c|☆H2OPulse|Sorry,,
|
|t:|1646727848
|switch|p1a: Sparknado|Regieleki|364\/364
|-activate|p1a: Sparknado|move: Sticky Web
|-unboost|p1a: Sparknado|spe|1
|turn|10
|
|t:|1646727854
|switch|p2a: Phace|Gliscor, M|83\/100 tox
|move|p1a: Sparknado|Rapid Spin|p2a: Phace
|-damage|p2a: Phace|75\/100 tox
|-boost|p1a: Sparknado|spe|1
|-sideend|p1: inkbug1|Sticky Web|[from] move: Rapid Spin|[of] p1a: Sparknado
|
|-heal|p2a: Phace|87\/100 tox|[from] ability: Poison Heal
|upkeep
|turn|11
|
|t:|1646727869
|switch|p1a: Ursaluna|Ursaluna, F|255\/463
|-start|p1a: Ursaluna|typechange|Ground\/Normal|[silent]
|-start|p1a: Ursaluna|typechange|Ground\/Normal|[silent]
|move|p2a: Phace|Earthquake|p1a: Ursaluna
|-damage|p1a: Ursaluna|128\/463
|
|-heal|p2a: Phace|99\/100 tox|[from] ability: Poison Heal
|upkeep
|turn|12
|
|t:|1646727878
|move|p2a: Phace|Defog|p1a: Ursaluna
|-unboost|p1a: Ursaluna|evasion|1
|-sideend|p2: H2OPulse|Toxic Spikes|[from] move: Defog|[of] p2a: Phace
|move|p1a: Ursaluna|Facade|p2a: Phace
|-damage|p2a: Phace|68\/100 tox
|
|-heal|p2a: Phace|80\/100 tox|[from] ability: Poison Heal
|upkeep
|turn|13
|c|☆H2OPulse|Huh are you not
|c|☆H2OPulse|orb?
|
|t:|1646727907
|switch|p1a: Sevens|Sneasler, M|348\/364
|-start|p1a: Sevens|typechange|Poison\/Fighting|[silent]
|-start|p1a: Sevens|typechange|Poison\/Fighting|[silent]
|move|p2a: Phace|U-turn|p1a: Sevens
|-resisted|p1a: Sevens
|-damage|p1a: Sevens|324\/364
|
|t:|1646727910
|switch|p2a: Spilly|Araquanid, M|55\/100|[from]move: U-turn
|
|-heal|p1a: Sevens|346\/364|[from] item: Black Sludge
|upkeep
|turn|14
|
|t:|1646727918
|move|p1a: Sevens|Bulk Up|p1a: Sevens
|-boost|p1a: Sevens|atk|1
|-boost|p1a: Sevens|def|1
|move|p2a: Spilly|Sticky Web|p1a: Sevens
|-sidestart|p1: inkbug1|move: Sticky Web
|
|-heal|p1a: Sevens|364\/364|[from] item: Black Sludge
|upkeep
|turn|15
|
|t:|1646727937
|move|p1a: Sevens|Dire Claw||[still]
|-anim|p1a: Sevens|Crush Claw|p2a: Spilly
|-damage|p2a: Spilly|3\/100
|-status|p2a: Spilly|psn|[from] ability: Poison Touch|[of] p1a: Sevens
|move|p2a: Spilly|Liquidation|p1a: Sevens
|-damage|p1a: Sevens|130\/364
|
|-heal|p1a: Sevens|152\/364|[from] item: Black Sludge
|-damage|p2a: Spilly|0 fnt|[from] psn
|faint|p2a: Spilly
|upkeep
|c|☆H2OPulse|__kshdjfkg fa ir__
|c|☆H2OPulse|Spilly I love you
|c|☆H2OPulse|He came through
|
|t:|1646727976
|switch|p2a: Miso|Basculegion, M|100\/100
|-start|p2a: Miso|typechange|Water\/Ghost|[silent]
|raw|<ul class="utilichart"><li class="result"><span class="col pokemonnamecol" style="white-space: nowrap">Basculegion<\/span> <span class="col typecol"><img src="https:\/\/play.pokemonshowdown.com\/sprites\/types\/Water.png" alt="Water" height="14" width="32"><img src="https:\/\/play.pokemonshowdown.com\/sprites\/types\/Ghost.png" alt="Ghost" height="14" width="32"><\/span><\/li><li style="clear: both"><\/li><\/ul>
|raw|<ul class="utilichart"><li class="result"><span style="float: left ; min-height: 26px"><span class="col statcol"><em>HP<\/em><br>120<\/span> <span class="col statcol"><em>Atk<\/em><br>112<\/span> <span class="col statcol"><em>Def<\/em><br>65<\/span> <span class="col statcol"><em>SpA<\/em><br>80<\/span> <span class="col statcol"><em>SpD<\/em><br>75<\/span> <span class="col statcol"><em>Spe<\/em><br>78<\/span> <\/span><\/li><li style="clear: both"><\/li><\/ul>
|-start|p2a: Miso|typechange|Water\/Ghost|[silent]
|turn|16
|
|t:|1646727985
|move|p1a: Sevens|Dire Claw||[still]
|-anim|p1a: Sevens|Crush Claw|p2a: Miso
|-resisted|p2a: Miso
|-damage|p2a: Miso|73\/100
|-status|p2a: Miso|par
|cant|p2a: Miso|par
|
|-heal|p1a: Sevens|174\/364|[from] item: Black Sludge
|upkeep
|turn|17
|c|☆inkbug1|kasjdkmsdhfkalsdhfakjsdfh
|c|☆H2OPulse|P f f f
|c|☆inkbug1|puts my face in my hands
|
|t:|1646728006
|move|p1a: Sevens|Bulk Up|p1a: Sevens
|-boost|p1a: Sevens|atk|1
|-boost|p1a: Sevens|def|1
|move|p2a: Miso|Liquidation|p1a: Sevens
|-damage|p1a: Sevens|0 fnt
|faint|p1a: Sevens
|
|upkeep
|c|☆inkbug1|ok fair
|
|t:|1646728021
|switch|p1a: Sparknado|Regieleki|364\/364
|-activate|p1a: Sparknado|move: Sticky Web
|-unboost|p1a: Sparknado|spe|1
|turn|18
|c|☆H2OPulse|H m
|c|☆H2OPulse|You are in an insanely good position right now
|c|☆H2OPulse|I almost called your bluff on Willow and then I realized doing so would let Regieleki Spin if I switched to anyone who wasn't afraid of him
|
|t:|1646728088
|move|p2a: Miso|Wave Crash||[still]
|-fail|p2a: Miso
|move|p1a: Sparknado|Reflect|p1a: Sparknado
|-sidestart|p1: inkbug1|Reflect
|
|upkeep
|turn|19
|c|☆H2OPulse|RIGHT OKAY,,
|
|t:|1646728112
|move|p2a: Miso|Wave Crash||[still]
|-anim|p2a: Miso|Waterfall|p1a: Sparknado
|-crit|p1a: Sparknado
|-damage|p1a: Sparknado|0 fnt
|-damage|p2a: Miso|41\/100 par|[from] Recoil
|faint|p1a: Sparknado
|
|upkeep
|c|☆inkbug1|ASFHGKJDFSG
|c|☆H2OPulse|I AM SO SORRY KDHDFJFJFJFK
|c|☆inkbug1|MY SPIN
|c|☆inkbug1|thts fair i deserev that
|c|☆H2OPulse|C a c k l i n g okay
|
|t:|1646728131
|switch|p1a: Jawbreaker|Overqwil, M|186\/374
|-start|p1a: Jawbreaker|typechange|Dark\/Poison|[silent]
|-activate|p1a: Jawbreaker|move: Sticky Web
|-unboost|p1a: Jawbreaker|spe|1
|-start|p1a: Jawbreaker|typechange|Dark\/Poison|[silent]
|-ability|p1a: Jawbreaker|Intimidate|boost
|-unboost|p2a: Miso|atk|1
|turn|20
|
|t:|1646728141
|move|p1a: Jawbreaker|Toxic Spikes|p2a: Miso
|-sidestart|p2: H2OPulse|move: Toxic Spikes
|move|p2a: Miso|Liquidation|p1a: Jawbreaker
|-damage|p1a: Jawbreaker|103\/374
|
|-heal|p1a: Jawbreaker|126\/374|[from] item: Black Sludge
|upkeep
|turn|21
|c|☆inkbug1|wow that didnt do shit
|c|☆inkbug1|sorry i was jsut surprised :'D 
|c|☆H2OPulse|I need to put Garlick back on this team I forgot how much Toxic Spikes mess me up :'D
|c|☆H2OPulse|And kshfjfkg y e a h
|
|t:|1646728191
|move|p1a: Jawbreaker|Barb Barrage||[still]
|-anim|p1a: Jawbreaker|Poison Sting|p2a: Miso
|-resisted|p2a: Miso
|-damage|p2a: Miso|2\/100 par
|move|p2a: Miso|Liquidation|p1a: Jawbreaker
|-damage|p1a: Jawbreaker|44\/374
|
|-heal|p1a: Jawbreaker|67\/374|[from] item: Black Sludge
|upkeep
|turn|22
|
|t:|1646728203
|move|p1a: Jawbreaker|Toxic Spikes|p2a: Miso
|-sidestart|p2: H2OPulse|move: Toxic Spikes
|move|p2a: Miso|Liquidation|p1a: Jawbreaker
|-damage|p1a: Jawbreaker|0 fnt
|faint|p1a: Jawbreaker
|
|upkeep
|c|☆inkbug1|ok im dumb
|
|t:|1646728220
|switch|p1a: Ursaluna|Ursaluna, F|251\/251
|-start|p1a: Ursaluna|typechange|Ground\/Normal|[silent]
|-start|p1a: Ursaluna|typechange|Ground\/Normal|[silent]
|-activate|p1a: Ursaluna|move: Sticky Web
|-unboost|p1a: Ursaluna|spe|1
|turn|23
|
|t:|1646728229
|move|p1a: Ursaluna|Substitute|p1a: Ursaluna
|-start|p1a: Ursaluna|Substitute
|-damage|p1a: Ursaluna|189\/251
|move|p2a: Miso|Liquidation|p1a: Ursaluna
|-end|p1a: Ursaluna|Substitute
|
|-heal|p1a: Ursaluna|204\/251|[from] item: Leftovers
|upkeep
|turn|24
|
|t:|1646728238
|move|p1a: Ursaluna|Nasty Plot|p1a: Ursaluna
|-boost|p1a: Ursaluna|spa|2
|move|p2a: Miso|Liquidation|p1a: Ursaluna
|-damage|p1a: Ursaluna|66\/251
|replace|p1a: Willow|Zoroark-Hisui, M
|-end|p1a: Willow|Illusion
|-start|p1a: Willow|typechange|Normal\/Ghost|[silent]
|raw|<ul class="utilichart"><li class="result"><span class="col pokemonnamecol" style="white-space: nowrap">Zoroark-Hisui<\/span> <span class="col typecol"><img src="https:\/\/play.pokemonshowdown.com\/sprites\/types\/Normal.png" alt="Normal" height="14" width="32"><img src="https:\/\/play.pokemonshowdown.com\/sprites\/types\/Ghost.png" alt="Ghost" height="14" width="32"><\/span> <span style="float: left ; min-height: 26px"><span class="col abilitycol">Illusion<\/span><span class="col abilitycol"><\/span><\/span><\/li><li style="clear: both"><\/li><\/ul>
|raw|<ul class="utilichart"><li class="result"><span style="float: left ; min-height: 26px"><span class="col statcol"><em>HP<\/em><br>55<\/span> <span class="col statcol"><em>Atk<\/em><br>100<\/span> <span class="col statcol"><em>Def<\/em><br>60<\/span> <span class="col statcol"><em>SpA<\/em><br>125<\/span> <span class="col statcol"><em>SpD<\/em><br>60<\/span> <span class="col statcol"><em>Spe<\/em><br>110<\/span> <\/span><\/li><li style="clear: both"><\/li><\/ul>
|-end|p1a: Willow|typechange|[silent]
|-start|p1a: Willow|typechange|Normal\/Ghost|[silent]
|
|-heal|p1a: Willow|81\/251|[from] item: Leftovers
|upkeep
|turn|25
|c|☆inkbug1|i am not 
|c|☆inkbug1|playing too well 
|
|t:|1646728257
|move|p1a: Willow|Substitute|p1a: Willow
|-start|p1a: Willow|Substitute
|-damage|p1a: Willow|19\/251
|cant|p2a: Miso|par
|
|-heal|p1a: Willow|34\/251|[from] item: Leftovers
|-sideend|p1: inkbug1|Reflect
|upkeep
|turn|26
|c|☆H2OPulse|HAHA okay--
|c|☆inkbug1|oh thankgod-
|c|☆inkbug1|i did the wrong read again but it didnt matter :'D 
|
|t:|1646728280
|move|p2a: Miso|Wave Crash||[still]
|-anim|p2a: Miso|Waterfall|p1a: Willow
|-end|p1a: Willow|Substitute
|-damage|p2a: Miso|0 fnt|[from] Recoil|[of] p1a: Willow
|faint|p2a: Miso
|move|p1a: Willow|Bitter Malice|p2: Miso|[notarget]
|-fail|p1a: Willow
|
|-heal|p1a: Willow|49\/251|[from] item: Leftovers
|upkeep
|c|☆H2OPulse|Who gave Zoroark the right to be so beautiful ;_;
|
|t:|1646728302
|switch|p2a: Myrrh|Typhlosion-Hisui, M|100\/100
|-start|p2a: Myrrh|typechange|Fire\/Ghost|[silent]
|-status|p2a: Myrrh|tox
|-start|p2a: Myrrh|typechange|Fire\/Ghost|[silent]
|turn|27
|
|t:|1646728308
|move|p2a: Myrrh|Eruption|p1a: Willow
|-crit|p1a: Willow
|-damage|p1a: Willow|0 fnt
|-start|p1a: Willow|typechange|Normal\/Ghost|[silent]
|-end|p1a: Willow|typechange|[silent]
|-start|p1a: Willow|typechange|Normal\/Ghost|[silent]
|faint|p1a: Willow
|
|-damage|p2a: Myrrh|95\/100 tox|[from] psn
|upkeep
|
|t:|1646728314
|switch|p1a: Ursaluna|Ursaluna, F|128\/463
|-start|p1a: Ursaluna|typechange|Ground\/Normal|[silent]
|-start|p1a: Ursaluna|typechange|Ground\/Normal|[silent]
|-activate|p1a: Ursaluna|move: Sticky Web
|-unboost|p1a: Ursaluna|spe|1
|turn|28
|
|t:|1646728323
|move|p2a: Myrrh|Eruption|p1a: Ursaluna
|-damage|p1a: Ursaluna|0 fnt
|faint|p1a: Ursaluna
|
|win|H2OPulse
|c|☆inkbug1|wlel i did 
|c|☆inkbug1|a number of things wrong in that one
|c|☆H2OPulse|Fair but!!! that was a good game : D</script>
</div>
<div class="battle-log battle-log-inline"><div class="inner"><div class="battle-options"><div style="padding-top: 3px; padding-right: 3px; text-align: right"><button class="icon button" name="openBattleOptions" title="Options">Battle Options</button></div></div><div class="inner message-log"><div class="chat"><small>☆inkbug1 and ☆H2OPulse joined</small></div><div class=""><small>Format:</small> <br><strong>[Gen 8] M4A Sandbox</strong></div><div class=""><small><em>HP Percentage Mod:</em> HP is shown in percentages</small></div><div class=""><small><em>OHKO Clause:</em> OHKO moves are banned</small></div><div class=""><small><em>Evasion Moves Clause:</em> Evasion moves are banned</small></div><div class=""><small><em>Dynamax Clause:</em> You cannot dynamax</small></div><div class=""><small><em>Sleep Clause Mod:</em> Limit one foe put to sleep</small></div><div class=""><small><em>Freeze Clause Mod:</em> Limit one foe frozen</small></div><div class="chat"><img src="https://raw.githubusercontent.com/scoopapa/DH/master/data/mods/m4av6/sprites/m4a_banner.png" height="65" width="381"></div><div class="spacer battle-history"><br></div><div class="battle-history"><small>Welcome to the Megas for All Sandbox!</small><br></div><div class="battle-history"><small>This is a custom game format where you can experiment outside of the normal rules.</small><br></div><div class="battle-history"><small>Thanks to the incredible KeroseneZanchu, you can even alter a Pokémon's type, stats and Mega form with its nickname!</small><br></div><div class="battle-history"><small>You can find the details on how this works here:</small><br></div><div class="battle-history"><small>https://docs.google.com/document/d/1hhF49OIQKot72C30mCzSwxYgb3Ephhm9KCL_nMPrCW0/</small><br></div><div class="chat battle-history"><strong>inkbug1's team:</strong> <em style="color:#445566;display:block;">Zoroark-Hisui / Regieleki / Overqwil / Sneasler / Leavanny / Ursaluna</em></div><div class="chat battle-history"><strong>H2OPulse's team:</strong> <em style="color:#445566;display:block;">Decidueye-Hisui / Typhlosion-Hisui / Basculegion / Bisharp / Araquanid / Gliscor</em></div><div class="chat chatmessage-h2opulse"><strong style="color:#6e8c2b"><small>☆</small><span class="username" data-name="H2OPulse">H2OPulse</span>:</strong> <em>Y e s s s hi</em></div><div class="chat chatmessage-h2opulse"><strong style="color:#6e8c2b"><small>☆</small><span class="username" data-name="H2OPulse">H2OPulse</span>:</strong> <em>Good luck and have fun : D</em></div><div class="spacer battle-history"><br></div><div class="battle-history">Battle started between inkbug1 and H2OPulse!<br></div><div class="spacer battle-history"><br></div><div class="battle-history">Go! Sevens (<strong>Sneasler</strong>)!<br></div><div class="spacer battle-history"><br></div><div class="battle-history">H2OPulse sent out Myrrh (<strong>Typhlosion-Hisui</strong>)!<br></div><div class="chat"><ul class="utilichart"><li class="result"><span class="col pokemonnamecol" style="white-space: nowrap">Typhlosion-Hisui</span> <span class="col typecol"><img src="https://play.pokemonshowdown.com/sprites/types/Fire.png" alt="Fire" height="14" width="32"><img src="https://play.pokemonshowdown.com/sprites/types/Ghost.png" alt="Ghost" height="14" width="32"></span> <span style="float: left ; min-height: 26px"><span class="col abilitycol">Blaze / Flash Fire</span><span class="col abilitycol"></span></span></li><li style="clear: both"></li></ul></div><div class="chat"><ul class="utilichart"><li class="result"><span style="float: left ; min-height: 26px"><span class="col statcol"><em>HP</em><br>73</span> <span class="col statcol"><em>Atk</em><br>84</span> <span class="col statcol"><em>Def</em><br>78</span> <span class="col statcol"><em>SpA</em><br>119</span> <span class="col statcol"><em>SpD</em><br>85</span> <span class="col statcol"><em>Spe</em><br>95</span> </span></li><li style="clear: both"></li></ul></div><div class="chat"><ul class="utilichart"><li class="result"><span class="col pokemonnamecol" style="white-space: nowrap">Sneasler</span> <span class="col typecol"><img src="https://play.pokemonshowdown.com/sprites/types/Poison.png" alt="Poison" height="14" width="32"><img src="https://play.pokemonshowdown.com/sprites/types/Fighting.png" alt="Fighting" height="14" width="32"></span></li><li style="clear: both"></li></ul></div><div class="chat"><ul class="utilichart"><li class="result"><span style="float: left ; min-height: 26px"><span class="col statcol"><em>HP</em><br>80</span> <span class="col statcol"><em>Atk</em><br>130</span> <span class="col statcol"><em>Def</em><br>60</span> <span class="col statcol"><em>SpA</em><br>40</span> <span class="col statcol"><em>SpD</em><br>80</span> <span class="col statcol"><em>Spe</em><br>120</span> </span></li><li style="clear: both"></li></ul></div><div class="spacer battle-history"><br></div><h2 class="battle-history">Turn 1</h2><div class="chat chatmessage-inkbug1 mine"><strong style="color:#e46e0f"><small>☆</small><span class="username" data-name="inkbug1">inkbug1</span>:</strong> <em>oh god</em></div><div class="chat chatmessage-h2opulse"><strong style="color:#6e8c2b"><small>☆</small><span class="username" data-name="H2OPulse">H2OPulse</span>:</strong> <em>NOPE,</em></div><div class="chat chatmessage-inkbug1 mine"><strong style="color:#e46e0f"><small>☆</small><span class="username" data-name="inkbug1">inkbug1</span>:</strong> <em>fuck uh </em></div><div class="chat chatmessage-inkbug1 mine"><strong style="color:#e46e0f"><small>☆</small><span class="username" data-name="inkbug1">inkbug1</span>:</strong> <em>w</em></div><div class="spacer battle-history"><br></div><div class="battle-history">Sevens, come back!<br></div><div class="battle-history">Go! <strong>Ursaluna</strong>!<br></div><div class="chat"><ul class="utilichart"><li class="result"><span class="col pokemonnamecol" style="white-space: nowrap">Ursaluna</span> <span class="col typecol"><img src="https://play.pokemonshowdown.com/sprites/types/Ground.png" alt="Ground" height="14" width="32"><img src="https://play.pokemonshowdown.com/sprites/types/Normal.png" alt="Normal" height="14" width="32"></span></li><li style="clear: both"></li></ul></div><div class="chat"><ul class="utilichart"><li class="result"><span style="float: left ; min-height: 26px"><span class="col statcol"><em>HP</em><br>130</span> <span class="col statcol"><em>Atk</em><br>140</span> <span class="col statcol"><em>Def</em><br>105</span> <span class="col statcol"><em>SpA</em><br>45</span> <span class="col statcol"><em>SpD</em><br>80</span> <span class="col statcol"><em>Spe</em><br>50</span> </span></li><li style="clear: both"></li></ul></div><div class="spacer battle-history"><br></div><div class="battle-history">The opposing Myrrh used <strong>Eruption</strong>!<br></div><div class="battle-history"><small>(Ursaluna lost <abbr title="−208/463">44.9%</abbr> of its health!)</small><br></div><div class="spacer battle-history"><br></div><h2 class="battle-history">Turn 2</h2><div class="spacer battle-history"><br></div><div class="battle-history">H2OPulse withdrew Myrrh!<br></div><div class="battle-history">H2OPulse sent out Erica (<strong>Decidueye-Hisui</strong>)!<br></div><div class="chat"><ul class="utilichart"><li class="result"><span class="col pokemonnamecol" style="white-space: nowrap">Decidueye-Hisui</span> <span class="col typecol"><img src="https://play.pokemonshowdown.com/sprites/types/Grass.png" alt="Grass" height="14" width="32"><img src="https://play.pokemonshowdown.com/sprites/types/Fighting.png" alt="Fighting" height="14" width="32"></span></li><li style="clear: both"></li></ul></div><div class="chat"><ul class="utilichart"><li class="result"><span style="float: left ; min-height: 26px"><span class="col statcol"><em>HP</em><br>88</span> <span class="col statcol"><em>Atk</em><br>112</span> <span class="col statcol"><em>Def</em><br>80</span> <span class="col statcol"><em>SpA</em><br>95</span> <span class="col statcol"><em>SpD</em><br>95</span> <span class="col statcol"><em>Spe</em><br>60</span> </span></li><li style="clear: both"></li></ul></div><div class="spacer battle-history"><br></div><div class="battle-history">Ursaluna used <strong>Headlong Rush</strong>!<br></div><div class="battle-history"><small>It's not very effective...</small><br></div><div class="battle-history"><small>(The opposing Erica lost 32% of its health!)</small><br></div><div class="battle-history"><small>Ursaluna's Defense fell!</small><br></div><div class="battle-history"><small>Ursaluna's Sp. Def fell!</small><br></div><div class="spacer battle-history"><br></div><h2 class="battle-history">Turn 3</h2><div class="spacer battle-history"><br></div><div class="battle-history">Ursaluna, come back!<br></div><div class="battle-history">Go! Sevens (<strong>Sneasler</strong>)!<br></div><div class="spacer battle-history"><br></div><div class="battle-history">The opposing Erica used <strong>Triple Arrows</strong>!<br></div><div class="battle-history"><small>It's not very effective...</small><br></div><div class="battle-history"><small>(Sevens lost <abbr title="−60/364">16.5%</abbr> of its health!)</small><br></div><div class="battle-history"><small>The opposing Erica is getting pumped!</small><br></div><div class="battle-history"><small>Sevens's Defense fell!</small><br></div><div class="spacer battle-history"><br></div><div class="battle-history"><small>Sevens restored a little HP using its Black Sludge!</small><br></div><div class="spacer battle-history"><br></div><h2 class="battle-history">Turn 4</h2><div class="spacer battle-history"><br></div><div class="battle-history">H2OPulse withdrew Erica!<br></div><div class="battle-history">H2OPulse sent out Phace (<strong>Gliscor</strong>)!<br></div><div class="spacer battle-history"><br></div><div class="battle-history">Sevens used <strong>Dire Claw</strong>!<br></div><div class="battle-history"><small>It's not very effective...</small><br></div><div class="battle-history"><small>A critical hit!</small><br></div><div class="battle-history"><small>(The opposing Phace lost 17% of its health!)</small><br></div><div class="spacer battle-history"><br></div><div class="battle-history"><small>Sevens restored a little HP using its Black Sludge!</small><br></div><div class="battle-history"><small>The opposing Phace was badly poisoned!</small><br></div><div class="spacer battle-history"><br></div><h2 class="battle-history">Turn 5</h2><div class="chat chatmessage-inkbug1 mine"><strong style="color:#e46e0f"><small>☆</small><span class="username" data-name="inkbug1">inkbug1</span>:</strong> <em>para</em></div><div class="chat chatmessage-inkbug1 mine"><strong style="color:#e46e0f"><small>☆</small><span class="username" data-name="inkbug1">inkbug1</span>:</strong> <em>nooo</em></div><div class="chat chatmessage-inkbug1 mine"><strong style="color:#e46e0f"><small>☆</small><span class="username" data-name="inkbug1">inkbug1</span>:</strong> <em>tht would have been so funny akjsdhs</em></div><div class="spacer battle-history"><br></div><div class="battle-history">Sevens, come back!<br></div><div class="battle-history">Go! Jawbreaker (<strong>Overqwil</strong>)!<br></div><div class="chat"><ul class="utilichart"><li class="result"><span class="col pokemonnamecol" style="white-space: nowrap">Overqwil</span> <span class="col typecol"><img src="https://play.pokemonshowdown.com/sprites/types/Dark.png" alt="Dark" height="14" width="32"><img src="https://play.pokemonshowdown.com/sprites/types/Poison.png" alt="Poison" height="14" width="32"></span> <span style="float: left ; min-height: 26px"><span class="col abilitycol">Poison Point / Swift Swim / Intimidate</span><span class="col abilitycol"></span></span></li><li style="clear: both"></li></ul></div><div class="chat"><ul class="utilichart"><li class="result"><span style="float: left ; min-height: 26px"><span class="col statcol"><em>HP</em><br>85</span> <span class="col statcol"><em>Atk</em><br>115</span> <span class="col statcol"><em>Def</em><br>95</span> <span class="col statcol"><em>SpA</em><br>65</span> <span class="col statcol"><em>SpD</em><br>65</span> <span class="col statcol"><em>Spe</em><br>85</span> </span></li><li style="clear: both"></li></ul></div><div class="battle-history">[Jawbreaker's Intimidate]<br></div><div class="battle-history"><small>The opposing Phace's Attack fell!</small><br></div><div class="spacer battle-history"><br></div><div class="battle-history">H2OPulse withdrew Phace!<br></div><div class="battle-history">H2OPulse sent out Spilly (<strong>Araquanid</strong>)!<br></div><div class="spacer battle-history"><br></div><h2 class="battle-history">Turn 6</h2><div class="chat chatmessage-h2opulse"><strong style="color:#6e8c2b"><small>☆</small><span class="username" data-name="H2OPulse">H2OPulse</span>:</strong> <em>Kshdjfkgk y e a h ,</em></div><div class="spacer battle-history"><br></div><div class="battle-history">Jawbreaker used <strong>Barb Barrage</strong>!<br></div><div class="battle-history"><small>(The opposing Spilly lost 33% of its health!)</small><br></div><div class="spacer battle-history"><br></div><div class="battle-history">The opposing Spilly used <strong>Sticky Web</strong>!<br></div><div class="battle-history"><small>A sticky web has been laid out on the ground around your team!</small><br></div><div class="spacer battle-history"><br></div><h2 class="battle-history">Turn 7</h2><div class="spacer battle-history"><br></div><div class="battle-history">Jawbreaker used <strong>Toxic Spikes</strong>!<br></div><div class="battle-history"><small>Poison spikes were scattered on the ground all around the opposing team!</small><br></div><div class="spacer battle-history"><br></div><div class="battle-history">The opposing Spilly used <strong>Liquidation</strong>!<br></div><div class="battle-history"><small>(Jawbreaker lost <abbr title="−211/374">56.4%</abbr> of its health!)</small><br></div><div class="spacer battle-history"><br></div><div class="battle-history"><small>Jawbreaker restored a little HP using its Black Sludge!</small><br></div><div class="spacer battle-history"><br></div><h2 class="battle-history">Turn 8</h2><div class="chat chatmessage-inkbug1 mine"><strong style="color:#e46e0f"><small>☆</small><span class="username" data-name="inkbug1">inkbug1</span>:</strong> <em>righ i forgot i cant</em></div><div class="chat chatmessage-inkbug1 mine"><strong style="color:#e46e0f"><small>☆</small><span class="username" data-name="inkbug1">inkbug1</span>:</strong> <em>sit on you unless i switched in </em></div><div class="spacer battle-history"><br></div><div class="battle-history">Jawbreaker, come back!<br></div><div class="battle-history">Go! Isma (<strong>Leavanny</strong>)!<br></div><div class="battle-history"><small>Isma was caught in a sticky web!</small><br></div><div class="battle-history"><small>Isma's Speed fell!</small><br></div><div class="spacer battle-history"><br></div><div class="battle-history">The opposing Spilly used <strong>Leech Life</strong>!<br></div><div class="battle-history"><small>It's super effective!</small><br></div><div class="battle-history"><small>(Isma lost <abbr title="−260/291">89.3%</abbr> of its health!)</small><br></div><div class="battle-history"><small>Isma had its energy drained!</small><br></div><div class="spacer battle-history"><br></div><h2 class="battle-history">Turn 9</h2><div class="chat chatmessage-inkbug1 mine"><strong style="color:#e46e0f"><small>☆</small><span class="username" data-name="inkbug1">inkbug1</span>:</strong> <em>you are so mean 1 me</em></div><div class="spacer battle-history"><br></div><div class="battle-history"><small>Isma's Leavannite is reacting to the Key Stone!</small><br>Isma has Mega Evolved into Mega Leavanny!<br></div><div class="chat"><ul class="utilichart"><li class="result"><span class="col pokemonnamecol" style="white-space: nowrap">Leavanny-Mega</span> <span class="col typecol"><img src="https://play.pokemonshowdown.com/sprites/types/Bug.png" alt="Bug" height="14" width="32"><img src="https://play.pokemonshowdown.com/sprites/types/Grass.png" alt="Grass" height="14" width="32"></span> <span style="float: left ; min-height: 26px"><span class="col abilitycol">Parental Bond</span><span class="col abilitycol"></span></span><span style="float: left ; min-height: 26px"><span class="col statcol"><em>HP</em><br>75</span> <span class="col statcol"><em>Atk</em><br>103</span> <span class="col statcol"><em>Def</em><br>100</span> <span class="col statcol"><em>SpA</em><br>110</span> <span class="col statcol"><em>SpD</em><br>100</span> <span class="col statcol"><em>Spe</em><br>112</span> </span></li><li style="clear: both"></li></ul></div><div class="battle-history"><small>(Leavanny-Mega was submitted by Hematite!)</small><br></div><div class="spacer battle-history"><br></div><div class="battle-history">Isma used <strong>Giga Drain</strong>!<br></div><div class="battle-history"><small>(The opposing Spilly lost 36% of its health!)</small><br></div><div class="battle-history"><small>The opposing Spilly had its energy drained!</small><br></div><div class="battle-history"><small>(The opposing Spilly lost 9% of its health!)</small><br></div><div class="battle-history"><small>The opposing Spilly had its energy drained!</small><br></div><div class="battle-history"><small>The Pokémon was hit 2 times!</small><br></div><div class="spacer battle-history"><br></div><div class="battle-history">The opposing Spilly used <strong>Liquidation</strong>!<br></div><div class="battle-history"><small>It's not very effective...</small><br></div><div class="battle-history"><small>(Isma lost <abbr title="−98/291">33.7%</abbr> of its health!)</small><br></div><div class="spacer battle-history"><br></div><div class="battle-history">Isma fainted!<br></div><div class="chat chatmessage-h2opulse"><strong style="color:#6e8c2b"><small>☆</small><span class="username" data-name="H2OPulse">H2OPulse</span>:</strong> <em>Sorry,,</em></div><div class="spacer battle-history"><br></div><div class="battle-history">Go! Sparknado (<strong>Regieleki</strong>)!<br></div><div class="battle-history"><small>Sparknado was caught in a sticky web!</small><br></div><div class="battle-history"><small>Sparknado's Speed fell!</small><br></div><div class="spacer battle-history"><br></div><h2 class="battle-history">Turn 10</h2><div class="spacer battle-history"><br></div><div class="battle-history">H2OPulse withdrew Spilly!<br></div><div class="battle-history">H2OPulse sent out Phace (<strong>Gliscor</strong>)!<br></div><div class="spacer battle-history"><br></div><div class="battle-history">Sparknado used <strong>Rapid Spin</strong>!<br></div><div class="battle-history"><small>(The opposing Phace lost 8% of its health!)</small><br></div><div class="battle-history"><small>Sparknado's Speed rose!</small><br></div><div class="battle-history"><small>The sticky web has disappeared from the ground around your team!</small><br></div><div class="spacer battle-history"><br></div><div class="battle-history">[The opposing Phace's Poison Heal]<br><small>The opposing Phace had its HP restored.</small><br></div><div class="spacer battle-history"><br></div><h2 class="battle-history">Turn 11</h2><div class="spacer battle-history"><br></div><div class="battle-history">Sparknado, come back!<br></div><div class="battle-history">Go! <strong>Ursaluna</strong>!<br></div><div class="spacer battle-history"><br></div><div class="battle-history">The opposing Phace used <strong>Earthquake</strong>!<br></div><div class="battle-history"><small>(Ursaluna lost <abbr title="−127/463">27.4%</abbr> of its health!)</small><br></div><div class="spacer battle-history"><br></div><div class="battle-history">[The opposing Phace's Poison Heal]<br><small>The opposing Phace had its HP restored.</small><br></div><div class="spacer battle-history"><br></div><h2 class="battle-history">Turn 12</h2><div class="spacer battle-history"><br></div><div class="battle-history">The opposing Phace used <strong>Defog</strong>!<br></div><div class="battle-history"><small>Ursaluna's evasiveness fell!</small><br></div><div class="battle-history"><small>The poison spikes disappeared from the ground around the opposing team!</small><br></div><div class="spacer battle-history"><br></div><div class="battle-history">Ursaluna used <strong>Facade</strong>!<br></div><div class="battle-history"><small>(The opposing Phace lost 31% of its health!)</small><br></div><div class="spacer battle-history"><br></div><div class="battle-history">[The opposing Phace's Poison Heal]<br><small>The opposing Phace had its HP restored.</small><br></div><div class="spacer battle-history"><br></div><h2 class="battle-history">Turn 13</h2><div class="chat chatmessage-h2opulse"><strong style="color:#6e8c2b"><small>☆</small><span class="username" data-name="H2OPulse">H2OPulse</span>:</strong> <em>Huh are you not</em></div><div class="chat chatmessage-h2opulse"><strong style="color:#6e8c2b"><small>☆</small><span class="username" data-name="H2OPulse">H2OPulse</span>:</strong> <em>orb?</em></div><div class="spacer battle-history"><br></div><div class="battle-history">Ursaluna, come back!<br></div><div class="battle-history">Go! Sevens (<strong>Sneasler</strong>)!<br></div><div class="spacer battle-history"><br></div><div class="battle-history">The opposing Phace used <strong>U-turn</strong>!<br></div><div class="battle-history"><small>It's not very effective...</small><br></div><div class="battle-history"><small>(Sevens lost <abbr title="−24/364">6.6%</abbr> of its health!)</small><br></div><div class="spacer battle-history"><br></div><div class="battle-history">The opposing Phace went back to H2OPulse!<br></div><div class="battle-history">H2OPulse sent out Spilly (<strong>Araquanid</strong>)!<br></div><div class="spacer battle-history"><br></div><div class="battle-history"><small>Sevens restored a little HP using its Black Sludge!</small><br></div><div class="spacer battle-history"><br></div><h2 class="battle-history">Turn 14</h2><div class="spacer battle-history"><br></div><div class="battle-history">Sevens used <strong>Bulk Up</strong>!<br></div><div class="battle-history"><small>Sevens's Attack rose!</small><br></div><div class="battle-history"><small>Sevens's Defense rose!</small><br></div><div class="spacer battle-history"><br></div><div class="battle-history">The opposing Spilly used <strong>Sticky Web</strong>!<br></div><div class="battle-history"><small>A sticky web has been laid out on the ground around your team!</small><br></div><div class="spacer battle-history"><br></div><div class="battle-history"><small>Sevens restored a little HP using its Black Sludge!</small><br></div><div class="spacer battle-history"><br></div><h2 class="battle-history">Turn 15</h2><div class="spacer battle-history"><br></div><div class="battle-history">Sevens used <strong>Dire Claw</strong>!<br></div><div class="battle-history"><small>(The opposing Spilly lost 52% of its health!)</small><br></div><div class="battle-history">[Sevens's Poison Touch]<br><small>The opposing Spilly was poisoned!</small><br></div><div class="spacer battle-history"><br></div><div class="battle-history">The opposing Spilly used <strong>Liquidation</strong>!<br></div><div class="battle-history"><small>(Sevens lost <abbr title="−234/364">64.3%</abbr> of its health!)</small><br></div><div class="spacer battle-history"><br></div><div class="battle-history"><small>Sevens restored a little HP using its Black Sludge!</small><br></div><div class="battle-history"><small>The opposing Spilly was hurt by poison!</small><br></div><div class="spacer battle-history"><br></div><div class="battle-history">The opposing Spilly fainted!<br></div><div class="chat chatmessage-h2opulse"><strong style="color:#6e8c2b"><small>☆</small><span class="username" data-name="H2OPulse">H2OPulse</span>:</strong> <em><i>kshdjfkg fa ir</i></em></div><div class="chat chatmessage-h2opulse"><strong style="color:#6e8c2b"><small>☆</small><span class="username" data-name="H2OPulse">H2OPulse</span>:</strong> <em>Spilly I love you</em></div><div class="chat chatmessage-h2opulse"><strong style="color:#6e8c2b"><small>☆</small><span class="username" data-name="H2OPulse">H2OPulse</span>:</strong> <em>He came through</em></div><div class="spacer battle-history"><br></div><div class="battle-history">H2OPulse sent out Miso (<strong>Basculegion</strong>)!<br></div><div class="chat"><ul class="utilichart"><li class="result"><span class="col pokemonnamecol" style="white-space: nowrap">Basculegion</span> <span class="col typecol"><img src="https://play.pokemonshowdown.com/sprites/types/Water.png" alt="Water" height="14" width="32"><img src="https://play.pokemonshowdown.com/sprites/types/Ghost.png" alt="Ghost" height="14" width="32"></span></li><li style="clear: both"></li></ul></div><div class="chat"><ul class="utilichart"><li class="result"><span style="float: left ; min-height: 26px"><span class="col statcol"><em>HP</em><br>120</span> <span class="col statcol"><em>Atk</em><br>112</span> <span class="col statcol"><em>Def</em><br>65</span> <span class="col statcol"><em>SpA</em><br>80</span> <span class="col statcol"><em>SpD</em><br>75</span> <span class="col statcol"><em>Spe</em><br>78</span> </span></li><li style="clear: both"></li></ul></div><div class="spacer battle-history"><br></div><h2 class="battle-history">Turn 16</h2><div class="spacer battle-history"><br></div><div class="battle-history">Sevens used <strong>Dire Claw</strong>!<br></div><div class="battle-history"><small>It's not very effective...</small><br></div><div class="battle-history"><small>(The opposing Miso lost 27% of its health!)</small><br></div><div class="battle-history"><small>The opposing Miso is paralyzed! It may be unable to move!</small><br></div><div class="spacer battle-history"><br></div><div class="battle-history">The opposing Miso is paralyzed! It can't move!<br></div><div class="spacer battle-history"><br></div><div class="battle-history"><small>Sevens restored a little HP using its Black Sludge!</small><br></div><div class="spacer battle-history"><br></div><h2 class="battle-history">Turn 17</h2><div class="chat chatmessage-inkbug1 mine"><strong style="color:#e46e0f"><small>☆</small><span class="username" data-name="inkbug1">inkbug1</span>:</strong> <em>kasjdkmsdhfkalsdhfakjsdfh</em></div><div class="chat chatmessage-h2opulse"><strong style="color:#6e8c2b"><small>☆</small><span class="username" data-name="H2OPulse">H2OPulse</span>:</strong> <em>P f f f</em></div><div class="chat chatmessage-inkbug1 mine"><strong style="color:#e46e0f"><small>☆</small><span class="username" data-name="inkbug1">inkbug1</span>:</strong> <em>puts my face in my hands</em></div><div class="spacer battle-history"><br></div><div class="battle-history">Sevens used <strong>Bulk Up</strong>!<br></div><div class="battle-history"><small>Sevens's Attack rose!</small><br></div><div class="battle-history"><small>Sevens's Defense rose!</small><br></div><div class="spacer battle-history"><br></div><div class="battle-history">The opposing Miso used <strong>Liquidation</strong>!<br></div><div class="battle-history"><small>(Sevens lost <abbr title="−174/364">47.8%</abbr> of its health!)</small><br></div><div class="spacer battle-history"><br></div><div class="battle-history">Sevens fainted!<br></div><div class="chat chatmessage-inkbug1 mine"><strong style="color:#e46e0f"><small>☆</small><span class="username" data-name="inkbug1">inkbug1</span>:</strong> <em>ok fair</em></div><div class="spacer battle-history"><br></div><div class="battle-history">Go! Sparknado (<strong>Regieleki</strong>)!<br></div><div class="battle-history"><small>Sparknado was caught in a sticky web!</small><br></div><div class="battle-history"><small>Sparknado's Speed fell!</small><br></div><div class="spacer battle-history"><br></div><h2 class="battle-history">Turn 18</h2><div class="chat chatmessage-h2opulse"><strong style="color:#6e8c2b"><small>☆</small><span class="username" data-name="H2OPulse">H2OPulse</span>:</strong> <em>H m</em></div><div class="chat chatmessage-h2opulse"><strong style="color:#6e8c2b"><small>☆</small><span class="username" data-name="H2OPulse">H2OPulse</span>:</strong> <em>You are in an insanely good position right now</em></div><div class="chat chatmessage-h2opulse"><strong style="color:#6e8c2b"><small>☆</small><span class="username" data-name="H2OPulse">H2OPulse</span>:</strong> <em>I almost called your bluff on Willow and then I realized doing so would let Regieleki Spin if I switched to anyone who wasn't afraid of him</em></div><div class="spacer battle-history"><br></div><div class="battle-history">The opposing Miso used <strong>Wave Crash</strong>!<br></div><div class="battle-history"><small>But it failed!</small><br></div><div class="spacer battle-history"><br></div><div class="battle-history">Sparknado used <strong>Reflect</strong>!<br></div><div class="battle-history"><small>Reflect made your team stronger against physical moves!</small><br></div><div class="spacer battle-history"><br></div><h2 class="battle-history">Turn 19</h2><div class="chat chatmessage-h2opulse"><strong style="color:#6e8c2b"><small>☆</small><span class="username" data-name="H2OPulse">H2OPulse</span>:</strong> <em>RIGHT OKAY,,</em></div><div class="spacer battle-history"><br></div><div class="battle-history">The opposing Miso used <strong>Wave Crash</strong>!<br></div><div class="battle-history"><small>A critical hit!</small><br></div><div class="battle-history"><small>(Sparknado lost <abbr title="−364/364">100%</abbr> of its health!)</small><br></div><div class="battle-history"><small>The opposing Miso was damaged by the recoil!</small><br></div><div class="spacer battle-history"><br></div><div class="battle-history">Sparknado fainted!<br></div><div class="chat chatmessage-inkbug1 mine"><strong style="color:#e46e0f"><small>☆</small><span class="username" data-name="inkbug1">inkbug1</span>:</strong> <em>ASFHGKJDFSG</em></div><div class="chat chatmessage-h2opulse"><strong style="color:#6e8c2b"><small>☆</small><span class="username" data-name="H2OPulse">H2OPulse</span>:</strong> <em>I AM SO SORRY KDHDFJFJFJFK</em></div><div class="chat chatmessage-inkbug1 mine"><strong style="color:#e46e0f"><small>☆</small><span class="username" data-name="inkbug1">inkbug1</span>:</strong> <em>MY SPIN</em></div><div class="chat chatmessage-inkbug1 mine"><strong style="color:#e46e0f"><small>☆</small><span class="username" data-name="inkbug1">inkbug1</span>:</strong> <em>thts fair i deserev that</em></div><div class="chat chatmessage-h2opulse"><strong style="color:#6e8c2b"><small>☆</small><span class="username" data-name="H2OPulse">H2OPulse</span>:</strong> <em>C a c k l i n g okay</em></div><div class="spacer battle-history"><br></div><div class="battle-history">Go! Jawbreaker (<strong>Overqwil</strong>)!<br></div><div class="battle-history"><small>Jawbreaker was caught in a sticky web!</small><br></div><div class="battle-history"><small>Jawbreaker's Speed fell!</small><br></div><div class="battle-history">[Jawbreaker's Intimidate]<br></div><div class="battle-history"><small>The opposing Miso's Attack fell!</small><br></div><div class="spacer battle-history"><br></div><h2 class="battle-history">Turn 20</h2><div class="spacer battle-history"><br></div><div class="battle-history">Jawbreaker used <strong>Toxic Spikes</strong>!<br></div><div class="battle-history"><small>Poison spikes were scattered on the ground all around the opposing team!</small><br></div><div class="spacer battle-history"><br></div><div class="battle-history">The opposing Miso used <strong>Liquidation</strong>!<br></div><div class="battle-history"><small>(Jawbreaker lost <abbr title="−83/374">22.2%</abbr> of its health!)</small><br></div><div class="spacer battle-history"><br></div><div class="battle-history"><small>Jawbreaker restored a little HP using its Black Sludge!</small><br></div><div class="spacer battle-history"><br></div><h2 class="battle-history">Turn 21</h2><div class="chat chatmessage-inkbug1 mine"><strong style="color:#e46e0f"><small>☆</small><span class="username" data-name="inkbug1">inkbug1</span>:</strong> <em>wow that didnt do shit</em></div><div class="chat chatmessage-inkbug1 mine"><strong style="color:#e46e0f"><small>☆</small><span class="username" data-name="inkbug1">inkbug1</span>:</strong> <em>sorry i was jsut surprised :'D </em></div><div class="chat chatmessage-h2opulse"><strong style="color:#6e8c2b"><small>☆</small><span class="username" data-name="H2OPulse">H2OPulse</span>:</strong> <em>I need to put Garlick back on this team I forgot how much Toxic Spikes mess me up :'D</em></div><div class="chat chatmessage-h2opulse"><strong style="color:#6e8c2b"><small>☆</small><span class="username" data-name="H2OPulse">H2OPulse</span>:</strong> <em>And kshfjfkg y e a h</em></div><div class="spacer battle-history"><br></div><div class="battle-history">Jawbreaker used <strong>Barb Barrage</strong>!<br></div><div class="battle-history"><small>It's not very effective...</small><br></div><div class="battle-history"><small>(The opposing Miso lost 39% of its health!)</small><br></div><div class="spacer battle-history"><br></div><div class="battle-history">The opposing Miso used <strong>Liquidation</strong>!<br></div><div class="battle-history"><small>(Jawbreaker lost <abbr title="−82/374">21.9%</abbr> of its health!)</small><br></div><div class="spacer battle-history"><br></div><div class="battle-history"><small>Jawbreaker restored a little HP using its Black Sludge!</small><br></div><div class="spacer battle-history"><br></div><h2 class="battle-history">Turn 22</h2><div class="spacer battle-history"><br></div><div class="battle-history">Jawbreaker used <strong>Toxic Spikes</strong>!<br></div><div class="battle-history"><small>Poison spikes were scattered on the ground all around the opposing team!</small><br></div><div class="spacer battle-history"><br></div><div class="battle-history">The opposing Miso used <strong>Liquidation</strong>!<br></div><div class="battle-history"><small>(Jawbreaker lost <abbr title="−67/374">17.9%</abbr> of its health!)</small><br></div><div class="spacer battle-history"><br></div><div class="battle-history">Jawbreaker fainted!<br></div><div class="chat chatmessage-inkbug1 mine"><strong style="color:#e46e0f"><small>☆</small><span class="username" data-name="inkbug1">inkbug1</span>:</strong> <em>ok im dumb</em></div><div class="spacer battle-history"><br></div><div class="battle-history">Go! <strong>Ursaluna</strong>!<br></div><div class="battle-history"><small>Ursaluna was caught in a sticky web!</small><br></div><div class="battle-history"><small>Ursaluna's Speed fell!</small><br></div><div class="spacer battle-history"><br></div><h2 class="battle-history">Turn 23</h2><div class="spacer battle-history"><br></div><div class="battle-history">Ursaluna used <strong>Substitute</strong>!<br></div><div class="battle-history"><small>Ursaluna put in a substitute!</small><br></div><div class="battle-history"><small>(Ursaluna lost <abbr title="−62/251">24.7%</abbr> of its health!)</small><br></div><div class="spacer battle-history"><br></div><div class="battle-history">The opposing Miso used <strong>Liquidation</strong>!<br></div><div class="battle-history"><small>Ursaluna's substitute faded!</small><br></div><div class="spacer battle-history"><br></div><div class="battle-history"><small>Ursaluna restored a little HP using its Leftovers!</small><br></div><div class="spacer battle-history"><br></div><h2 class="battle-history">Turn 24</h2><div class="spacer battle-history"><br></div><div class="battle-history">Ursaluna used <strong>Nasty Plot</strong>!<br></div><div class="battle-history"><small>Ursaluna's Sp. Atk rose sharply!</small><br></div><div class="spacer battle-history"><br></div><div class="battle-history">The opposing Miso used <strong>Liquidation</strong>!<br></div><div class="battle-history"><small>(Ursaluna lost <abbr title="−138/251">55.0%</abbr> of its health!)</small><br></div><div class="battle-history"><small>Willow's illusion wore off!</small><br></div><div class="chat"><ul class="utilichart"><li class="result"><span class="col pokemonnamecol" style="white-space: nowrap">Zoroark-Hisui</span> <span class="col typecol"><img src="https://play.pokemonshowdown.com/sprites/types/Normal.png" alt="Normal" height="14" width="32"><img src="https://play.pokemonshowdown.com/sprites/types/Ghost.png" alt="Ghost" height="14" width="32"></span> <span style="float: left ; min-height: 26px"><span class="col abilitycol">Illusion</span><span class="col abilitycol"></span></span></li><li style="clear: both"></li></ul></div><div class="chat"><ul class="utilichart"><li class="result"><span style="float: left ; min-height: 26px"><span class="col statcol"><em>HP</em><br>55</span> <span class="col statcol"><em>Atk</em><br>100</span> <span class="col statcol"><em>Def</em><br>60</span> <span class="col statcol"><em>SpA</em><br>125</span> <span class="col statcol"><em>SpD</em><br>60</span> <span class="col statcol"><em>Spe</em><br>110</span> </span></li><li style="clear: both"></li></ul></div><div class="spacer battle-history"><br></div><div class="battle-history"><small>Willow restored a little HP using its Leftovers!</small><br></div><div class="spacer battle-history"><br></div><h2 class="battle-history">Turn 25</h2><div class="chat chatmessage-inkbug1 mine"><strong style="color:#e46e0f"><small>☆</small><span class="username" data-name="inkbug1">inkbug1</span>:</strong> <em>i am not </em></div><div class="chat chatmessage-inkbug1 mine"><strong style="color:#e46e0f"><small>☆</small><span class="username" data-name="inkbug1">inkbug1</span>:</strong> <em>playing too well </em></div><div class="spacer battle-history"><br></div><div class="battle-history">Willow used <strong>Substitute</strong>!<br></div><div class="battle-history"><small>Willow put in a substitute!</small><br></div><div class="battle-history"><small>(Willow lost <abbr title="−62/251">24.7%</abbr> of its health!)</small><br></div><div class="spacer battle-history"><br></div><div class="battle-history">The opposing Miso is paralyzed! It can't move!<br></div><div class="spacer battle-history"><br></div><div class="battle-history"><small>Willow restored a little HP using its Leftovers!</small><br></div><div class="battle-history"><small>Your team's Reflect wore off!</small><br></div><div class="spacer battle-history"><br></div><h2 class="battle-history">Turn 26</h2><div class="chat chatmessage-h2opulse"><strong style="color:#6e8c2b"><small>☆</small><span class="username" data-name="H2OPulse">H2OPulse</span>:</strong> <em>HAHA okay--</em></div><div class="chat chatmessage-inkbug1 mine"><strong style="color:#e46e0f"><small>☆</small><span class="username" data-name="inkbug1">inkbug1</span>:</strong> <em>oh thankgod-</em></div><div class="chat chatmessage-inkbug1 mine"><strong style="color:#e46e0f"><small>☆</small><span class="username" data-name="inkbug1">inkbug1</span>:</strong> <em>i did the wrong read again but it didnt matter :'D </em></div><div class="spacer battle-history"><br></div><div class="battle-history">The opposing Miso used <strong>Wave Crash</strong>!<br></div><div class="battle-history"><small>Willow's substitute faded!</small><br></div><div class="battle-history"><small>The opposing Miso was damaged by the recoil!</small><br></div><div class="spacer battle-history"><br></div><div class="battle-history">The opposing Miso fainted!<br></div><div class="battle-history">Willow used <strong>Bitter Malice</strong>!<br></div><div class="battle-history"><small>But it failed!</small><br></div><div class="spacer battle-history"><br></div><div class="battle-history"><small>Willow restored a little HP using its Leftovers!</small><br></div><div class="chat chatmessage-h2opulse"><strong style="color:#6e8c2b"><small>☆</small><span class="username" data-name="H2OPulse">H2OPulse</span>:</strong> <em>Who gave Zoroark the right to be so beautiful ;_;</em></div><div class="spacer battle-history"><br></div><div class="battle-history">H2OPulse sent out Myrrh (<strong>Typhlosion-Hisui</strong>)!<br></div><div class="battle-history"><small>The opposing Myrrh was badly poisoned!</small><br></div><div class="spacer battle-history"><br></div><h2 class="battle-history">Turn 27</h2><div class="spacer battle-history"><br></div><div class="battle-history">The opposing Myrrh used <strong>Eruption</strong>!<br></div><div class="battle-history"><small>A critical hit!</small><br></div><div class="battle-history"><small>(Willow lost <abbr title="−49/251">19.5%</abbr> of its health!)</small><br></div><div class="spacer battle-history"><br></div><div class="battle-history">Willow fainted!<br></div><div class="spacer battle-history"><br></div><div class="battle-history"><small>The opposing Myrrh was hurt by poison!</small><br></div><div class="spacer battle-history"><br></div><div class="battle-history">Go! <strong>Ursaluna</strong>!<br></div><div class="battle-history"><small>Ursaluna was caught in a sticky web!</small><br></div><div class="battle-history"><small>Ursaluna's Speed fell!</small><br></div><div class="spacer battle-history"><br></div><h2 class="battle-history">Turn 28</h2><div class="spacer battle-history"><br></div><div class="battle-history">The opposing Myrrh used <strong>Eruption</strong>!<br></div><div class="battle-history"><small>(Ursaluna lost <abbr title="−128/463">27.6%</abbr> of its health!)</small><br></div><div class="spacer battle-history"><br></div><div class="battle-history">Ursaluna fainted!<br></div><div class="spacer battle-history"><br></div><div class="battle-history"><strong>H2OPulse</strong> won the battle!<br></div><div class="chat chatmessage-inkbug1 mine"><strong style="color:#e46e0f"><small>☆</small><span class="username" data-name="inkbug1">inkbug1</span>:</strong> <em>wlel i did </em></div><div class="chat chatmessage-inkbug1 mine"><strong style="color:#e46e0f"><small>☆</small><span class="username" data-name="inkbug1">inkbug1</span>:</strong> <em>a number of things wrong in that one</em></div><div class="chat chatmessage-h2opulse"><strong style="color:#6e8c2b"><small>☆</small><span class="username" data-name="H2OPulse">H2OPulse</span>:</strong> <em>Fair but!!! that was a good game : D</em></div></div><div class="inner-preempt message-log"></div></div></div>
</div>
<script>
let daily = Math.floor(Date.now()/1000/60/60/24);document.write('<script src="https://dragonheaven.herokuapp.com/js/replay-embed.js?version'+daily+'"></'+'script>');
</script>
