<!DOCTYPE html>
<meta charset="utf-8" />
<!-- version 1 -->
<title>[Gen 8] M4A VGC x Hisui Tour replay: inkbug1 vs. H2OPulse</title>
<style>
html,body {font-family:Verdana, sans-serif;font-size:10pt;margin:0;padding:0;}body{padding:12px 0;} .battle-log {font-family:Verdana, sans-serif;font-size:10pt;} .battle-log-inline {border:1px solid #AAAAAA;background:#EEF2F5;color:black;max-width:640px;margin:0 auto 80px;padding-bottom:5px;} .battle-log .inner {padding:4px 8px 0px 8px;} .battle-log .inner-preempt {padding:0 8px 4px 8px;} .battle-log .inner-after {margin-top:0.5em;} .battle-log h2 {margin:0.5em -8px;padding:4px 8px;border:1px solid #AAAAAA;background:#E0E7EA;border-left:0;border-right:0;font-family:Verdana, sans-serif;font-size:13pt;} .battle-log .chat {vertical-align:middle;padding:3px 0 3px 0;font-size:8pt;} .battle-log .chat strong {color:#40576A;} .battle-log .chat em {padding:1px 4px 1px 3px;color:#000000;font-style:normal;} .chat.mine {background:rgba(0,0,0,0.05);margin-left:-8px;margin-right:-8px;padding-left:8px;padding-right:8px;} .spoiler {color:#BBBBBB;background:#BBBBBB;padding:0px 3px;} .spoiler:hover, .spoiler:active, .spoiler-shown {color:#000000;background:#E2E2E2;padding:0px 3px;} .spoiler a {color:#BBBBBB;} .spoiler:hover a, .spoiler:active a, .spoiler-shown a {color:#2288CC;} .chat code, .chat .spoiler:hover code, .chat .spoiler:active code, .chat .spoiler-shown code {border:1px solid #C0C0C0;background:#EEEEEE;color:black;padding:0 2px;} .chat .spoiler code {border:1px solid #CCCCCC;background:#CCCCCC;color:#CCCCCC;} .battle-log .rated {padding:3px 4px;} .battle-log .rated strong {color:white;background:#89A;padding:1px 4px;border-radius:4px;} .spacer {margin-top:0.5em;} .message-announce {background:#6688AA;color:white;padding:1px 4px 2px;} .message-announce a, .broadcast-green a, .broadcast-blue a, .broadcast-red a {color:#DDEEFF;} .broadcast-green {background-color:#559955;color:white;padding:2px 4px;} .broadcast-blue {background-color:#6688AA;color:white;padding:2px 4px;} .infobox {border:1px solid #6688AA;padding:2px 4px;} .infobox-limited {max-height:200px;overflow:auto;overflow-x:hidden;} .broadcast-red {background-color:#AA5544;color:white;padding:2px 4px;} .message-learn-canlearn {font-weight:bold;color:#228822;text-decoration:underline;} .message-learn-cannotlearn {font-weight:bold;color:#CC2222;text-decoration:underline;} .message-effect-weak {font-weight:bold;color:#CC2222;} .message-effect-resist {font-weight:bold;color:#6688AA;} .message-effect-immune {font-weight:bold;color:#666666;} .message-learn-list {margin-top:0;margin-bottom:0;} .message-throttle-notice, .message-error {color:#992222;} .message-overflow, .chat small.message-overflow {font-size:0pt;} .message-overflow::before {font-size:9pt;content:'...';} .subtle {color:#3A4A66;}
</style>
<div class="wrapper replay-wrapper" style="max-width:1180px;margin:0 auto">
<input type="hidden" name="replayid" value="dragonheaven-gen8m4avgcxhisuitour-49" />
<div class="battle"></div><div class="battle-log"></div><div class="replay-controls"></div><div class="replay-controls-2"></div>
<h1 style="font-weight:normal;text-align:center"><strong>[Gen 8] M4A VGC x Hisui Tour</strong><br /><a href="http://pokemonshowdown.com/users/inkbug1" class="subtle" target="_blank">inkbug1</a> vs. <a href="http://pokemonshowdown.com/users/h2opulse" class="subtle" target="_blank">H2OPulse</a></h1>
<script type="text/plain" class="battle-log-data">|j|☆inkbug1

|j|☆H2OPulse
|t:|1657997045
|player|p1|inkbug1|emmet|
|player|p2|H2OPulse|aetherfoundation|
|teamsize|p1|6
|teamsize|p2|6
|gametype|doubles
|gen|8
|tier|[Gen 8] M4A VGC x Hisui Tour
|clearpoke
|poke|p1|Ninetales-Alola, L50, F|
|poke|p1|Basculegion, L50, M|
|poke|p1|Lilligant-Hisui, L50, F|
|poke|p1|Wyrdeer, L50, F|
|poke|p1|Avalugg-Hisui, L50, F|
|poke|p1|Kricketune, L50, M|
|poke|p2|Weavile, L50, M|
|poke|p2|Lopunny, L50, M|
|poke|p2|Ninetales, L50, F|
|poke|p2|Lilligant-Hisui, L50, F|
|poke|p2|Typhlosion-Hisui, L50, M|
|poke|p2|Mismagius, L50, F|
|rule|Species Clause: Limit one of each Pokémon
|rule|Item Clause: Limit one of each item
|rule|Dynamax Clause: You cannot dynamax
|raw|<img src="https:\/\/raw.githubusercontent.com\/scoopapa\/DH\/master\/data\/mods\/m4av6\/sprites\/m4a_banner.png" height="65" width="381">
|-message|Welcome to Megas for All!
|-message|This is a National Dex-based format where we aim to give a new Mega Evolution to every Pokémon.
|-message|Just like any official format, you can still only Mega Evolve one Pokémon per team!
|-message|You can find our thread and metagame resources here:
|-message|https:\/\/www.smogon.com\/forums\/threads\/3671140\/
|teampreview|4
|j|+time to chill
|c|☆H2OPulse|KRIKCETUNE
|c|☆inkbug1|type balance is for chumps 
|c|☆H2OPulse|KRICKETUNE
|c|☆H2OPulse|YESSS
|c|☆H2OPulse|ahem
|c|☆inkbug1|sorry i jsut really wanted to see-- 
|
|t:|1657997097
|start
|switch|p1a: Kricketune|Kricketune, L50, M|183\/183
|switch|p1b: Basculegion|Basculegion, L50, M|195\/195
|switch|p2a: Clove|Lopunny, L50, M|48\/48
|switch|p2b: Leek|Lilligant-Hisui, L50, F|48\/48
|turn|1
|c|☆inkbug1|hmm
|
|t:|1657997153
|detailschange|p2a: Clove|Lopunny, L50, M
|-mega|p2a: Clove|Lopunny|Lopunnite
|-start|p2a: Clove|Lopunnite|[silent]
|-start|p2a: Clove|typechange|Normal\/Fighting|[silent]
|raw|<ul class="utilichart"><li class="result"><span class="col pokemonnamecol" style="white-space: nowrap">Lopunny<\/span> <span class="col typecol"><img src="https:\/\/dragonheaven.herokuapp.com\/sprites\/types\/Normal.png" alt="Normal" height="14" width="32"><img src="https:\/\/dragonheaven.herokuapp.com\/sprites\/types\/Fighting.png" alt="Fighting" height="14" width="32"><\/span> <span style="float: left ; min-height: 26px"><span class="col abilitycol">Scrappy<\/span><span class="col abilitycol"><\/span><\/span><span style="float: left ; min-height: 26px"><span class="col statcol"><em>HP<\/em><br>65<\/span> <span class="col statcol"><em>Atk<\/em><br>136<\/span> <span class="col statcol"><em>Def<\/em><br>94<\/span> <span class="col statcol"><em>SpA<\/em><br>54<\/span> <span class="col statcol"><em>SpD<\/em><br>96<\/span> <span class="col statcol"><em>Spe<\/em><br>135<\/span> <\/span><\/li><li style="clear: both"><\/li><\/ul>
|detailschange|p1a: Kricketune|Kricketune, L50, M
|-mega|p1a: Kricketune|Kricketune|Kricketite
|-start|p1a: Kricketune|Kricketite|[silent]
|-start|p1a: Kricketune|typechange|Bug\/Fighting|[silent]
|raw|<ul class="utilichart"><li class="result"><span class="col pokemonnamecol" style="white-space: nowrap">Kricketune<\/span> <span class="col typecol"><img src="https:\/\/dragonheaven.herokuapp.com\/sprites\/types\/Bug.png" alt="Bug" height="14" width="32"><img src="https:\/\/dragonheaven.herokuapp.com\/sprites\/types\/Fighting.png" alt="Fighting" height="14" width="32"><\/span> <span style="float: left ; min-height: 26px"><span class="col abilitycol">Dancer<\/span><span class="col abilitycol"><\/span><\/span><span style="float: left ; min-height: 26px"><span class="col statcol"><em>HP<\/em><br>77<\/span> <span class="col statcol"><em>Atk<\/em><br>124<\/span> <span class="col statcol"><em>Def<\/em><br>86<\/span> <span class="col statcol"><em>SpA<\/em><br>15<\/span> <span class="col statcol"><em>SpD<\/em><br>51<\/span> <span class="col statcol"><em>Spe<\/em><br>131<\/span> <\/span><\/li><li style="clear: both"><\/li><\/ul>
|move|p1a: Kricketune|Protect|p1a: Kricketune
|-singleturn|p1a: Kricketune|Protect
|move|p1b: Basculegion|Protect|p1b: Basculegion
|-singleturn|p1b: Basculegion|Protect
|move|p2a: Clove|Fake Out|p1b: Basculegion
|-activate|p1b: Basculegion|move: Protect
|move|p2b: Leek|Leaf Blade|p1b: Basculegion
|-activate|p1b: Basculegion|move: Protect
|
|upkeep
|turn|2
|c|☆inkbug1|oh haha i double protected bc of leaf blade i forgot about scrappy Again
|c|☆H2OPulse|KSdhfg
|
|t:|1657997223
|switch|p1b: Lilligant|Lilligant-Hisui, L50, F|145\/145
|move|p2a: Clove|Return|p1a: Kricketune
|-damage|p1a: Kricketune|81\/183
|move|p2b: Leek|Sleep Powder|p1b: Lilligant
|-immune|p1b: Lilligant
|move|p1a: Kricketune|Brick Break|p2a: Clove
|-supereffective|p2a: Clove
|-damage|p2a: Clove|0 fnt
|faint|p2a: Clove
|
|upkeep
|c|☆H2OPulse|Oh--
|
|t:|1657997229
|switch|p2a: Lycoris|Weavile, L50, M|48\/48
|turn|3
|c|☆inkbug1|oh ! 
|c|☆inkbug1|OH 
|c|☆inkbug1|jhesuys
|
|t:|1657997270
|move|p2a: Lycoris|Fake Out|p1a: Kricketune
|-damage|p1a: Kricketune|51\/183
|move|p1b: Lilligant|Victory Dance||[still]
|-anim|p1b: Lilligant|Quiver Dance|p1b: Lilligant
|-boost|p1b: Lilligant|atk|2
|-boost|p1b: Lilligant|def|1
|-activate|p1a: Kricketune|ability: Dancer
|cant|p1a: Kricketune|flinch
|move|p2b: Leek|Poison Jab|p1b: Lilligant
|-supereffective|p1b: Lilligant
|-damage|p1b: Lilligant|46\/145
|-damage|p2b: Leek|43\/48|[from] item: Life Orb
|cant|p1a: Kricketune|flinch
|
|upkeep
|turn|4
|c|☆inkbug1|D<FGHd 
|c|☆inkbug1|I did not know that flinches cancelled that
|c|☆H2OPulse|PF same huh--
|j|+Clastia
|
|t:|1657997336
|move|p1a: Kricketune|Protect|p1a: Kricketune
|-singleturn|p1a: Kricketune|Protect
|move|p2a: Lycoris|Icy Wind|p1a: Kricketune|[spread] p1b
|-activate|p1a: Kricketune|move: Protect
|-supereffective|p1b: Lilligant
|-damage|p1b: Lilligant|14\/145
|-unboost|p1b: Lilligant|spe|1
|move|p2b: Leek|Poison Jab|p1a: Kricketune
|-activate|p1a: Kricketune|move: Protect
|move|p1b: Lilligant|Victory Dance||[still]
|-anim|p1b: Lilligant|Quiver Dance|p1b: Lilligant
|-boost|p1b: Lilligant|atk|2
|-boost|p1b: Lilligant|def|1
|-activate|p1a: Kricketune|ability: Dancer
|move|p1a: Kricketune|Victory Dance||[from]ability: Dancer|[still]
|-anim|p1a: Kricketune|Quiver Dance|p1a: Kricketune
|-boost|p1a: Kricketune|atk|2
|-boost|p1a: Kricketune|def|1
|
|upkeep
|turn|5
|c|☆inkbug1|oof ouch my speed
|
|t:|1657997383
|move|p1b: Lilligant|Protect|p1b: Lilligant
|-singleturn|p1b: Lilligant|Protect
|move|p2a: Lycoris|Icy Wind|p1b: Lilligant|[spread] p1a
|-activate|p1b: Lilligant|move: Protect
|-damage|p1a: Kricketune|29\/183
|-unboost|p1a: Kricketune|spe|1
|move|p2b: Leek|Poison Jab|p1a: Kricketune
|-damage|p1a: Kricketune|0 fnt
|-damage|p2b: Leek|38\/48|[from] item: Life Orb
|faint|p1a: Kricketune
|
|upkeep
|c|☆inkbug1|my SPEED 
|c|☆inkbug1|fair
|
|t:|1657997406
|switch|p1a: Basculegion|Basculegion, L50, M|195\/195
|turn|6
|
|t:|1657997430
|move|p1a: Basculegion|Wave Crash||[still]
|-anim|p1a: Basculegion|Waterfall|p2a: Lycoris
|-damage|p2a: Lycoris|6\/48
|-damage|p1a: Basculegion|153\/195|[from] Recoil
|move|p2a: Lycoris|Icy Wind|p1b: Lilligant|[spread] p1a,p1b
|-resisted|p1a: Basculegion
|-supereffective|p1b: Lilligant
|-damage|p1a: Basculegion|144\/195
|-damage|p1b: Lilligant|0 fnt
|-unboost|p1a: Basculegion|spe|1
|faint|p1b: Lilligant
|move|p2b: Leek|Leaf Blade|p1a: Basculegion
|-supereffective|p1a: Basculegion
|-damage|p1a: Basculegion|0 fnt
|-damage|p2b: Leek|34\/48|[from] item: Life Orb
|faint|p1a: Basculegion
|
|upkeep
|
|t:|1657997447
|switch|p1a: Avalugg|Avalugg-Hisui, L50, F|201\/201
|turn|7
|
|t:|1657997460
|move|p2a: Lycoris|Knock Off|p1a: Avalugg
|-damage|p1a: Avalugg|147\/201
|-enditem|p1a: Avalugg|Weakness Policy|[from] move: Knock Off|[of] p2a: Lycoris
|move|p2b: Leek|Close Combat|p1a: Avalugg
|-supereffective|p1a: Avalugg
|-damage|p1a: Avalugg|0 fnt
|-unboost|p2b: Leek|def|1
|-unboost|p2b: Leek|spd|1
|-damage|p2b: Leek|29\/48|[from] item: Life Orb
|faint|p1a: Avalugg
|
|win|H2OPulse
|c|☆H2OPulse|Good game!! O:
|c|☆inkbug1|nooooo my lawyer degree
|c|☆inkbug1|gg
|c|☆H2OPulse|Ksjhdfg</script>
</div>
<div class="battle-log battle-log-inline"><div class="inner"><div class="battle-options"><div style="padding-top: 3px; padding-right: 3px; text-align: right"><button class="icon button" name="openBattleOptions" title="Options">Battle Options</button></div></div><div class="inner message-log"><div class="chat"><small>☆inkbug1 and ☆H2OPulse joined</small></div><div class=""><small>Format:</small> <br><strong>[Gen 8] M4A VGC x Hisui Tour</strong></div><div class=""><small><em>Species Clause:</em> Limit one of each Pokémon</small></div><div class=""><small><em>Item Clause:</em> Limit one of each item</small></div><div class=""><small><em>Dynamax Clause:</em> You cannot dynamax</small></div><div class="chat"><img src="https://raw.githubusercontent.com/scoopapa/DH/master/data/mods/m4av6/sprites/m4a_banner.png" height="65" width="381"></div><div class="spacer battle-history"><br></div><div class="battle-history"><small>Welcome to Megas for All!</small><br></div><div class="battle-history"><small>This is a National Dex-based format where we aim to give a new Mega Evolution to every Pokémon.</small><br></div><div class="battle-history"><small>Just like any official format, you can still only Mega Evolve one Pokémon per team!</small><br></div><div class="battle-history"><small>You can find our thread and metagame resources here:</small><br></div><div class="battle-history"><small>https://www.smogon.com/forums/threads/3671140/</small><br></div><div class="chat battle-history"><strong>inkbug1's team:</strong> <em style="color:#445566;display:block;">Ninetales-Alola / Basculegion / Lilligant-Hisui / Wyrdeer / Avalugg-Hisui / Kricketune</em></div><div class="chat battle-history"><strong>H2OPulse's team:</strong> <em style="color:#445566;display:block;">Weavile / Lopunny / Ninetales / Lilligant-Hisui / Typhlosion-Hisui / Mismagius</em></div><div class="chat"><small>+time to chill joined</small></div><div class="chat chatmessage-h2opulse"><strong style="color:#6e8c2b"><small>☆</small><span class="username" data-name="H2OPulse">H2OPulse</span>:</strong> <em>KRIKCETUNE</em></div><div class="chat chatmessage-inkbug1 mine"><strong style="color:#e46e0f"><small>☆</small><span class="username" data-name="inkbug1">inkbug1</span>:</strong> <em>type balance is for chumps </em></div><div class="chat chatmessage-h2opulse"><strong style="color:#6e8c2b"><small>☆</small><span class="username" data-name="H2OPulse">H2OPulse</span>:</strong> <em>KRICKETUNE</em></div><div class="chat chatmessage-h2opulse"><strong style="color:#6e8c2b"><small>☆</small><span class="username" data-name="H2OPulse">H2OPulse</span>:</strong> <em>YESSS</em></div><div class="chat chatmessage-h2opulse"><strong style="color:#6e8c2b"><small>☆</small><span class="username" data-name="H2OPulse">H2OPulse</span>:</strong> <em>ahem</em></div><div class="chat chatmessage-inkbug1 mine"><strong style="color:#e46e0f"><small>☆</small><span class="username" data-name="inkbug1">inkbug1</span>:</strong> <em>sorry i jsut really wanted to see-- </em></div><div class="spacer battle-history"><br></div><div class="battle-history">Battle started between inkbug1 and H2OPulse!<br></div><div class="spacer battle-history"><br></div><div class="battle-history">Go! <strong>Kricketune</strong>!<br></div><div class="spacer battle-history"><br></div><div class="battle-history">Go! <strong>Basculegion</strong>!<br></div><div class="spacer battle-history"><br></div><div class="battle-history">H2OPulse sent out Clove (<strong>Lopunny</strong>)!<br></div><div class="spacer battle-history"><br></div><div class="battle-history">H2OPulse sent out Leek (<strong>Lilligant-Hisui</strong>)!<br></div><div class="spacer battle-history"><br></div><h2 class="battle-history">Turn 1</h2><div class="chat chatmessage-inkbug1 mine"><strong style="color:#e46e0f"><small>☆</small><span class="username" data-name="inkbug1">inkbug1</span>:</strong> <em>hmm</em></div><div class="spacer battle-history"><br></div><div class="battle-history"><small>The opposing Clove's Lopunnite is reacting to the Key Stone!</small><br>The opposing Clove has Mega Evolved into Mega Lopunny!<br></div><div class="chat"><ul class="utilichart"><li class="result"><span class="col pokemonnamecol" style="white-space: nowrap">Lopunny</span> <span class="col typecol"><img src="https://dragonheaven.herokuapp.com/sprites/types/Normal.png" alt="Normal" height="14" width="32"><img src="https://dragonheaven.herokuapp.com/sprites/types/Fighting.png" alt="Fighting" height="14" width="32"></span> <span style="float: left ; min-height: 26px"><span class="col abilitycol">Scrappy</span><span class="col abilitycol"></span></span><span style="float: left ; min-height: 26px"><span class="col statcol"><em>HP</em><br>65</span> <span class="col statcol"><em>Atk</em><br>136</span> <span class="col statcol"><em>Def</em><br>94</span> <span class="col statcol"><em>SpA</em><br>54</span> <span class="col statcol"><em>SpD</em><br>96</span> <span class="col statcol"><em>Spe</em><br>135</span> </span></li><li style="clear: both"></li></ul></div><div class="spacer battle-history"><br></div><div class="battle-history"><small>Kricketune's Kricketite is reacting to the Key Stone!</small><br>Kricketune has Mega Evolved into Mega Kricketune!<br></div><div class="chat"><ul class="utilichart"><li class="result"><span class="col pokemonnamecol" style="white-space: nowrap">Kricketune</span> <span class="col typecol"><img src="https://dragonheaven.herokuapp.com/sprites/types/Bug.png" alt="Bug" height="14" width="32"><img src="https://dragonheaven.herokuapp.com/sprites/types/Fighting.png" alt="Fighting" height="14" width="32"></span> <span style="float: left ; min-height: 26px"><span class="col abilitycol">Dancer</span><span class="col abilitycol"></span></span><span style="float: left ; min-height: 26px"><span class="col statcol"><em>HP</em><br>77</span> <span class="col statcol"><em>Atk</em><br>124</span> <span class="col statcol"><em>Def</em><br>86</span> <span class="col statcol"><em>SpA</em><br>15</span> <span class="col statcol"><em>SpD</em><br>51</span> <span class="col statcol"><em>Spe</em><br>131</span> </span></li><li style="clear: both"></li></ul></div><div class="spacer battle-history"><br></div><div class="battle-history">Kricketune used <strong>Protect</strong>!<br></div><div class="battle-history"><small>Kricketune protected itself!</small><br></div><div class="spacer battle-history"><br></div><div class="battle-history">Basculegion used <strong>Protect</strong>!<br></div><div class="battle-history"><small>Basculegion protected itself!</small><br></div><div class="spacer battle-history"><br></div><div class="battle-history">The opposing Clove used <strong>Fake Out</strong>!<br></div><div class="battle-history"><small>Basculegion protected itself!</small><br></div><div class="spacer battle-history"><br></div><div class="battle-history">The opposing Leek used <strong>Leaf Blade</strong>!<br></div><div class="battle-history"><small>Basculegion protected itself!</small><br></div><div class="spacer battle-history"><br></div><h2 class="battle-history">Turn 2</h2><div class="chat chatmessage-inkbug1 mine"><strong style="color:#e46e0f"><small>☆</small><span class="username" data-name="inkbug1">inkbug1</span>:</strong> <em>oh haha i double protected bc of leaf blade i forgot about scrappy Again</em></div><div class="chat chatmessage-h2opulse"><strong style="color:#6e8c2b"><small>☆</small><span class="username" data-name="H2OPulse">H2OPulse</span>:</strong> <em>KSdhfg</em></div><div class="spacer battle-history"><br></div><div class="battle-history">Basculegion, come back!<br></div><div class="battle-history">Go! Lilligant (<strong>Lilligant-Hisui</strong>)!<br></div><div class="spacer battle-history"><br></div><div class="battle-history">The opposing Clove used <strong>Return</strong>!<br></div><div class="battle-history"><small>(Kricketune lost <abbr title="−102/183">55.7%</abbr> of its health!)</small><br></div><div class="spacer battle-history"><br></div><div class="battle-history">The opposing Leek used <strong>Sleep Powder</strong>!<br></div><div class="battle-history"><small>It doesn't affect Lilligant...</small><br></div><div class="spacer battle-history"><br></div><div class="battle-history">Kricketune used <strong>Brick Break</strong>!<br></div><div class="battle-history"><small>It's super effective!</small><br></div><div class="battle-history"><small>(The opposing Clove lost <abbr title="−48/48 pixels">100%</abbr> of its health!)</small><br></div><div class="spacer battle-history"><br></div><div class="battle-history">The opposing Clove fainted!<br></div><div class="chat chatmessage-h2opulse"><strong style="color:#6e8c2b"><small>☆</small><span class="username" data-name="H2OPulse">H2OPulse</span>:</strong> <em>Oh--</em></div><div class="spacer battle-history"><br></div><div class="battle-history">H2OPulse sent out Lycoris (<strong>Weavile</strong>)!<br></div><div class="spacer battle-history"><br></div><h2 class="battle-history">Turn 3</h2><div class="chat chatmessage-inkbug1 mine"><strong style="color:#e46e0f"><small>☆</small><span class="username" data-name="inkbug1">inkbug1</span>:</strong> <em>oh ! </em></div><div class="chat chatmessage-inkbug1 mine"><strong style="color:#e46e0f"><small>☆</small><span class="username" data-name="inkbug1">inkbug1</span>:</strong> <em>OH </em></div><div class="chat chatmessage-inkbug1 mine"><strong style="color:#e46e0f"><small>☆</small><span class="username" data-name="inkbug1">inkbug1</span>:</strong> <em>jhesuys</em></div><div class="spacer battle-history"><br></div><div class="battle-history">The opposing Lycoris used <strong>Fake Out</strong>!<br></div><div class="battle-history"><small>(Kricketune lost <abbr title="−30/183">16.4%</abbr> of its health!)</small><br></div><div class="spacer battle-history"><br></div><div class="battle-history">Lilligant used <strong>Victory Dance</strong>!<br></div><div class="battle-history"><small>Lilligant's Attack rose sharply!</small><br></div><div class="battle-history"><small>Lilligant's Defense rose!</small><br></div><div class="battle-history">[Kricketune's Dancer]<br></div><div class="spacer battle-history"><br></div><div class="battle-history">Kricketune flinched and couldn't move!<br></div><div class="spacer battle-history"><br></div><div class="battle-history">The opposing Leek used <strong>Poison Jab</strong>!<br></div><div class="battle-history"><small>It's super effective!</small><br></div><div class="battle-history"><small>(Lilligant lost <abbr title="−99/145">68.3%</abbr> of its health!)</small><br></div><div class="battle-history"><small>The opposing Leek lost some of its HP!</small><br></div><div class="spacer battle-history"><br></div><div class="battle-history">Kricketune flinched and couldn't move!<br></div><div class="spacer battle-history"><br></div><h2 class="battle-history">Turn 4</h2><div class="chat chatmessage-inkbug1 mine"><strong style="color:#e46e0f"><small>☆</small><span class="username" data-name="inkbug1">inkbug1</span>:</strong> <em>D&lt;FGHd </em></div><div class="chat chatmessage-inkbug1 mine"><strong style="color:#e46e0f"><small>☆</small><span class="username" data-name="inkbug1">inkbug1</span>:</strong> <em>I did not know that flinches cancelled that</em></div><div class="chat chatmessage-h2opulse"><strong style="color:#6e8c2b"><small>☆</small><span class="username" data-name="H2OPulse">H2OPulse</span>:</strong> <em>PF same huh--</em></div><div class="chat"><small>+Clastia joined</small></div><div class="spacer battle-history"><br></div><div class="battle-history">Kricketune used <strong>Protect</strong>!<br></div><div class="battle-history"><small>Kricketune protected itself!</small><br></div><div class="spacer battle-history"><br></div><div class="battle-history">The opposing Lycoris used <strong>Icy Wind</strong>!<br></div><div class="battle-history"><small>Kricketune protected itself!</small><br></div><div class="battle-history"><small>It's super effective on Lilligant!</small><br></div><div class="battle-history"><small>(Lilligant lost <abbr title="−32/145">22.1%</abbr> of its health!)</small><br></div><div class="battle-history"><small>Lilligant's Speed fell!</small><br></div><div class="spacer battle-history"><br></div><div class="battle-history">The opposing Leek used <strong>Poison Jab</strong>!<br></div><div class="battle-history"><small>Kricketune protected itself!</small><br></div><div class="spacer battle-history"><br></div><div class="battle-history">Lilligant used <strong>Victory Dance</strong>!<br></div><div class="battle-history"><small>Lilligant's Attack rose sharply!</small><br></div><div class="battle-history"><small>Lilligant's Defense rose!</small><br></div><div class="battle-history">[Kricketune's Dancer]<br></div><div class="spacer battle-history"><br></div><div class="battle-history">[Kricketune's Dancer]<br>Kricketune used <strong>Victory Dance</strong>!<br></div><div class="battle-history"><small>Kricketune's Attack rose sharply!</small><br></div><div class="battle-history"><small>Kricketune's Defense rose!</small><br></div><div class="spacer battle-history"><br></div><h2 class="battle-history">Turn 5</h2><div class="chat chatmessage-inkbug1 mine"><strong style="color:#e46e0f"><small>☆</small><span class="username" data-name="inkbug1">inkbug1</span>:</strong> <em>oof ouch my speed</em></div><div class="spacer battle-history"><br></div><div class="battle-history">Lilligant used <strong>Protect</strong>!<br></div><div class="battle-history"><small>Lilligant protected itself!</small><br></div><div class="spacer battle-history"><br></div><div class="battle-history">The opposing Lycoris used <strong>Icy Wind</strong>!<br></div><div class="battle-history"><small>Lilligant protected itself!</small><br></div><div class="battle-history"><small>(Kricketune lost <abbr title="−22/183">12.0%</abbr> of its health!)</small><br></div><div class="battle-history"><small>Kricketune's Speed fell!</small><br></div><div class="spacer battle-history"><br></div><div class="battle-history">The opposing Leek used <strong>Poison Jab</strong>!<br></div><div class="battle-history"><small>(Kricketune lost <abbr title="−29/183">15.8%</abbr> of its health!)</small><br></div><div class="battle-history"><small>The opposing Leek lost some of its HP!</small><br></div><div class="spacer battle-history"><br></div><div class="battle-history">Kricketune fainted!<br></div><div class="chat chatmessage-inkbug1 mine"><strong style="color:#e46e0f"><small>☆</small><span class="username" data-name="inkbug1">inkbug1</span>:</strong> <em>my SPEED </em></div><div class="chat chatmessage-inkbug1 mine"><strong style="color:#e46e0f"><small>☆</small><span class="username" data-name="inkbug1">inkbug1</span>:</strong> <em>fair</em></div><div class="spacer battle-history"><br></div><div class="battle-history">Go! <strong>Basculegion</strong>!<br></div><div class="spacer battle-history"><br></div><h2 class="battle-history">Turn 6</h2><div class="spacer battle-history"><br></div><div class="battle-history">Basculegion used <strong>Wave Crash</strong>!<br></div><div class="battle-history"><small>(The opposing Lycoris lost <abbr title="−42/48 pixels">85.5–87.5%</abbr> of its health!)</small><br></div><div class="battle-history"><small>Basculegion was damaged by the recoil!</small><br></div><div class="spacer battle-history"><br></div><div class="battle-history">The opposing Lycoris used <strong>Icy Wind</strong>!<br></div><div class="battle-history"><small>It's not very effective on Basculegion.</small><br></div><div class="battle-history"><small>It's super effective on Lilligant!</small><br></div><div class="battle-history"><small>(Basculegion lost <abbr title="−9/195">4.6%</abbr> of its health!)</small><br></div><div class="battle-history"><small>(Lilligant lost <abbr title="−14/145">9.7%</abbr> of its health!)</small><br></div><div class="battle-history"><small>Basculegion's Speed fell!</small><br></div><div class="spacer battle-history"><br></div><div class="battle-history">Lilligant fainted!<br></div><div class="battle-history">The opposing Leek used <strong>Leaf Blade</strong>!<br></div><div class="battle-history"><small>It's super effective!</small><br></div><div class="battle-history"><small>(Basculegion lost <abbr title="−144/195">73.8%</abbr> of its health!)</small><br></div><div class="battle-history"><small>The opposing Leek lost some of its HP!</small><br></div><div class="spacer battle-history"><br></div><div class="battle-history">Basculegion fainted!<br></div><div class="spacer battle-history"><br></div><div class="battle-history">Go! Avalugg (<strong>Avalugg-Hisui</strong>)!<br></div><div class="spacer battle-history"><br></div><h2 class="battle-history">Turn 7</h2><div class="spacer battle-history"><br></div><div class="battle-history">The opposing Lycoris used <strong>Knock Off</strong>!<br></div><div class="battle-history"><small>(Avalugg lost <abbr title="−54/201">26.9%</abbr> of its health!)</small><br></div><div class="battle-history"><small>The opposing Lycoris knocked off Avalugg's Weakness Policy!</small><br></div><div class="spacer battle-history"><br></div><div class="battle-history">The opposing Leek used <strong>Close Combat</strong>!<br></div><div class="battle-history"><small>It's super effective!</small><br></div><div class="battle-history"><small>(Avalugg lost <abbr title="−147/201">73.1%</abbr> of its health!)</small><br></div><div class="battle-history"><small>The opposing Leek's Defense fell!</small><br></div><div class="battle-history"><small>The opposing Leek's Sp. Def fell!</small><br></div><div class="battle-history"><small>The opposing Leek lost some of its HP!</small><br></div><div class="spacer battle-history"><br></div><div class="battle-history">Avalugg fainted!<br></div><div class="spacer battle-history"><br></div><div class="battle-history"><strong>H2OPulse</strong> won the battle!<br></div><div class="chat chatmessage-h2opulse"><strong style="color:#6e8c2b"><small>☆</small><span class="username" data-name="H2OPulse">H2OPulse</span>:</strong> <em>Good game!! O:</em></div><div class="chat chatmessage-inkbug1 mine"><strong style="color:#e46e0f"><small>☆</small><span class="username" data-name="inkbug1">inkbug1</span>:</strong> <em>nooooo my lawyer degree</em></div><div class="chat chatmessage-inkbug1 mine"><strong style="color:#e46e0f"><small>☆</small><span class="username" data-name="inkbug1">inkbug1</span>:</strong> <em>gg</em></div><div class="chat chatmessage-h2opulse"><strong style="color:#6e8c2b"><small>☆</small><span class="username" data-name="H2OPulse">H2OPulse</span>:</strong> <em>Ksjhdfg</em></div></div><div class="inner-preempt message-log"></div></div></div>
</div>
<script>
let daily = Math.floor(Date.now()/1000/60/60/24);document.write('<script src="https://dragonheaven.herokuapp.com/js/replay-embed.js?version'+daily+'"></'+'script>');
</script>
